{
    "2023-03-31": {
        "Tax Effect Of Unusual Items": NaN,
        "Tax Rate For Calcs": NaN,
        "Normalized EBITDA": NaN,
        "Total Unusual Items": NaN,
        "Total Unusual Items Excluding Goodwill": NaN,
        "Net Income From Continuing Operation Net Minority Interest": NaN,
        "Reconciled Depreciation": NaN,
        "Reconciled Cost Of Revenue": NaN,
        "EBITDA": NaN,
        "EBIT": NaN,
        "Net Interest Income": NaN,
        "Interest Expense": NaN,
        "Normalized Income": NaN,
        "Net Income From Continuing And Discontinued Operation": NaN,
        "Total Expenses": NaN,
        "Total Operating Income As Reported": NaN,
        "Diluted Average Shares": NaN,
        "Basic Average Shares": NaN,
        "Diluted EPS": NaN,
        "Basic EPS": NaN,
        "Diluted NI Availto Com Stockholders": NaN,
        "Net Income Common Stockholders": NaN,
        "Preferred Stock Dividends": NaN,
        "Net Income": NaN,
        "Minority Interests": NaN,
        "Net Income Including Noncontrolling Interests": NaN,
        "Net Income Continuous Operations": NaN,
        "Tax Provision": NaN,
        "Pretax Income": NaN,
        "Other Income Expense": -325198.0,
        "Special Income Charges": NaN,
        "Other Special Charges": 325198.0,
        "Impairment Of Capital Assets": NaN,
        "Restructuring And Mergern Acquisition": NaN,
        "Net Non Operating Interest Income Expense": NaN,
        "Interest Expense Non Operating": NaN,
        "Operating Income": NaN,
        "Operating Expense": NaN,
        "Other Operating Expenses": NaN,
        "Research And Development": NaN,
        "Selling General And Administration": NaN,
        "Selling And Marketing Expense": NaN,
        "General And Administrative Expense": NaN,
        "Other Gand A": NaN,
        "Gross Profit": NaN,
        "Cost Of Revenue": NaN,
        "Total Revenue": NaN,
        "Operating Revenue": NaN
    },
    "2022-12-31": {
        "Tax Effect Of Unusual Items": NaN,
        "Tax Rate For Calcs": NaN,
        "Normalized EBITDA": NaN,
        "Total Unusual Items": NaN,
        "Total Unusual Items Excluding Goodwill": NaN,
        "Net Income From Continuing Operation Net Minority Interest": NaN,
        "Reconciled Depreciation": NaN,
        "Reconciled Cost Of Revenue": NaN,
        "EBITDA": NaN,
        "EBIT": NaN,
        "Net Interest Income": NaN,
        "Interest Expense": NaN,
        "Normalized Income": NaN,
        "Net Income From Continuing And Discontinued Operation": NaN,
        "Total Expenses": NaN,
        "Total Operating Income As Reported": NaN,
        "Diluted Average Shares": NaN,
        "Basic Average Shares": NaN,
        "Diluted EPS": NaN,
        "Basic EPS": NaN,
        "Diluted NI Availto Com Stockholders": NaN,
        "Net Income Common Stockholders": NaN,
        "Preferred Stock Dividends": NaN,
        "Net Income": NaN,
        "Minority Interests": NaN,
        "Net Income Including Noncontrolling Interests": NaN,
        "Net Income Continuous Operations": NaN,
        "Pretax Income": NaN,
        "Other Income Expense": -3513596.0,
        "Special Income Charges": NaN,
        "Other Special Charges": 0.0,
        "Impairment Of Capital Assets": 6127596.0,
        "Restructuring And Mergern Acquisition": -2614000.0,
        "Net Non Operating Interest Income Expense": NaN,
        "Interest Expense Non Operating": NaN,
        "Operating Income": NaN,
        "Operating Expense": NaN,
        "Other Operating Expenses": NaN,
        "Research And Development": NaN,
        "Selling General And Administration": NaN,
        "Selling And Marketing Expense": NaN,
        "General And Administrative Expense": NaN,
        "Other Gand A": NaN,
        "Gross Profit": NaN,
        "Cost Of Revenue": NaN,
        "Total Revenue": NaN,
        "Operating Revenue": NaN
    },
    "2022-09-30": {
        "Tax Effect Of Unusual Items": NaN,
        "Tax Rate For Calcs": NaN,
        "Normalized EBITDA": NaN,
        "Total Unusual Items": NaN,
        "Total Unusual Items Excluding Goodwill": NaN,
        "Net Income From Continuing Operation Net Minority Interest": NaN,
        "Reconciled Depreciation": NaN,
        "Reconciled Cost Of Revenue": NaN,
        "EBITDA": NaN,
        "EBIT": NaN,
        "Net Interest Income": NaN,
        "Interest Expense": 132235.0,
        "Normalized Income": NaN,
        "Net Income From Continuing And Discontinued Operation": NaN,
        "Total Expenses": NaN,
        "Total Operating Income As Reported": NaN,
        "Diluted Average Shares": 30935643.0,
        "Basic Average Shares": 30935643.0,
        "Diluted EPS": -0.26,
        "Basic EPS": -0.26,
        "Diluted NI Availto Com Stockholders": NaN,
        "Net Income Common Stockholders": NaN,
        "Preferred Stock Dividends": NaN,
        "Net Income": NaN,
        "Minority Interests": NaN,
        "Net Income Including Noncontrolling Interests": NaN,
        "Net Income Continuous Operations": NaN,
        "Pretax Income": NaN,
        "Other Income Expense": -248000.0,
        "Special Income Charges": NaN,
        "Other Special Charges": NaN,
        "Impairment Of Capital Assets": 0.0,
        "Restructuring And Mergern Acquisition": 248000.0,
        "Net Non Operating Interest Income Expense": NaN,
        "Interest Expense Non Operating": 132235.0,
        "Operating Income": NaN,
        "Operating Expense": NaN,
        "Other Operating Expenses": NaN,
        "Research And Development": NaN,
        "Selling General And Administration": NaN,
        "Selling And Marketing Expense": NaN,
        "General And Administrative Expense": NaN,
        "Other Gand A": NaN,
        "Gross Profit": NaN,
        "Cost Of Revenue": NaN,
        "Total Revenue": NaN,
        "Operating Revenue": NaN
    },
    "2022-06-30": {
        "Tax Effect Of Unusual Items": 0.0,
        "Tax Rate For Calcs": 0.0,
        "Normalized EBITDA": -12044248.0,
        "Total Unusual Items": 63400.0,
        "Total Unusual Items Excluding Goodwill": 63400.0,
        "Net Income From Continuing Operation Net Minority Interest": -13018962.0,
        "Reconciled Depreciation": 859877.0,
        "Reconciled Cost Of Revenue": 4635311.0,
        "EBITDA": -11980848.0,
        "EBIT": -12840725.0,
        "Net Interest Income": -132236.0,
        "Interest Expense": 132236.0,
        "Normalized Income": -13082362.0,
        "Net Income From Continuing And Discontinued Operation": -13018962.0,
        "Total Expenses": 43362623.0,
        "Total Operating Income As Reported": -15639125.0,
        "Diluted Average Shares": 30804465.0,
        "Basic Average Shares": 30804465.0,
        "Diluted EPS": -0.45,
        "Basic EPS": -0.45,
        "Diluted NI Availto Com Stockholders": -13795524.0,
        "Net Income Common Stockholders": -13795524.0,
        "Preferred Stock Dividends": 776562.0,
        "Net Income": -13018962.0,
        "Minority Interests": -46001.0,
        "Net Income Including Noncontrolling Interests": -12972961.0,
        "Net Income Continuous Operations": -12972961.0,
        "Pretax Income": -12972961.0,
        "Other Income Expense": 63400.0,
        "Special Income Charges": 63400.0,
        "Other Special Charges": -63400.0,
        "Impairment Of Capital Assets": 2735000.0,
        "Restructuring And Mergern Acquisition": -2735000.0,
        "Net Non Operating Interest Income Expense": -132236.0,
        "Interest Expense Non Operating": 132236.0,
        "Operating Income": -12904125.0,
        "Operating Expense": 38727312.0,
        "Other Operating Expenses": 2957607.0,
        "Research And Development": 701070.0,
        "Selling General And Administration": 35068635.0,
        "Selling And Marketing Expense": 21817966.0,
        "General And Administrative Expense": 13250669.0,
        "Other Gand A": 13250669.0,
        "Gross Profit": 25823187.0,
        "Cost Of Revenue": 4635311.0,
        "Total Revenue": 30458498.0,
        "Operating Revenue": 30458498.0
    },
    "2022-03-31": {
        "Diluted EPS": -0.46,
        "Total Revenue": 29,
        "Gross Profit": 24,
        "Operating Income": -13,
        "EBIT": -13,
        "Net Income": -14
    },
    "2021-12-31": {
        "Diluted EPS": -0.64,
        "Total Revenue": 27,
        "Gross Profit": 22,
        "Operating Income": -14,
        "EBIT": -13,
        "Net Income": -19
    },
    "2021-09-30": {
        "Diluted EPS": -0.54,
        "Total Revenue": 25,
        "Gross Profit": 20,
        "Operating Income": -13,
        "EBIT": -11,
        "Net Income": -14
    },
    "2021-06-30": {
        "Diluted EPS": -0.64,
        "Total Revenue": 22,
        "Gross Profit": 18,
        "Operating Income": -16,
        "EBIT": -15,
        "Net Income": -17
    },
    "2021-03-31": {
        "Diluted EPS": -0.47,
        "Total Revenue": 18,
        "Gross Profit": 15,
        "Operating Income": -12,
        "EBIT": -12,
        "Net Income": -12
    },
    "2020-12-31": {
        "Diluted EPS": -2.29,
        "Total Revenue": 13,
        "Gross Profit": 9,
        "Operating Income": -32,
        "EBIT": -32,
        "Net Income": -33
    },
    "2020-09-30": {
        "Diluted EPS": -1.65,
        "Total Revenue": 11,
        "Gross Profit": 9,
        "Operating Income": -21,
        "EBIT": -20,
        "Net Income": -24
    },
    "2020-06-30": {
        "Diluted EPS": -0.27,
        "Total Revenue": 9,
        "Gross Profit": 7,
        "Operating Income": -3,
        "EBIT": -3,
        "Net Income": -3
    },
    "2020-03-31": {
        "Diluted EPS": -0.23,
        "Total Revenue": 4,
        "Gross Profit": 3,
        "Operating Income": -2,
        "EBIT": -1,
        "Net Income": -2
    },
    "2019-12-31": {
        "Diluted EPS": -0.03,
        "Total Revenue": 4,
        "Gross Profit": 3,
        "Operating Income": -1,
        "EBIT": 0,
        "Net Income": -1
    },
    "2019-09-30": {
        "Diluted EPS": -0.09,
        "Total Revenue": 3,
        "Gross Profit": 2,
        "Operating Income": -1,
        "EBIT": -1,
        "Net Income": -1
    },
    "2019-06-30": {
        "Diluted EPS": -0.1,
        "Total Revenue": 3,
        "Gross Profit": 2,
        "Operating Income": -1,
        "EBIT": -1,
        "Net Income": -1
    },
    "2019-03-31": {
        "Diluted EPS": -0.1,
        "Total Revenue": 3,
        "Gross Profit": 2,
        "Operating Income": -1,
        "EBIT": 0,
        "Net Income": -1
    },
    "2018-12-31": {
        "Diluted EPS": 0.0,
        "Total Revenue": 3,
        "Gross Profit": 2,
        "Operating Income": 0,
        "EBIT": 0,
        "Net Income": 0
    },
    "2018-09-30": {
        "Diluted EPS": -0.1,
        "Total Revenue": 2,
        "Gross Profit": 2,
        "Operating Income": -1,
        "EBIT": -1,
        "Net Income": -1
    },
    "2018-06-30": {
        "Diluted EPS": -0.1,
        "Total Revenue": 2,
        "Gross Profit": 2,
        "Operating Income": -1,
        "EBIT": -1,
        "Net Income": -1
    },
    "2018-03-31": {
        "Diluted EPS": 0.05,
        "Total Revenue": 2,
        "Gross Profit": 1,
        "Operating Income": 0,
        "EBIT": 0,
        "Net Income": 1
    },
    "2017-12-31": {
        "Diluted EPS": -0.05,
        "Total Revenue": 1,
        "Gross Profit": 1,
        "Operating Income": 0,
        "EBIT": 0,
        "Net Income": 0
    },
    "2017-09-30": {
        "Diluted EPS": -0.05,
        "Total Revenue": 2,
        "Gross Profit": 2,
        "Operating Income": 0,
        "EBIT": 0,
        "Net Income": -1
    },
    "2017-06-30": {
        "Diluted EPS": 0.1,
        "Total Revenue": 1,
        "Gross Profit": 0,
        "Operating Income": 0,
        "EBIT": 0,
        "Net Income": 1
    },
    "2017-03-31": {
        "Diluted EPS": -0.15,
        "Total Revenue": 0,
        "Gross Profit": 0,
        "Operating Income": 0,
        "EBIT": 0,
        "Net Income": -1
    },
    "2016-12-31": {
        "Diluted EPS": -0.05,
        "Total Revenue": 1,
        "Gross Profit": 1,
        "Operating Income": -1,
        "EBIT": -1,
        "Net Income": -1
    },
    "2016-09-30": {
        "Diluted EPS": -0.05,
        "Total Revenue": 1,
        "Gross Profit": 1,
        "Operating Income": 0,
        "EBIT": 0,
        "Net Income": 0
    },
    "2016-06-30": {
        "Diluted EPS": -0.05,
        "Total Revenue": 1,
        "Gross Profit": 1,
        "Operating Income": 0,
        "EBIT": 0,
        "Net Income": 0
    },
    "2016-03-31": {
        "Diluted EPS": 0.0,
        "Total Revenue": 2,
        "Gross Profit": 0,
        "Operating Income": 0,
        "EBIT": 0,
        "Net Income": 0
    },
    "2015-12-31": {
        "Diluted EPS": 0.0,
        "Total Revenue": 0,
        "Gross Profit": 0,
        "Operating Income": 0,
        "EBIT": 0,
        "Net Income": 0
    },
    "2015-09-30": {
        "Diluted EPS": 0.0,
        "Total Revenue": 0,
        "Gross Profit": 0,
        "Operating Income": 0,
        "EBIT": 0,
        "Net Income": 0
    },
    "2015-06-30": {
        "Diluted EPS": 0.0,
        "Total Revenue": 0,
        "Gross Profit": 0,
        "Operating Income": 0,
        "EBIT": 0,
        "Net Income": 0
    },
    "2015-03-31": {
        "Diluted EPS": 0.0,
        "Total Revenue": 0,
        "Gross Profit": 0,
        "Operating Income": 0,
        "EBIT": 0,
        "Net Income": 0
    },
    "2014-12-31": {
        "Diluted EPS": 0.0,
        "Total Revenue": 0,
        "Gross Profit": 0,
        "Operating Income": 0,
        "EBIT": 0,
        "Net Income": 0
    },
    "2014-09-30": {
        "Diluted EPS": 0.0,
        "Total Revenue": 0,
        "Gross Profit": 0,
        "Operating Income": 0,
        "EBIT": 0,
        "Net Income": 0
    },
    "2014-06-30": {
        "Diluted EPS": 0.0,
        "Total Revenue": 0,
        "Gross Profit": 0,
        "Operating Income": 0,
        "EBIT": 0,
        "Net Income": 0
    },
    "2014-03-31": {
        "Diluted EPS": 0.0,
        "Total Revenue": 0,
        "Gross Profit": 0,
        "Operating Income": 0,
        "EBIT": 0,
        "Net Income": 0
    },
    "2013-12-31": {
        "Diluted EPS": 0.0,
        "Total Revenue": 0,
        "Gross Profit": 0,
        "Operating Income": 0,
        "EBIT": 0,
        "Net Income": 0
    },
    "2013-09-30": {
        "Diluted EPS": 0.0,
        "Total Revenue": 0,
        "Gross Profit": 0,
        "Operating Income": 0,
        "EBIT": 0,
        "Net Income": 0
    },
    "2013-06-30": {
        "Diluted EPS": 0.0,
        "Total Revenue": 0,
        "Gross Profit": 0,
        "Operating Income": 0,
        "EBIT": 0,
        "Net Income": 0
    },
    "2013-03-31": {
        "Diluted EPS": 0.0,
        "Total Revenue": 0,
        "Gross Profit": 0,
        "Operating Income": 0,
        "EBIT": 0,
        "Net Income": 0
    },
    "2012-12-31": {
        "Diluted EPS": 0.0,
        "Total Revenue": 0,
        "Gross Profit": 0,
        "Operating Income": 0,
        "EBIT": 0,
        "Net Income": 0
    },
    "2012-09-30": {
        "Diluted EPS": -0.05,
        "Total Revenue": 0,
        "Gross Profit": 0,
        "Operating Income": 0,
        "EBIT": 0,
        "Net Income": 0
    },
    "2012-06-30": {
        "Diluted EPS": -0.05,
        "Total Revenue": 0,
        "Gross Profit": 0,
        "Operating Income": 0,
        "EBIT": 0,
        "Net Income": 0
    },
    "2012-03-31": {
        "Diluted EPS": 0.0,
        "Total Revenue": 0,
        "Gross Profit": 0,
        "Operating Income": 0,
        "EBIT": 0,
        "Net Income": 0
    },
    "2011-12-31": {
        "Diluted EPS": 0.0,
        "Total Revenue": NaN,
        "Gross Profit": NaN,
        "Operating Income": NaN,
        "EBIT": NaN,
        "Net Income": NaN
    },
    "2010-12-31": {
        "Diluted EPS": 0.0,
        "Total Revenue": NaN,
        "Gross Profit": NaN,
        "Operating Income": NaN,
        "EBIT": NaN,
        "Net Income": NaN
    },
    "2023-06-30": {
        "Tax Effect Of Unusual Items": NaN,
        "Tax Rate For Calcs": NaN,
        "Normalized EBITDA": NaN,
        "Total Unusual Items": NaN,
        "Total Unusual Items Excluding Goodwill": NaN,
        "Net Income From Continuing Operation Net Minority Interest": NaN,
        "Reconciled Depreciation": NaN,
        "Reconciled Cost Of Revenue": NaN,
        "EBITDA": NaN,
        "EBIT": NaN,
        "Net Interest Income": NaN,
        "Interest Expense": 995670.0,
        "Normalized Income": NaN,
        "Net Income From Continuing And Discontinued Operation": NaN,
        "Total Expenses": NaN,
        "Total Operating Income As Reported": NaN,
        "Diluted Average Shares": 32560035.0,
        "Basic Average Shares": 32560035.0,
        "Diluted EPS": -0.23,
        "Basic EPS": -0.23,
        "Diluted NI Availto Com Stockholders": NaN,
        "Net Income Common Stockholders": NaN,
        "Preferred Stock Dividends": NaN,
        "Net Income": NaN,
        "Minority Interests": NaN,
        "Net Income Including Noncontrolling Interests": NaN,
        "Net Income Continuous Operations": NaN,
        "Tax Provision": NaN,
        "Pretax Income": NaN,
        "Other Income Expense": NaN,
        "Special Income Charges": NaN,
        "Other Special Charges": NaN,
        "Impairment Of Capital Assets": 0.0,
        "Restructuring And Mergern Acquisition": 0.0,
        "Net Non Operating Interest Income Expense": NaN,
        "Interest Expense Non Operating": 995670.0,
        "Operating Income": NaN,
        "Operating Expense": NaN,
        "Other Operating Expenses": NaN,
        "Research And Development": NaN,
        "Selling General And Administration": NaN,
        "Selling And Marketing Expense": NaN,
        "General And Administrative Expense": NaN,
        "Other Gand A": NaN,
        "Gross Profit": NaN,
        "Cost Of Revenue": NaN,
        "Total Revenue": NaN,
        "Operating Revenue": NaN
    },
    "2023-09-30": {
        "Tax Effect Of Unusual Items": NaN,
        "Tax Rate For Calcs": NaN,
        "Normalized EBITDA": NaN,
        "Total Unusual Items": NaN,
        "Total Unusual Items Excluding Goodwill": NaN,
        "Net Income From Continuing Operation Net Minority Interest": NaN,
        "Reconciled Depreciation": NaN,
        "Reconciled Cost Of Revenue": NaN,
        "EBITDA": NaN,
        "EBIT": NaN,
        "Net Interest Income": NaN,
        "Interest Expense": 713766.0,
        "Normalized Income": NaN,
        "Net Income From Continuing And Discontinued Operation": NaN,
        "Total Expenses": NaN,
        "Total Operating Income As Reported": NaN,
        "Diluted Average Shares": NaN,
        "Basic Average Shares": NaN,
        "Diluted EPS": NaN,
        "Basic EPS": NaN,
        "Diluted NI Availto Com Stockholders": NaN,
        "Net Income Common Stockholders": NaN,
        "Preferred Stock Dividends": NaN,
        "Net Income": NaN,
        "Minority Interests": NaN,
        "Net Income Including Noncontrolling Interests": NaN,
        "Net Income Continuous Operations": NaN,
        "Tax Provision": 0.0,
        "Pretax Income": NaN,
        "Other Income Expense": NaN,
        "Special Income Charges": NaN,
        "Other Special Charges": NaN,
        "Impairment Of Capital Assets": 0.0,
        "Restructuring And Mergern Acquisition": 0.0,
        "Net Non Operating Interest Income Expense": NaN,
        "Interest Expense Non Operating": 713766.0,
        "Operating Income": NaN,
        "Operating Expense": NaN,
        "Other Operating Expenses": NaN,
        "Research And Development": NaN,
        "Selling General And Administration": NaN,
        "Selling And Marketing Expense": NaN,
        "General And Administrative Expense": NaN,
        "Other Gand A": NaN,
        "Gross Profit": NaN,
        "Cost Of Revenue": NaN,
        "Total Revenue": NaN,
        "Operating Revenue": NaN
    },
    "2023-12-31": {
        "Tax Effect Of Unusual Items": NaN,
        "Tax Rate For Calcs": NaN,
        "Normalized EBITDA": NaN,
        "Total Unusual Items": 0.0,
        "Total Unusual Items Excluding Goodwill": 0.0,
        "Net Income From Continuing Operation Net Minority Interest": NaN,
        "Reconciled Depreciation": NaN,
        "Reconciled Cost Of Revenue": NaN,
        "EBITDA": NaN,
        "EBIT": NaN,
        "Net Interest Income": NaN,
        "Interest Expense": NaN,
        "Normalized Income": NaN,
        "Net Income From Continuing And Discontinued Operation": NaN,
        "Total Expenses": NaN,
        "Total Operating Income As Reported": NaN,
        "Diluted Average Shares": NaN,
        "Basic Average Shares": NaN,
        "Diluted EPS": NaN,
        "Basic EPS": NaN,
        "Diluted NI Availto Com Stockholders": NaN,
        "Net Income Common Stockholders": NaN,
        "Preferred Stock Dividends": NaN,
        "Net Income": NaN,
        "Minority Interests": NaN,
        "Net Income Including Noncontrolling Interests": NaN,
        "Net Income Continuous Operations": NaN,
        "Tax Provision": NaN,
        "Pretax Income": NaN,
        "Other Income Expense": 0.0,
        "Special Income Charges": 0.0,
        "Other Special Charges": 0.0,
        "Impairment Of Capital Assets": 0.0,
        "Restructuring And Mergern Acquisition": 0.0,
        "Net Non Operating Interest Income Expense": NaN,
        "Interest Expense Non Operating": NaN,
        "Operating Income": NaN,
        "Operating Expense": NaN,
        "Other Operating Expenses": NaN,
        "Research And Development": NaN,
        "Selling General And Administration": NaN,
        "Selling And Marketing Expense": NaN,
        "General And Administrative Expense": NaN,
        "Other Gand A": NaN,
        "Gross Profit": NaN,
        "Cost Of Revenue": NaN,
        "Total Revenue": NaN,
        "Operating Revenue": NaN
    },
    "2024-03-31": {
        "Tax Effect Of Unusual Items": NaN,
        "Tax Rate For Calcs": NaN,
        "Normalized EBITDA": NaN,
        "Total Unusual Items": 0.0,
        "Total Unusual Items Excluding Goodwill": 0.0,
        "Net Income From Continuing Operation Net Minority Interest": NaN,
        "Reconciled Depreciation": NaN,
        "Reconciled Cost Of Revenue": NaN,
        "EBITDA": NaN,
        "EBIT": NaN,
        "Net Interest Income": NaN,
        "Interest Expense": 477678.0,
        "Normalized Income": NaN,
        "Net Income From Continuing And Discontinued Operation": NaN,
        "Total Expenses": NaN,
        "Total Operating Income As Reported": NaN,
        "Diluted Average Shares": NaN,
        "Basic Average Shares": NaN,
        "Diluted EPS": NaN,
        "Basic EPS": NaN,
        "Diluted NI Availto Com Stockholders": NaN,
        "Net Income Common Stockholders": NaN,
        "Preferred Stock Dividends": NaN,
        "Net Income": NaN,
        "Minority Interests": NaN,
        "Net Income Including Noncontrolling Interests": NaN,
        "Net Income Continuous Operations": NaN,
        "Tax Provision": NaN,
        "Pretax Income": NaN,
        "Special Income Charges": 0.0,
        "Net Non Operating Interest Income Expense": NaN,
        "Interest Expense Non Operating": 477678.0,
        "Operating Income": NaN,
        "Operating Expense": NaN,
        "Other Operating Expenses": NaN,
        "Research And Development": NaN,
        "Selling General And Administration": NaN,
        "Selling And Marketing Expense": NaN,
        "General And Administrative Expense": NaN,
        "Other Gand A": NaN,
        "Gross Profit": NaN,
        "Cost Of Revenue": NaN,
        "Total Revenue": NaN,
        "Operating Revenue": NaN
    },
    "2024-06-30": {
        "Tax Effect Of Unusual Items": 0.0,
        "Tax Rate For Calcs": 0.0,
        "Normalized EBITDA": -4017341.0,
        "Total Unusual Items": 0.0,
        "Total Unusual Items Excluding Goodwill": 0.0,
        "Net Income From Continuing Operation Net Minority Interest": -6875640.0,
        "Reconciled Depreciation": 2288225.0,
        "Reconciled Cost Of Revenue": 5024915.0,
        "EBITDA": -4017341.0,
        "EBIT": -6305566.0,
        "Net Interest Income": -531468.0,
        "Interest Expense": 531468.0,
        "Normalized Income": -6875640.0,
        "Net Income From Continuing And Discontinued Operation": -6875640.0,
        "Total Expenses": 56967411.0,
        "Total Operating Income As Reported": -6305566.0,
        "Diluted Average Shares": 41296042.0,
        "Basic Average Shares": 41296042.0,
        "Diluted EPS": -0.19,
        "Basic EPS": -0.19,
        "Diluted NI Availto Com Stockholders": -7652202.0,
        "Net Income Common Stockholders": -7652202.0,
        "Preferred Stock Dividends": 776562.0,
        "Net Income": -6875640.0,
        "Minority Interests": -38606.0,
        "Net Income Including Noncontrolling Interests": -6837034.0,
        "Net Income Continuous Operations": -6837034.0,
        "Tax Provision": NaN,
        "Pretax Income": -6837034.0,
        "Special Income Charges": 0.0,
        "Net Non Operating Interest Income Expense": -531468.0,
        "Interest Expense Non Operating": 531468.0,
        "Operating Income": -6305566.0,
        "Operating Expense": 51942496.0,
        "Other Operating Expenses": 4639593.0,
        "Research And Development": 2402590.0,
        "Selling General And Administration": 44900313.0,
        "Selling And Marketing Expense": 26378928.0,
        "General And Administrative Expense": 18521385.0,
        "Other Gand A": 18521385.0,
        "Gross Profit": 45636930.0,
        "Cost Of Revenue": 5024915.0,
        "Total Revenue": 50661845.0,
        "Operating Revenue": 50661845.0
    },
    "2024-09-30": {
        "Tax Effect Of Unusual Items": 0.0,
        "Tax Rate For Calcs": 0.21,
        "Normalized EBITDA": -2129195.0,
        "Total Unusual Items": 0.0,
        "Total Unusual Items Excluding Goodwill": 0.0,
        "Net Income From Continuing Operation Net Minority Interest": -5131465.0,
        "Reconciled Depreciation": 2556917.0,
        "Reconciled Cost Of Revenue": 5013541.0,
        "EBITDA": -2129195.0,
        "EBIT": -4686112.0,
        "Net Interest Income": -558597.0,
        "Interest Expense": 558597.0,
        "Normalized Income": -5131465.0,
        "Net Income From Continuing And Discontinued Operation": -5131465.0,
        "Total Expenses": 58079269.0,
        "Total Operating Income As Reported": -4686112.0,
        "Diluted Average Shares": 42020965.0,
        "Basic Average Shares": 42020965.0,
        "Diluted EPS": -0.14,
        "Basic EPS": -0.14,
        "Diluted NI Availto Com Stockholders": -5908028.0,
        "Net Income Common Stockholders": -5908028.0,
        "Preferred Stock Dividends": 776563.0,
        "Net Income": -5131465.0,
        "Minority Interests": 345767.0,
        "Net Income Including Noncontrolling Interests": -5477232.0,
        "Net Income Continuous Operations": -5477232.0,
        "Tax Provision": 232523.0,
        "Pretax Income": -5244709.0,
        "Special Income Charges": 0.0,
        "Net Non Operating Interest Income Expense": -558597.0,
        "Interest Expense Non Operating": 558597.0,
        "Operating Income": -4686112.0,
        "Operating Expense": 53065728.0,
        "Other Operating Expenses": 4916379.0,
        "Research And Development": 2611833.0,
        "Selling General And Administration": 45537516.0,
        "Selling And Marketing Expense": 26611672.0,
        "General And Administrative Expense": 18925844.0,
        "Other Gand A": 18925844.0,
        "Gross Profit": 48379616.0,
        "Cost Of Revenue": 5013541.0,
        "Total Revenue": 53393157.0,
        "Operating Revenue": 53393157.0
    },
    "2024-12-31": {
        "Tax Effect Of Unusual Items": 0.0,
        "Tax Rate For Calcs": 0.21,
        "Normalized EBITDA": 3565337.0,
        "Total Unusual Items": 0.0,
        "Total Unusual Items Excluding Goodwill": 0.0,
        "Net Income From Continuing Operation Net Minority Interest": -106272.0,
        "Reconciled Depreciation": 2547095.0,
        "Reconciled Cost Of Revenue": 9429846.0,
        "EBITDA": 3565337.0,
        "EBIT": 1018242.0,
        "Net Interest Income": -614074.0,
        "Interest Expense": NaN,
        "Normalized Income": -106272.0,
        "Net Income From Continuing And Discontinued Operation": -106272.0,
        "Total Expenses": 63236330.0,
        "Total Operating Income As Reported": 1018242.0,
        "Diluted Average Shares": 42205767.0,
        "Basic Average Shares": 42205767.0,
        "Diluted EPS": -0.02,
        "Basic EPS": -0.02,
        "Diluted NI Availto Com Stockholders": -882834.0,
        "Net Income Common Stockholders": -882834.0,
        "Preferred Stock Dividends": 776562.0,
        "Net Income": -106272.0,
        "Minority Interests": -340963.0,
        "Net Income Including Noncontrolling Interests": 234691.0,
        "Net Income Continuous Operations": 234691.0,
        "Tax Provision": 169477.0,
        "Pretax Income": 404168.0,
        "Special Income Charges": 0.0,
        "Net Non Operating Interest Income Expense": -614074.0,
        "Interest Expense Non Operating": NaN,
        "Operating Income": 1018242.0,
        "Operating Expense": 53806484.0,
        "Other Operating Expenses": 5631226.0,
        "Research And Development": 2410653.0,
        "Selling General And Administration": 45764605.0,
        "Selling And Marketing Expense": 25855545.0,
        "General And Administrative Expense": 19909060.0,
        "Other Gand A": 19909060.0,
        "Gross Profit": 54824726.0,
        "Cost Of Revenue": 9429846.0,
        "Total Revenue": 64254572.0,
        "Operating Revenue": 64254572.0
    },
    "2025-03-31": {
        "Tax Effect Of Unusual Items": 0.0,
        "Tax Rate For Calcs": 0.21,
        "Normalized EBITDA": 5200054.0,
        "Total Unusual Items": NaN,
        "Total Unusual Items Excluding Goodwill": NaN,
        "Net Income From Continuing Operation Net Minority Interest": 1384804.0,
        "Reconciled Depreciation": 2657130.0,
        "Reconciled Cost Of Revenue": 8643716.0,
        "EBITDA": 5200054.0,
        "EBIT": 2542924.0,
        "Net Interest Income": -626275.0,
        "Interest Expense": 626275.0,
        "Normalized Income": 1384804.0,
        "Net Income From Continuing And Discontinued Operation": 1384804.0,
        "Total Expenses": 63154832.0,
        "Total Operating Income As Reported": 2542924.0,
        "Diluted Average Shares": 45580311.0,
        "Basic Average Shares": 43135778.0,
        "Diluted EPS": 0.01,
        "Basic EPS": 0.01,
        "Diluted NI Availto Com Stockholders": 608241.0,
        "Net Income Common Stockholders": 608241.0,
        "Preferred Stock Dividends": 776563.0,
        "Net Income": 1384804.0,
        "Minority Interests": -531845.0,
        "Net Income Including Noncontrolling Interests": 1916649.0,
        "Net Income Continuous Operations": 1916649.0,
        "Tax Provision": NaN,
        "Pretax Income": 1916649.0,
        "Special Income Charges": NaN,
        "Net Non Operating Interest Income Expense": -626275.0,
        "Interest Expense Non Operating": 626275.0,
        "Operating Income": 2542924.0,
        "Operating Expense": 54511116.0,
        "Other Operating Expenses": 5586252.0,
        "Research And Development": 2675134.0,
        "Selling General And Administration": 46249730.0,
        "Selling And Marketing Expense": 29194061.0,
        "General And Administrative Expense": 17055669.0,
        "Other Gand A": 17055669.0,
        "Gross Profit": 57054040.0,
        "Cost Of Revenue": 8643716.0,
        "Total Revenue": 65697756.0,
        "Operating Revenue": 65697756.0
    },
    "2025-06-30": {
        "Tax Effect Of Unusual Items": 0.0,
        "Tax Rate For Calcs": 0.0,
        "Normalized EBITDA": 1916328.0,
        "Total Unusual Items": NaN,
        "Total Unusual Items Excluding Goodwill": NaN,
        "Net Income From Continuing Operation Net Minority Interest": -2074874.0,
        "Reconciled Depreciation": 2823100.0,
        "Reconciled Cost Of Revenue": 7430904.0,
        "EBITDA": 1916328.0,
        "EBIT": -906772.0,
        "Net Interest Income": -663027.0,
        "Interest Expense": 663027.0,
        "Normalized Income": -2074874.0,
        "Net Income From Continuing And Discontinued Operation": -2074874.0,
        "Total Expenses": 63124957.0,
        "Total Operating Income As Reported": -906772.0,
        "Diluted Average Shares": 44401531.0,
        "Basic Average Shares": 44401531.0,
        "Diluted EPS": -0.06,
        "Basic EPS": -0.06,
        "Diluted NI Availto Com Stockholders": -2851436.0,
        "Net Income Common Stockholders": -2851436.0,
        "Preferred Stock Dividends": 776562.0,
        "Net Income": -2074874.0,
        "Minority Interests": -505075.0,
        "Net Income Including Noncontrolling Interests": -1569799.0,
        "Net Income Continuous Operations": -1569799.0,
        "Tax Provision": NaN,
        "Pretax Income": -1569799.0,
        "Special Income Charges": NaN,
        "Net Non Operating Interest Income Expense": -663027.0,
        "Interest Expense Non Operating": 663027.0,
        "Operating Income": -906772.0,
        "Operating Expense": 55694053.0,
        "Other Operating Expenses": 6259497.0,
        "Research And Development": 2744272.0,
        "Selling General And Administration": 46690284.0,
        "Selling And Marketing Expense": 29125097.0,
        "General And Administrative Expense": 17565187.0,
        "Other Gand A": 17565187.0,
        "Gross Profit": 54787281.0,
        "Cost Of Revenue": 7430904.0,
        "Total Revenue": 62218185.0,
        "Operating Revenue": 62218185.0
    }
}