{
    "2023-09-30": {
        "Tax Effect Of Unusual Items": NaN,
        "Tax Rate For Calcs": NaN,
        "Normalized EBITDA": NaN,
        "Total Unusual Items": NaN,
        "Total Unusual Items Excluding Goodwill": NaN,
        "Net Income From Continuing Operation Net Minority Interest": NaN,
        "Reconciled Depreciation": NaN,
        "Reconciled Cost Of Revenue": NaN,
        "EBITDA": NaN,
        "EBIT": NaN,
        "Net Interest Income": NaN,
        "Interest Income": NaN,
        "Normalized Income": NaN,
        "Net Income From Continuing And Discontinued Operation": NaN,
        "Total Expenses": NaN,
        "Total Operating Income As Reported": -341000.0,
        "Diluted Average Shares": 5355006.0,
        "Basic Average Shares": 5352937.0,
        "Diluted EPS": 0.02,
        "Basic EPS": 0.02,
        "Diluted NI Availto Com Stockholders": NaN,
        "Net Income Common Stockholders": NaN,
        "Net Income": NaN,
        "Minority Interests": NaN,
        "Net Income Including Noncontrolling Interests": NaN,
        "Net Income Discontinuous Operations": NaN,
        "Net Income Continuous Operations": NaN,
        "Tax Provision": NaN,
        "Pretax Income": NaN,
        "Other Income Expense": NaN,
        "Gain On Sale Of Security": NaN,
        "Net Non Operating Interest Income Expense": NaN,
        "Interest Income Non Operating": NaN,
        "Operating Income": NaN,
        "Operating Expense": NaN,
        "Selling General And Administration": NaN,
        "Gross Profit": NaN,
        "Cost Of Revenue": NaN,
        "Total Revenue": NaN,
        "Operating Revenue": NaN
    },
    "2023-06-30": {
        "Tax Effect Of Unusual Items": 651.515152,
        "Tax Rate For Calcs": 0.015152,
        "Normalized EBITDA": -491000.0,
        "Total Unusual Items": 43000.0,
        "Total Unusual Items Excluding Goodwill": 43000.0,
        "Net Income From Continuing Operation Net Minority Interest": -130000.0,
        "Reconciled Depreciation": 2000.0,
        "Reconciled Cost Of Revenue": 208000.0,
        "EBITDA": -448000.0,
        "EBIT": -450000.0,
        "Net Interest Income": 275000.0,
        "Interest Income": 275000.0,
        "Normalized Income": -172348.484848,
        "Net Income From Continuing And Discontinued Operation": -130000.0,
        "Total Expenses": 853000.0,
        "Total Operating Income As Reported": -438000.0,
        "Diluted Average Shares": 5352937.0,
        "Basic Average Shares": 5352937.0,
        "Diluted EPS": -0.02,
        "Basic EPS": -0.02,
        "Diluted NI Availto Com Stockholders": -130000.0,
        "Net Income Common Stockholders": -130000.0,
        "Net Income": -130000.0,
        "Minority Interests": 0.0,
        "Net Income Including Noncontrolling Interests": -130000.0,
        "Net Income Discontinuous Operations": 0.0,
        "Net Income Continuous Operations": -130000.0,
        "Tax Provision": -2000.0,
        "Pretax Income": -132000.0,
        "Other Income Expense": 43000.0,
        "Other Non Operating Income Expenses": -12000.0,
        "Gain On Sale Of Security": 43000.0,
        "Net Non Operating Interest Income Expense": 275000.0,
        "Interest Income Non Operating": 275000.0,
        "Operating Income": -450000.0,
        "Operating Expense": 645000.0,
        "Selling General And Administration": 645000.0,
        "Gross Profit": 195000.0,
        "Cost Of Revenue": 208000.0,
        "Total Revenue": 403000.0,
        "Operating Revenue": 403000.0
    },
    "2023-03-31": {
        "Tax Effect Of Unusual Items": NaN,
        "Tax Rate For Calcs": NaN,
        "Normalized EBITDA": NaN,
        "Total Unusual Items": NaN,
        "Total Unusual Items Excluding Goodwill": NaN,
        "Net Income From Continuing Operation Net Minority Interest": NaN,
        "Reconciled Depreciation": NaN,
        "Reconciled Cost Of Revenue": NaN,
        "EBITDA": NaN,
        "EBIT": NaN,
        "Net Interest Income": NaN,
        "Interest Income": NaN,
        "Normalized Income": NaN,
        "Net Income From Continuing And Discontinued Operation": NaN,
        "Total Expenses": NaN,
        "Total Operating Income As Reported": -309000.0,
        "Diluted Average Shares": NaN,
        "Basic Average Shares": NaN,
        "Diluted EPS": NaN,
        "Basic EPS": NaN,
        "Diluted NI Availto Com Stockholders": NaN,
        "Net Income Common Stockholders": NaN,
        "Net Income": NaN,
        "Minority Interests": NaN,
        "Net Income Including Noncontrolling Interests": NaN,
        "Net Income Discontinuous Operations": NaN,
        "Net Income Continuous Operations": NaN,
        "Tax Provision": NaN,
        "Pretax Income": NaN,
        "Other Income Expense": NaN,
        "Other Non Operating Income Expenses": -12000.0,
        "Gain On Sale Of Security": NaN,
        "Net Non Operating Interest Income Expense": NaN,
        "Total Other Finance Cost": -198000.0,
        "Interest Income Non Operating": NaN,
        "Operating Income": NaN,
        "Operating Expense": NaN,
        "Selling General And Administration": NaN,
        "Gross Profit": NaN,
        "Cost Of Revenue": NaN,
        "Total Revenue": NaN,
        "Operating Revenue": NaN
    },
    "2024-03-31": {
        "Tax Effect Of Unusual Items": -630.0,
        "Tax Rate For Calcs": 0.21,
        "Normalized EBITDA": -409000.0,
        "Total Unusual Items": -3000.0,
        "Total Unusual Items Excluding Goodwill": -3000.0,
        "Net Income From Continuing Operation Net Minority Interest": 21000.0,
        "Reconciled Depreciation": 5000.0,
        "Reconciled Cost Of Revenue": 204000.0,
        "EBITDA": -412000.0,
        "EBIT": -417000.0,
        "Net Interest Income": 499000.0,
        "Interest Income": 499000.0,
        "Normalized Income": 23370.0,
        "Net Income From Continuing And Discontinued Operation": 21000.0,
        "Total Expenses": 809000.0,
        "Total Operating Income As Reported": NaN,
        "Diluted Average Shares": 5604430.0,
        "Basic Average Shares": 5352937.0,
        "Diluted EPS": 0.003747,
        "Basic EPS": 0.003923,
        "Diluted NI Availto Com Stockholders": 21000.0,
        "Net Income Common Stockholders": 21000.0,
        "Net Income": 21000.0,
        "Minority Interests": -22000.0,
        "Net Income Including Noncontrolling Interests": 43000.0,
        "Net Income Discontinuous Operations": 0.0,
        "Net Income Continuous Operations": 43000.0,
        "Tax Provision": 36000.0,
        "Pretax Income": 79000.0,
        "Other Income Expense": -3000.0,
        "Gain On Sale Of Security": -3000.0,
        "Net Non Operating Interest Income Expense": 499000.0,
        "Interest Income Non Operating": 499000.0,
        "Operating Income": -417000.0,
        "Operating Expense": 605000.0,
        "Selling General And Administration": 605000.0,
        "Gross Profit": 188000.0,
        "Cost Of Revenue": 204000.0,
        "Total Revenue": 392000.0,
        "Operating Revenue": 392000.0
    },
    "2022-12-31": {
        "Tax Effect Of Unusual Items": NaN,
        "Tax Rate For Calcs": NaN,
        "Normalized EBITDA": NaN,
        "Total Unusual Items": NaN,
        "Total Unusual Items Excluding Goodwill": NaN,
        "Net Income From Continuing Operation Net Minority Interest": NaN,
        "Reconciled Depreciation": NaN,
        "Reconciled Cost Of Revenue": NaN,
        "EBITDA": NaN,
        "EBIT": NaN,
        "Net Interest Income": NaN,
        "Interest Income": NaN,
        "Normalized Income": NaN,
        "Net Income From Continuing And Discontinued Operation": NaN,
        "Total Expenses": NaN,
        "Total Operating Income As Reported": -2513000.0,
        "Diluted Average Shares": NaN,
        "Basic Average Shares": NaN,
        "Diluted EPS": NaN,
        "Basic EPS": NaN,
        "Diluted NI Availto Com Stockholders": NaN,
        "Net Income Common Stockholders": NaN,
        "Net Income": NaN,
        "Minority Interests": NaN,
        "Net Income Including Noncontrolling Interests": NaN,
        "Net Income Discontinuous Operations": NaN,
        "Net Income Continuous Operations": NaN,
        "Tax Provision": NaN,
        "Pretax Income": NaN,
        "Other Income Expense": NaN,
        "Other Non Operating Income Expenses": 12000.0,
        "Earnings From Equity Interest": 0.0,
        "Gain On Sale Of Security": NaN,
        "Net Non Operating Interest Income Expense": NaN,
        "Total Other Finance Cost": NaN,
        "Interest Income Non Operating": NaN,
        "Operating Income": NaN,
        "Operating Expense": NaN,
        "Selling General And Administration": NaN,
        "Gross Profit": NaN,
        "Cost Of Revenue": NaN,
        "Total Revenue": NaN,
        "Operating Revenue": NaN
    },
    "2022-09-30": {
        "Tax Effect Of Unusual Items": NaN,
        "Tax Rate For Calcs": NaN,
        "Normalized EBITDA": NaN,
        "Total Unusual Items": NaN,
        "Total Unusual Items Excluding Goodwill": NaN,
        "Net Income From Continuing Operation Net Minority Interest": NaN,
        "Reconciled Depreciation": NaN,
        "Reconciled Cost Of Revenue": NaN,
        "EBITDA": NaN,
        "EBIT": NaN,
        "Net Interest Income": NaN,
        "Interest Income": 52000.0,
        "Normalized Income": NaN,
        "Net Income From Continuing And Discontinued Operation": NaN,
        "Total Expenses": NaN,
        "Total Operating Income As Reported": -526000.0,
        "Diluted Average Shares": 5346043.0,
        "Basic Average Shares": 5346043.0,
        "Diluted EPS": -0.27,
        "Basic EPS": -0.27,
        "Diluted NI Availto Com Stockholders": NaN,
        "Net Income Common Stockholders": NaN,
        "Net Income": NaN,
        "Minority Interests": 0.0,
        "Net Income Including Noncontrolling Interests": NaN,
        "Net Income Discontinuous Operations": 488000.0,
        "Net Income Continuous Operations": NaN,
        "Tax Provision": NaN,
        "Pretax Income": NaN,
        "Other Income Expense": NaN,
        "Other Non Operating Income Expenses": -13000.0,
        "Earnings From Equity Interest": 0.0,
        "Gain On Sale Of Security": NaN,
        "Net Non Operating Interest Income Expense": NaN,
        "Total Other Finance Cost": -51000.0,
        "Interest Income Non Operating": 52000.0,
        "Operating Income": NaN,
        "Operating Expense": NaN,
        "Selling General And Administration": NaN,
        "Gross Profit": NaN,
        "Cost Of Revenue": NaN,
        "Total Revenue": NaN,
        "Operating Revenue": NaN
    },
    "2024-06-30": {
        "Tax Effect Of Unusual Items": -321.0,
        "Tax Rate For Calcs": 0.321,
        "Normalized EBITDA": -293000.0,
        "Total Unusual Items": -1000.0,
        "Total Unusual Items Excluding Goodwill": -1000.0,
        "Net Income From Continuing Operation Net Minority Interest": 137000.0,
        "Reconciled Depreciation": 6000.0,
        "Reconciled Cost Of Revenue": 214000.0,
        "EBITDA": -294000.0,
        "EBIT": -300000.0,
        "Net Interest Income": 538000.0,
        "Interest Income": 538000.0,
        "Normalized Income": 137679.0,
        "Net Income From Continuing And Discontinued Operation": 137000.0,
        "Total Expenses": 831000.0,
        "Total Operating Income As Reported": NaN,
        "Diluted Average Shares": 5482543.0,
        "Basic Average Shares": 5352937.0,
        "Diluted EPS": 0.02,
        "Basic EPS": 0.03,
        "Diluted NI Availto Com Stockholders": 137000.0,
        "Net Income Common Stockholders": 137000.0,
        "Net Income": 137000.0,
        "Minority Interests": -24000.0,
        "Net Income Including Noncontrolling Interests": 161000.0,
        "Net Income Discontinuous Operations": 0.0,
        "Net Income Continuous Operations": 161000.0,
        "Tax Provision": 76000.0,
        "Pretax Income": 237000.0,
        "Other Income Expense": -1000.0,
        "Gain On Sale Of Security": -1000.0,
        "Net Non Operating Interest Income Expense": 538000.0,
        "Interest Income Non Operating": 538000.0,
        "Operating Income": -300000.0,
        "Operating Expense": 617000.0,
        "Selling General And Administration": 617000.0,
        "Gross Profit": 317000.0,
        "Cost Of Revenue": 214000.0,
        "Total Revenue": 531000.0,
        "Operating Revenue": 531000.0
    },
    "2024-09-30": {
        "Tax Effect Of Unusual Items": -696.0,
        "Tax Rate For Calcs": 0.348,
        "Normalized EBITDA": -384000.0,
        "Total Unusual Items": -2000.0,
        "Total Unusual Items Excluding Goodwill": -2000.0,
        "Net Income From Continuing Operation Net Minority Interest": 72000.0,
        "Reconciled Depreciation": 5000.0,
        "Reconciled Cost Of Revenue": 368000.0,
        "EBITDA": -386000.0,
        "EBIT": -391000.0,
        "Net Interest Income": 531000.0,
        "Interest Income": 531000.0,
        "Normalized Income": 73304.0,
        "Net Income From Continuing And Discontinued Operation": 72000.0,
        "Total Expenses": 1041000.0,
        "Total Operating Income As Reported": NaN,
        "Diluted Average Shares": 5531969.0,
        "Basic Average Shares": 5352937.0,
        "Diluted EPS": 0.01,
        "Basic EPS": 0.01,
        "Diluted NI Availto Com Stockholders": 72000.0,
        "Net Income Common Stockholders": 72000.0,
        "Net Income": 72000.0,
        "Minority Interests": -18000.0,
        "Net Income Including Noncontrolling Interests": 90000.0,
        "Net Income Discontinuous Operations": 0.0,
        "Net Income Continuous Operations": 90000.0,
        "Tax Provision": 48000.0,
        "Pretax Income": 138000.0,
        "Other Income Expense": -2000.0,
        "Gain On Sale Of Security": -2000.0,
        "Net Non Operating Interest Income Expense": 531000.0,
        "Interest Income Non Operating": 531000.0,
        "Operating Income": -391000.0,
        "Operating Expense": 673000.0,
        "Selling General And Administration": 673000.0,
        "Gross Profit": 282000.0,
        "Cost Of Revenue": 368000.0,
        "Total Revenue": 650000.0,
        "Operating Revenue": 650000.0
    },
    "2024-12-31": {
        "Tax Effect Of Unusual Items": 69.387755,
        "Tax Rate For Calcs": 0.069388,
        "Normalized EBITDA": -255000.0,
        "Total Unusual Items": 1000.0,
        "Total Unusual Items Excluding Goodwill": 1000.0,
        "Net Income From Continuing Operation Net Minority Interest": 202000.0,
        "Reconciled Depreciation": 5000.0,
        "Reconciled Cost Of Revenue": 261000.0,
        "EBITDA": -254000.0,
        "EBIT": -259000.0,
        "Net Interest Income": 503000.0,
        "Interest Income": 503000.0,
        "Normalized Income": 201069.387755,
        "Net Income From Continuing And Discontinued Operation": 202000.0,
        "Total Expenses": 912000.0,
        "Total Operating Income As Reported": NaN,
        "Diluted Average Shares": NaN,
        "Basic Average Shares": NaN,
        "Diluted EPS": NaN,
        "Basic EPS": NaN,
        "Diluted NI Availto Com Stockholders": 202000.0,
        "Net Income Common Stockholders": 202000.0,
        "Net Income": 202000.0,
        "Minority Interests": -26000.0,
        "Net Income Including Noncontrolling Interests": 228000.0,
        "Net Income Discontinuous Operations": 0.0,
        "Net Income Continuous Operations": 228000.0,
        "Tax Provision": 17000.0,
        "Pretax Income": 245000.0,
        "Other Income Expense": 1000.0,
        "Gain On Sale Of Security": 1000.0,
        "Net Non Operating Interest Income Expense": 503000.0,
        "Interest Income Non Operating": 503000.0,
        "Operating Income": -259000.0,
        "Operating Expense": 651000.0,
        "Selling General And Administration": 651000.0,
        "Gross Profit": 392000.0,
        "Cost Of Revenue": 261000.0,
        "Total Revenue": 653000.0,
        "Operating Revenue": 653000.0
    },
    "2023-12-31": {
        "Tax Effect Of Unusual Items": 0.0,
        "Tax Rate For Calcs": 0.21,
        "Normalized EBITDA": -186000.0,
        "Total Unusual Items": 0.0,
        "Total Unusual Items Excluding Goodwill": 0.0,
        "Net Income From Continuing Operation Net Minority Interest": 162000.0,
        "Reconciled Depreciation": 6000.0,
        "Reconciled Cost Of Revenue": 201000.0,
        "EBITDA": -186000.0,
        "EBIT": -192000.0,
        "Net Interest Income": 549000.0,
        "Interest Income": 549000.0,
        "Normalized Income": 162000.0,
        "Net Income From Continuing And Discontinued Operation": 134000.0,
        "Total Expenses": 638000.0,
        "Total Operating Income As Reported": NaN,
        "Diluted Average Shares": NaN,
        "Basic Average Shares": NaN,
        "Diluted EPS": NaN,
        "Basic EPS": NaN,
        "Diluted NI Availto Com Stockholders": 134000.0,
        "Net Income Common Stockholders": 134000.0,
        "Net Income": 134000.0,
        "Minority Interests": -26000.0,
        "Net Income Including Noncontrolling Interests": 160000.0,
        "Net Income Discontinuous Operations": -28000.0,
        "Net Income Continuous Operations": 188000.0,
        "Tax Provision": 169000.0,
        "Pretax Income": 357000.0,
        "Other Income Expense": 0.0,
        "Gain On Sale Of Security": 0.0,
        "Net Non Operating Interest Income Expense": 549000.0,
        "Interest Income Non Operating": 549000.0,
        "Operating Income": -192000.0,
        "Operating Expense": 437000.0,
        "Selling General And Administration": 437000.0,
        "Gross Profit": 245000.0,
        "Cost Of Revenue": 201000.0,
        "Total Revenue": 446000.0,
        "Operating Revenue": 446000.0
    }
}