{
    "2023-03-31": {
        "Tax Effect Of Unusual Items": NaN,
        "Tax Rate For Calcs": NaN,
        "Normalized EBITDA": NaN,
        "Total Unusual Items": NaN,
        "Total Unusual Items Excluding Goodwill": NaN,
        "Net Income From Continuing Operation Net Minority Interest": NaN,
        "Reconciled Depreciation": NaN,
        "Reconciled Cost Of Revenue": NaN,
        "EBITDA": NaN,
        "EBIT": NaN,
        "Normalized Income": NaN,
        "Net Income From Continuing And Discontinued Operation": NaN,
        "Total Expenses": NaN,
        "Total Operating Income As Reported": NaN,
        "Diluted Average Shares": NaN,
        "Basic Average Shares": NaN,
        "Diluted EPS": NaN,
        "Basic EPS": NaN,
        "Diluted NI Availto Com Stockholders": NaN,
        "Net Income Common Stockholders": NaN,
        "Otherunder Preferred Stock Dividend": NaN,
        "Net Income": NaN,
        "Net Income Including Noncontrolling Interests": NaN,
        "Net Income Continuous Operations": NaN,
        "Pretax Income": NaN,
        "Other Income Expense": NaN,
        "Other Non Operating Income Expenses": NaN,
        "Special Income Charges": NaN,
        "Operating Income": NaN,
        "Operating Expense": NaN,
        "Other Operating Expenses": -41000.0,
        "Research And Development": NaN,
        "Selling General And Administration": NaN,
        "Selling And Marketing Expense": 157000.0,
        "General And Administrative Expense": NaN,
        "Other Gand A": NaN,
        "Gross Profit": NaN,
        "Cost Of Revenue": NaN,
        "Total Revenue": NaN,
        "Operating Revenue": NaN
    },
    "2022-12-31": {
        "Tax Effect Of Unusual Items": NaN,
        "Tax Rate For Calcs": NaN,
        "Normalized EBITDA": NaN,
        "Total Unusual Items": 0.0,
        "Total Unusual Items Excluding Goodwill": 0.0,
        "Net Income From Continuing Operation Net Minority Interest": NaN,
        "Reconciled Depreciation": NaN,
        "Reconciled Cost Of Revenue": NaN,
        "EBITDA": NaN,
        "EBIT": NaN,
        "Net Interest Income": 1000.0,
        "Interest Expense": -1000.0,
        "Normalized Income": NaN,
        "Net Income From Continuing And Discontinued Operation": NaN,
        "Total Expenses": NaN,
        "Total Operating Income As Reported": NaN,
        "Diluted Average Shares": NaN,
        "Basic Average Shares": NaN,
        "Diluted EPS": NaN,
        "Basic EPS": NaN,
        "Diluted NI Availto Com Stockholders": NaN,
        "Net Income Common Stockholders": NaN,
        "Otherunder Preferred Stock Dividend": NaN,
        "Net Income": NaN,
        "Net Income Including Noncontrolling Interests": NaN,
        "Net Income Continuous Operations": NaN,
        "Pretax Income": NaN,
        "Other Income Expense": NaN,
        "Other Non Operating Income Expenses": NaN,
        "Special Income Charges": 0.0,
        "Other Special Charges": 0.0,
        "Net Non Operating Interest Income Expense": 1000.0,
        "Interest Expense Non Operating": -1000.0,
        "Operating Income": NaN,
        "Operating Expense": NaN,
        "Other Operating Expenses": NaN,
        "Research And Development": NaN,
        "Selling General And Administration": NaN,
        "Selling And Marketing Expense": 285000.0,
        "General And Administrative Expense": NaN,
        "Other Gand A": NaN,
        "Gross Profit": NaN,
        "Cost Of Revenue": NaN,
        "Total Revenue": NaN,
        "Operating Revenue": NaN
    },
    "2022-09-30": {
        "Tax Effect Of Unusual Items": NaN,
        "Tax Rate For Calcs": NaN,
        "Normalized EBITDA": NaN,
        "Total Unusual Items": 0.0,
        "Total Unusual Items Excluding Goodwill": 0.0,
        "Net Income From Continuing Operation Net Minority Interest": NaN,
        "Reconciled Depreciation": NaN,
        "Reconciled Cost Of Revenue": NaN,
        "EBITDA": NaN,
        "EBIT": NaN,
        "Net Interest Income": 0.0,
        "Interest Expense": 0.0,
        "Normalized Income": NaN,
        "Net Income From Continuing And Discontinued Operation": NaN,
        "Total Expenses": NaN,
        "Total Operating Income As Reported": NaN,
        "Diluted Average Shares": NaN,
        "Basic Average Shares": NaN,
        "Diluted EPS": NaN,
        "Basic EPS": NaN,
        "Diluted NI Availto Com Stockholders": NaN,
        "Net Income Common Stockholders": NaN,
        "Otherunder Preferred Stock Dividend": 0.0,
        "Net Income": NaN,
        "Net Income Including Noncontrolling Interests": NaN,
        "Net Income Continuous Operations": NaN,
        "Pretax Income": NaN,
        "Other Income Expense": NaN,
        "Other Non Operating Income Expenses": NaN,
        "Special Income Charges": 0.0,
        "Other Special Charges": NaN,
        "Net Non Operating Interest Income Expense": 0.0,
        "Interest Expense Non Operating": 0.0,
        "Operating Income": NaN,
        "Operating Expense": NaN,
        "Other Operating Expenses": NaN,
        "Research And Development": NaN,
        "Selling General And Administration": NaN,
        "Selling And Marketing Expense": NaN,
        "General And Administrative Expense": NaN,
        "Other Gand A": NaN,
        "Gross Profit": NaN,
        "Cost Of Revenue": NaN,
        "Total Revenue": NaN,
        "Operating Revenue": NaN
    },
    "2022-06-30": {
        "Tax Effect Of Unusual Items": 0.0,
        "Tax Rate For Calcs": 0.0,
        "Normalized EBITDA": -3997000.0,
        "Total Unusual Items": -1398000.0,
        "Total Unusual Items Excluding Goodwill": -1398000.0,
        "Net Income From Continuing Operation Net Minority Interest": -5624000.0,
        "Reconciled Depreciation": 229000.0,
        "Reconciled Cost Of Revenue": 306000.0,
        "EBITDA": -5395000.0,
        "EBIT": -5624000.0,
        "Net Interest Income": 0.0,
        "Interest Expense": 0.0,
        "Normalized Income": -4226000.0,
        "Net Income From Continuing And Discontinued Operation": -5624000.0,
        "Total Expenses": 4687000.0,
        "Total Operating Income As Reported": -4221000.0,
        "Diluted Average Shares": 20943897.0,
        "Basic Average Shares": 20943897.0,
        "Diluted EPS": -0.27,
        "Basic EPS": -0.27,
        "Diluted NI Availto Com Stockholders": -5624000.0,
        "Net Income Common Stockholders": -5624000.0,
        "Net Income": -5624000.0,
        "Net Income Including Noncontrolling Interests": -5624000.0,
        "Net Income Continuous Operations": -5624000.0,
        "Pretax Income": -5624000.0,
        "Other Income Expense": -1403000.0,
        "Other Non Operating Income Expenses": -5000.0,
        "Special Income Charges": -1398000.0,
        "Other Special Charges": 1398000.0,
        "Net Non Operating Interest Income Expense": 0.0,
        "Interest Expense Non Operating": 0.0,
        "Operating Income": -4221000.0,
        "Operating Expense": 4381000.0,
        "Research And Development": 1720000.0,
        "Selling General And Administration": 2661000.0,
        "Selling And Marketing Expense": 234000.0,
        "General And Administrative Expense": 2427000.0,
        "Other Gand A": 2427000.0,
        "Gross Profit": 160000.0,
        "Cost Of Revenue": 306000.0,
        "Total Revenue": 466000.0,
        "Operating Revenue": 466000.0
    },
    "2022-03-31": {
        "Diluted EPS": -0.17,
        "Total Revenue": 0,
        "Gross Profit": 0,
        "Operating Income": -3,
        "EBIT": -3,
        "Net Income": -4
    },
    "2021-12-31": {
        "Diluted EPS": -0.21,
        "Total Revenue": 0,
        "Gross Profit": 0,
        "Operating Income": -4,
        "EBIT": -4,
        "Net Income": -4
    },
    "2021-09-30": {
        "Diluted EPS": -0.25,
        "Total Revenue": 0,
        "Gross Profit": 0,
        "Operating Income": -5,
        "EBIT": -5,
        "Net Income": -5
    },
    "2021-06-30": {
        "Diluted EPS": -0.26,
        "Total Revenue": 0,
        "Gross Profit": 0,
        "Operating Income": -5,
        "EBIT": -5,
        "Net Income": -5
    },
    "2021-03-31": {
        "Diluted EPS": -0.18,
        "Total Revenue": 0,
        "Gross Profit": 0,
        "Operating Income": -3,
        "EBIT": -3,
        "Net Income": -3
    },
    "2020-12-31": {
        "Diluted EPS": -0.09,
        "Total Revenue": 1,
        "Gross Profit": 1,
        "Operating Income": -1,
        "EBIT": -1,
        "Net Income": -1
    },
    "2020-09-30": {
        "Diluted EPS": -0.06,
        "Total Revenue": 2,
        "Gross Profit": 0,
        "Operating Income": -1,
        "EBIT": -1,
        "Net Income": -1
    },
    "2020-06-30": {
        "Diluted EPS": -0.08,
        "Total Revenue": 1,
        "Gross Profit": 0,
        "Operating Income": -1,
        "EBIT": -1,
        "Net Income": -1
    },
    "2020-03-31": {
        "Diluted EPS": 0.0,
        "Total Revenue": 2,
        "Gross Profit": 1,
        "Operating Income": 0,
        "EBIT": 0,
        "Net Income": 0
    },
    "2019-12-31": {
        "Diluted EPS": 0.0,
        "Total Revenue": NaN,
        "Gross Profit": NaN,
        "Operating Income": NaN,
        "EBIT": NaN,
        "Net Income": NaN
    },
    "2023-06-30": {
        "Tax Effect Of Unusual Items": NaN,
        "Tax Rate For Calcs": NaN,
        "Normalized EBITDA": NaN,
        "Total Unusual Items": 0.0,
        "Total Unusual Items Excluding Goodwill": 0.0,
        "Net Income From Continuing Operation Net Minority Interest": NaN,
        "Reconciled Depreciation": NaN,
        "Reconciled Cost Of Revenue": NaN,
        "EBITDA": NaN,
        "EBIT": NaN,
        "Normalized Income": NaN,
        "Net Income From Continuing And Discontinued Operation": NaN,
        "Total Expenses": NaN,
        "Total Operating Income As Reported": NaN,
        "Diluted Average Shares": 2110544.0,
        "Basic Average Shares": 2110544.0,
        "Diluted EPS": -2.67,
        "Basic EPS": -2.67,
        "Diluted NI Availto Com Stockholders": NaN,
        "Net Income Common Stockholders": NaN,
        "Otherunder Preferred Stock Dividend": NaN,
        "Net Income": NaN,
        "Net Income Including Noncontrolling Interests": NaN,
        "Net Income Continuous Operations": NaN,
        "Pretax Income": NaN,
        "Other Income Expense": NaN,
        "Other Non Operating Income Expenses": NaN,
        "Special Income Charges": 0.0,
        "Operating Income": NaN,
        "Operating Expense": NaN,
        "Research And Development": NaN,
        "Selling General And Administration": NaN,
        "Selling And Marketing Expense": 143000.0,
        "General And Administrative Expense": NaN,
        "Other Gand A": NaN,
        "Gross Profit": NaN,
        "Cost Of Revenue": NaN,
        "Total Revenue": NaN,
        "Operating Revenue": NaN
    },
    "2023-09-30": {
        "Tax Effect Of Unusual Items": NaN,
        "Tax Rate For Calcs": NaN,
        "Normalized EBITDA": NaN,
        "Total Unusual Items": 0.0,
        "Total Unusual Items Excluding Goodwill": 0.0,
        "Net Income From Continuing Operation Net Minority Interest": NaN,
        "Reconciled Depreciation": NaN,
        "Reconciled Cost Of Revenue": NaN,
        "EBITDA": NaN,
        "EBIT": NaN,
        "Normalized Income": NaN,
        "Net Income From Continuing And Discontinued Operation": NaN,
        "Total Expenses": NaN,
        "Total Operating Income As Reported": NaN,
        "Diluted Average Shares": 2117877.0,
        "Basic Average Shares": 2117877.0,
        "Diluted EPS": -2.79,
        "Basic EPS": -2.79,
        "Diluted NI Availto Com Stockholders": NaN,
        "Net Income Common Stockholders": NaN,
        "Otherunder Preferred Stock Dividend": 798000.0,
        "Net Income": NaN,
        "Net Income Including Noncontrolling Interests": NaN,
        "Net Income Continuous Operations": NaN,
        "Pretax Income": NaN,
        "Other Income Expense": NaN,
        "Other Non Operating Income Expenses": NaN,
        "Special Income Charges": 0.0,
        "Operating Income": NaN,
        "Operating Expense": NaN,
        "Research And Development": NaN,
        "Selling General And Administration": NaN,
        "Selling And Marketing Expense": 280000.0,
        "General And Administrative Expense": NaN,
        "Other Gand A": NaN,
        "Gross Profit": NaN,
        "Cost Of Revenue": NaN,
        "Total Revenue": NaN,
        "Operating Revenue": NaN
    },
    "2023-12-31": {
        "Tax Effect Of Unusual Items": NaN,
        "Tax Rate For Calcs": NaN,
        "Normalized EBITDA": NaN,
        "Total Unusual Items": -30000.0,
        "Total Unusual Items Excluding Goodwill": -30000.0,
        "Net Income From Continuing Operation Net Minority Interest": NaN,
        "Reconciled Depreciation": NaN,
        "Reconciled Cost Of Revenue": NaN,
        "EBITDA": NaN,
        "EBIT": NaN,
        "Normalized Income": NaN,
        "Net Income From Continuing And Discontinued Operation": NaN,
        "Total Expenses": NaN,
        "Total Operating Income As Reported": NaN,
        "Diluted Average Shares": NaN,
        "Basic Average Shares": NaN,
        "Diluted EPS": NaN,
        "Basic EPS": NaN,
        "Diluted NI Availto Com Stockholders": NaN,
        "Net Income Common Stockholders": NaN,
        "Otherunder Preferred Stock Dividend": 0.0,
        "Net Income": NaN,
        "Net Income Including Noncontrolling Interests": NaN,
        "Net Income Continuous Operations": NaN,
        "Pretax Income": NaN,
        "Other Income Expense": NaN,
        "Other Non Operating Income Expenses": NaN,
        "Special Income Charges": -30000.0,
        "Operating Income": NaN,
        "Operating Expense": NaN,
        "Research And Development": NaN,
        "Selling General And Administration": NaN,
        "Selling And Marketing Expense": 203000.0,
        "General And Administrative Expense": NaN,
        "Other Gand A": NaN,
        "Gross Profit": NaN,
        "Cost Of Revenue": NaN,
        "Total Revenue": NaN,
        "Operating Revenue": NaN
    },
    "2024-03-31": {
        "Tax Effect Of Unusual Items": 0.0,
        "Tax Rate For Calcs": 0.0,
        "Normalized EBITDA": -3838000.0,
        "Total Unusual Items": NaN,
        "Total Unusual Items Excluding Goodwill": NaN,
        "Net Income From Continuing Operation Net Minority Interest": -4058000.0,
        "Reconciled Depreciation": 252000.0,
        "Reconciled Cost Of Revenue": 219000.0,
        "EBITDA": -3838000.0,
        "EBIT": -4090000.0,
        "Normalized Income": -4058000.0,
        "Net Income From Continuing And Discontinued Operation": -4058000.0,
        "Total Expenses": 4638000.0,
        "Total Operating Income As Reported": -4090000.0,
        "Diluted Average Shares": 2513587.0,
        "Basic Average Shares": 2513587.0,
        "Diluted EPS": -1.61,
        "Basic EPS": -1.61,
        "Diluted NI Availto Com Stockholders": -4058000.0,
        "Net Income Common Stockholders": -4058000.0,
        "Otherunder Preferred Stock Dividend": NaN,
        "Net Income": -4058000.0,
        "Net Income Including Noncontrolling Interests": -4058000.0,
        "Net Income Continuous Operations": -4058000.0,
        "Pretax Income": -4058000.0,
        "Other Income Expense": 32000.0,
        "Other Non Operating Income Expenses": 32000.0,
        "Special Income Charges": NaN,
        "Operating Income": -4090000.0,
        "Operating Expense": 4419000.0,
        "Research And Development": 2219000.0,
        "Selling General And Administration": 2200000.0,
        "Selling And Marketing Expense": NaN,
        "General And Administrative Expense": 2200000.0,
        "Other Gand A": 2200000.0,
        "Gross Profit": 329000.0,
        "Cost Of Revenue": 219000.0,
        "Total Revenue": 548000.0,
        "Operating Revenue": 548000.0
    },
    "2024-06-30": {
        "Tax Effect Of Unusual Items": 0.0,
        "Tax Rate For Calcs": 0.0,
        "Normalized EBITDA": -3271000.0,
        "Total Unusual Items": NaN,
        "Total Unusual Items Excluding Goodwill": NaN,
        "Net Income From Continuing Operation Net Minority Interest": -3413000.0,
        "Reconciled Depreciation": 229000.0,
        "Reconciled Cost Of Revenue": 124000.0,
        "EBITDA": -3271000.0,
        "EBIT": -3500000.0,
        "Normalized Income": -3413000.0,
        "Net Income From Continuing And Discontinued Operation": -3413000.0,
        "Total Expenses": 3968000.0,
        "Total Operating Income As Reported": -3500000.0,
        "Diluted Average Shares": 6509881.0,
        "Basic Average Shares": 6509881.0,
        "Diluted EPS": -1.83,
        "Basic EPS": -1.83,
        "Diluted NI Availto Com Stockholders": -11914000.0,
        "Net Income Common Stockholders": -11914000.0,
        "Otherunder Preferred Stock Dividend": 8501000.0,
        "Net Income": -3413000.0,
        "Net Income Including Noncontrolling Interests": -3413000.0,
        "Net Income Continuous Operations": -3413000.0,
        "Pretax Income": -3413000.0,
        "Other Income Expense": 87000.0,
        "Other Non Operating Income Expenses": 87000.0,
        "Special Income Charges": NaN,
        "Operating Income": -3500000.0,
        "Operating Expense": 3844000.0,
        "Research And Development": 1722000.0,
        "Selling General And Administration": 2122000.0,
        "Selling And Marketing Expense": NaN,
        "General And Administrative Expense": 2122000.0,
        "Other Gand A": 2122000.0,
        "Gross Profit": 344000.0,
        "Cost Of Revenue": 124000.0,
        "Total Revenue": 468000.0,
        "Operating Revenue": 468000.0
    },
    "2024-09-30": {
        "Tax Effect Of Unusual Items": 0.0,
        "Tax Rate For Calcs": 0.0,
        "Normalized EBITDA": -4414000.0,
        "Total Unusual Items": NaN,
        "Total Unusual Items Excluding Goodwill": NaN,
        "Net Income From Continuing Operation Net Minority Interest": -4419000.0,
        "Reconciled Depreciation": 235000.0,
        "Reconciled Cost Of Revenue": 91000.0,
        "EBITDA": -4414000.0,
        "EBIT": -4649000.0,
        "Normalized Income": -4419000.0,
        "Net Income From Continuing And Discontinued Operation": -4419000.0,
        "Total Expenses": 5422000.0,
        "Total Operating Income As Reported": -4649000.0,
        "Diluted Average Shares": 13627793.0,
        "Basic Average Shares": 13627793.0,
        "Diluted EPS": -0.34,
        "Basic EPS": -0.34,
        "Diluted NI Availto Com Stockholders": -4568000.0,
        "Net Income Common Stockholders": -4568000.0,
        "Otherunder Preferred Stock Dividend": 149000.0,
        "Net Income": -4419000.0,
        "Net Income Including Noncontrolling Interests": -4419000.0,
        "Net Income Continuous Operations": -4419000.0,
        "Pretax Income": -4419000.0,
        "Other Income Expense": 230000.0,
        "Other Non Operating Income Expenses": 230000.0,
        "Special Income Charges": NaN,
        "Operating Income": -4649000.0,
        "Operating Expense": 5331000.0,
        "Research And Development": 2206000.0,
        "Selling General And Administration": 3125000.0,
        "Selling And Marketing Expense": NaN,
        "General And Administrative Expense": 3125000.0,
        "Other Gand A": 3125000.0,
        "Gross Profit": 682000.0,
        "Cost Of Revenue": 91000.0,
        "Total Revenue": 773000.0,
        "Operating Revenue": 773000.0
    },
    "2024-12-31": {
        "Tax Effect Of Unusual Items": 0.0,
        "Tax Rate For Calcs": 0.0,
        "Normalized EBITDA": -4039000.0,
        "Total Unusual Items": NaN,
        "Total Unusual Items Excluding Goodwill": NaN,
        "Net Income From Continuing Operation Net Minority Interest": -4081000.0,
        "Reconciled Depreciation": 242000.0,
        "Reconciled Cost Of Revenue": 73000.0,
        "EBITDA": -4039000.0,
        "EBIT": -4281000.0,
        "Normalized Income": -4081000.0,
        "Net Income From Continuing And Discontinued Operation": -4081000.0,
        "Total Expenses": 4884000.0,
        "Total Operating Income As Reported": -4281000.0,
        "Diluted Average Shares": NaN,
        "Basic Average Shares": NaN,
        "Diluted EPS": NaN,
        "Basic EPS": NaN,
        "Diluted NI Availto Com Stockholders": -4081000.0,
        "Net Income Common Stockholders": -4081000.0,
        "Otherunder Preferred Stock Dividend": 0.0,
        "Net Income": -4081000.0,
        "Net Income Including Noncontrolling Interests": -4081000.0,
        "Net Income Continuous Operations": -4081000.0,
        "Pretax Income": -4081000.0,
        "Other Income Expense": 200000.0,
        "Other Non Operating Income Expenses": 200000.0,
        "Special Income Charges": NaN,
        "Operating Income": -4281000.0,
        "Operating Expense": 4811000.0,
        "Research And Development": 1989000.0,
        "Selling General And Administration": 2822000.0,
        "Selling And Marketing Expense": NaN,
        "General And Administrative Expense": 2822000.0,
        "Other Gand A": 2822000.0,
        "Gross Profit": 530000.0,
        "Cost Of Revenue": 73000.0,
        "Total Revenue": 603000.0,
        "Operating Revenue": 603000.0
    },
    "2025-03-31": {
        "Tax Effect Of Unusual Items": 0.0,
        "Tax Rate For Calcs": 0.0,
        "Normalized EBITDA": -4760000.0,
        "Total Unusual Items": NaN,
        "Total Unusual Items Excluding Goodwill": NaN,
        "Net Income From Continuing Operation Net Minority Interest": -5011000.0,
        "Reconciled Depreciation": 421000.0,
        "Reconciled Cost Of Revenue": 106000.0,
        "EBITDA": -4760000.0,
        "EBIT": -5181000.0,
        "Normalized Income": -5011000.0,
        "Net Income From Continuing And Discontinued Operation": -5011000.0,
        "Total Expenses": 5562000.0,
        "Total Operating Income As Reported": -5181000.0,
        "Diluted Average Shares": 14950734.0,
        "Basic Average Shares": 14950734.0,
        "Diluted EPS": -0.34,
        "Basic EPS": -0.34,
        "Diluted NI Availto Com Stockholders": -5011000.0,
        "Net Income Common Stockholders": -5011000.0,
        "Otherunder Preferred Stock Dividend": NaN,
        "Net Income": -5011000.0,
        "Net Income Including Noncontrolling Interests": -5011000.0,
        "Net Income Continuous Operations": -5011000.0,
        "Pretax Income": -5011000.0,
        "Other Income Expense": 170000.0,
        "Other Non Operating Income Expenses": 170000.0,
        "Special Income Charges": NaN,
        "Operating Income": -5181000.0,
        "Operating Expense": 5456000.0,
        "Research And Development": 2515000.0,
        "Selling General And Administration": 2941000.0,
        "Selling And Marketing Expense": NaN,
        "General And Administrative Expense": 2941000.0,
        "Other Gand A": 2941000.0,
        "Gross Profit": 275000.0,
        "Cost Of Revenue": 106000.0,
        "Total Revenue": 381000.0,
        "Operating Revenue": 381000.0
    }
}