{
    "2023-06-30": {
        "Tax Effect Of Unusual Items": -3426300.0,
        "Tax Rate For Calcs": 0.243,
        "Normalized EBITDA": 411800000.0,
        "Total Unusual Items": -14100000.0,
        "Total Unusual Items Excluding Goodwill": -14100000.0,
        "Net Income From Continuing Operation Net Minority Interest": 155000000.0,
        "Reconciled Depreciation": 142900000.0,
        "Reconciled Cost Of Revenue": 2100100000.0,
        "EBITDA": 397700000.0,
        "EBIT": 254800000.0,
        "Net Interest Income": -49800000.0,
        "Interest Expense": 49800000.0,
        "Normalized Income": 165673700.0,
        "Net Income From Continuing And Discontinued Operation": 188900000.0,
        "Total Expenses": 2748800000.0,
        "Total Operating Income As Reported": 266300000.0,
        "Diluted Average Shares": 89000000.0,
        "Basic Average Shares": 88400000.0,
        "Diluted EPS": 2.12,
        "Basic EPS": 2.14,
        "Diluted NI Availto Com Stockholders": 188900000.0,
        "Net Income Common Stockholders": 188900000.0,
        "Net Income": 188900000.0,
        "Minority Interests": -200000.0,
        "Net Income Including Noncontrolling Interests": 189100000.0,
        "Net Income Discontinuous Operations": 33900000.0,
        "Net Income Continuous Operations": 155200000.0,
        "Tax Provision": 49800000.0,
        "Pretax Income": 205000000.0,
        "Other Income Expense": -30100000.0,
        "Other Non Operating Income Expenses": -16900000.0,
        "Special Income Charges": -18600000.0,
        "Gain On Sale Of Ppe": NaN,
        "Impairment Of Capital Assets": 2800000.0,
        "Restructuring And Mergern Acquisition": 15800000.0,
        "Earnings From Equity Interest": 900000.0,
        "Gain On Sale Of Security": 4500000.0,
        "Net Non Operating Interest Income Expense": -49800000.0,
        "Interest Expense Non Operating": 49800000.0,
        "Operating Income": 284900000.0,
        "Operating Expense": 557300000.0,
        "Depreciation Amortization Depletion Income Statement": 51500000.0,
        "Depreciation And Amortization In Income Statement": 51500000.0,
        "Amortization": 51500000.0,
        "Amortization Of Intangibles Income Statement": 51500000.0,
        "Selling General And Administration": 505800000.0,
        "Gross Profit": 842200000.0,
        "Cost Of Revenue": 2191500000.0,
        "Total Revenue": 3033700000.0,
        "Operating Revenue": 3039800000.0
    },
    "2023-03-31": {
        "Tax Effect Of Unusual Items": -2256000.0,
        "Tax Rate For Calcs": 0.235,
        "Normalized EBITDA": 474700000.0,
        "Total Unusual Items": -9600000.0,
        "Total Unusual Items Excluding Goodwill": -9600000.0,
        "Net Income From Continuing Operation Net Minority Interest": 208000000.0,
        "Reconciled Depreciation": 142100000.0,
        "Reconciled Cost Of Revenue": 2099000000.0,
        "EBITDA": 465100000.0,
        "EBIT": 323000000.0,
        "Net Interest Income": -50700000.0,
        "Interest Expense": 50700000.0,
        "Normalized Income": 215344000.0,
        "Net Income From Continuing And Discontinued Operation": 212900000.0,
        "Total Expenses": 2698300000.0,
        "Total Operating Income As Reported": 329800000.0,
        "Diluted Average Shares": 89000000.0,
        "Basic Average Shares": 88400000.0,
        "Diluted EPS": 2.39,
        "Basic EPS": 2.41,
        "Diluted NI Availto Com Stockholders": 212900000.0,
        "Net Income Common Stockholders": 212900000.0,
        "Net Income": 212900000.0,
        "Minority Interests": -400000.0,
        "Net Income Including Noncontrolling Interests": 213300000.0,
        "Net Income Discontinuous Operations": 4900000.0,
        "Net Income Continuous Operations": 208400000.0,
        "Tax Provision": 63900000.0,
        "Pretax Income": 272300000.0,
        "Other Income Expense": -16500000.0,
        "Other Non Operating Income Expenses": -4800000.0,
        "Special Income Charges": -9700000.0,
        "Gain On Sale Of Ppe": NaN,
        "Impairment Of Capital Assets": 2200000.0,
        "Restructuring And Mergern Acquisition": 7500000.0,
        "Earnings From Equity Interest": -2100000.0,
        "Gain On Sale Of Security": 100000.0,
        "Net Non Operating Interest Income Expense": -50700000.0,
        "Interest Expense Non Operating": 50700000.0,
        "Operating Income": 339500000.0,
        "Operating Expense": 510600000.0,
        "Depreciation Amortization Depletion Income Statement": 53400000.0,
        "Depreciation And Amortization In Income Statement": 53400000.0,
        "Amortization": 53400000.0,
        "Amortization Of Intangibles Income Statement": 53400000.0,
        "Selling General And Administration": 457200000.0,
        "Gross Profit": 850100000.0,
        "Cost Of Revenue": 2187700000.0,
        "Total Revenue": 3037800000.0,
        "Operating Revenue": 3044100000.0
    },
    "2022-12-31": {
        "Tax Effect Of Unusual Items": -58863000.0,
        "Tax Rate For Calcs": 0.21,
        "Normalized EBITDA": 530300000.0,
        "Total Unusual Items": -280300000.0,
        "Total Unusual Items Excluding Goodwill": -280300000.0,
        "Net Income From Continuing Operation Net Minority Interest": 76100000.0,
        "Reconciled Depreciation": 156200000.0,
        "Reconciled Cost Of Revenue": 2608800000.0,
        "EBITDA": 250000000.0,
        "EBIT": 93800000.0,
        "Net Interest Income": -49300000.0,
        "Interest Expense": 49300000.0,
        "Normalized Income": 297537000.0,
        "Net Income From Continuing And Discontinued Operation": 76100000.0,
        "Total Expenses": 3301500000.0,
        "Total Operating Income As Reported": 90700000.0,
        "Diluted Average Shares": 89000000.0,
        "Basic Average Shares": 88500000.0,
        "Diluted EPS": 0.86,
        "Basic EPS": 0.86,
        "Diluted NI Availto Com Stockholders": 76100000.0,
        "Net Income Common Stockholders": 76100000.0,
        "Net Income": 76100000.0,
        "Minority Interests": -300000.0,
        "Net Income Including Noncontrolling Interests": 76400000.0,
        "Net Income Discontinuous Operations": NaN,
        "Net Income Continuous Operations": 76400000.0,
        "Tax Provision": -31900000.0,
        "Pretax Income": 44500000.0,
        "Other Income Expense": -278900000.0,
        "Other Non Operating Income Expenses": 2500000.0,
        "Special Income Charges": -282000000.0,
        "Impairment Of Capital Assets": 270300000.0,
        "Restructuring And Mergern Acquisition": 11700000.0,
        "Earnings From Equity Interest": -1100000.0,
        "Gain On Sale Of Security": 1700000.0,
        "Net Non Operating Interest Income Expense": -49300000.0,
        "Interest Expense Non Operating": 49300000.0,
        "Operating Income": 372700000.0,
        "Operating Expense": 597100000.0,
        "Depreciation Amortization Depletion Income Statement": 60600000.0,
        "Depreciation And Amortization In Income Statement": 60600000.0,
        "Amortization": 60600000.0,
        "Amortization Of Intangibles Income Statement": 60600000.0,
        "Selling General And Administration": 536500000.0,
        "Gross Profit": 969800000.0,
        "Cost Of Revenue": 2704400000.0,
        "Total Revenue": 3674200000.0,
        "Operating Revenue": 3679600000.0
    },
    "2022-09-30": {
        "Tax Effect Of Unusual Items": -1784629.981025,
        "Tax Rate For Calcs": 0.162239,
        "Normalized EBITDA": 636000000.0,
        "Total Unusual Items": -11000000.0,
        "Total Unusual Items Excluding Goodwill": -11000000.0,
        "Net Income From Continuing Operation Net Minority Interest": 352800000.0,
        "Reconciled Depreciation": 157100000.0,
        "Reconciled Cost Of Revenue": 2454500000.0,
        "EBITDA": 625000000.0,
        "EBIT": 467900000.0,
        "Net Interest Income": -46300000.0,
        "Interest Expense": 46300000.0,
        "Normalized Income": 362015370.018975,
        "Net Income From Continuing And Discontinued Operation": 352800000.0,
        "Total Expenses": 3121600000.0,
        "Total Operating Income As Reported": 469400000.0,
        "Diluted Average Shares": 90700000.0,
        "Basic Average Shares": 90200000.0,
        "Diluted EPS": 3.9,
        "Basic EPS": 3.91,
        "Diluted NI Availto Com Stockholders": 352800000.0,
        "Net Income Common Stockholders": 352800000.0,
        "Net Income": 352800000.0,
        "Minority Interests": -400000.0,
        "Net Income Including Noncontrolling Interests": 353200000.0,
        "Net Income Discontinuous Operations": NaN,
        "Net Income Continuous Operations": 353200000.0,
        "Tax Provision": 68400000.0,
        "Pretax Income": 421600000.0,
        "Other Income Expense": -16600000.0,
        "Other Non Operating Income Expenses": -7300000.0,
        "Special Income Charges": -15100000.0,
        "Impairment Of Capital Assets": 0.0,
        "Restructuring And Mergern Acquisition": 15100000.0,
        "Earnings From Equity Interest": 1700000.0,
        "Gain On Sale Of Security": 4100000.0,
        "Net Non Operating Interest Income Expense": -46300000.0,
        "Interest Expense Non Operating": 46300000.0,
        "Operating Income": 484500000.0,
        "Operating Expense": 575200000.0,
        "Depreciation Amortization Depletion Income Statement": 65200000.0,
        "Depreciation And Amortization In Income Statement": 65200000.0,
        "Amortization": 65200000.0,
        "Amortization Of Intangibles Income Statement": 65200000.0,
        "Selling General And Administration": 510000000.0,
        "Gross Profit": 1059700000.0,
        "Cost Of Revenue": 2546400000.0,
        "Total Revenue": 3606100000.0,
        "Operating Revenue": 3606100000.0
    },
    "2022-06-30": {
        "Tax Effect Of Unusual Items": -10457598.656591,
        "Tax Rate For Calcs": 0.246641,
        "Normalized EBITDA": 720400000.0,
        "Total Unusual Items": -42400000.0,
        "Total Unusual Items Excluding Goodwill": -42400000.0,
        "Net Income From Continuing Operation Net Minority Interest": 358600000.0,
        "Reconciled Depreciation": 159100000.0,
        "Reconciled Cost Of Revenue": 2481500000.0,
        "EBITDA": 678000000.0,
        "EBIT": 518900000.0,
        "Net Interest Income": -42500000.0,
        "Interest Expense": 42500000.0,
        "Normalized Income": 390542401.343409,
        "Net Income From Continuing And Discontinued Operation": 358600000.0,
        "Total Expenses": 3126600000.0,
        "Total Operating Income As Reported": 525900000.0,
        "Diluted Average Shares": 92661499.0,
        "Basic Average Shares": 92185090.0,
        "Diluted EPS": 3.87,
        "Basic EPS": 3.89,
        "Diluted NI Availto Com Stockholders": 358600000.0,
        "Net Income Common Stockholders": 358600000.0,
        "Net Income": 358600000.0,
        "Minority Interests": -300000.0,
        "Net Income Including Noncontrolling Interests": 358900000.0,
        "Net Income Discontinuous Operations": NaN,
        "Net Income Continuous Operations": 358900000.0,
        "Tax Provision": 117500000.0,
        "Pretax Income": 476400000.0,
        "Other Income Expense": -51400000.0,
        "Other Non Operating Income Expenses": -10400000.0,
        "Special Income Charges": -44400000.0,
        "Impairment Of Capital Assets": 0.0,
        "Restructuring And Mergern Acquisition": 44400000.0,
        "Earnings From Equity Interest": 1400000.0,
        "Gain On Sale Of Security": 2000000.0,
        "Net Non Operating Interest Income Expense": -42500000.0,
        "Interest Expense Non Operating": 42500000.0,
        "Operating Income": 570300000.0,
        "Operating Expense": 552400000.0,
        "Depreciation Amortization Depletion Income Statement": 66400000.0,
        "Depreciation And Amortization In Income Statement": 66400000.0,
        "Amortization": 66400000.0,
        "Amortization Of Intangibles Income Statement": 66400000.0,
        "Selling General And Administration": 486000000.0,
        "Gross Profit": 1122700000.0,
        "Cost Of Revenue": 2574200000.0,
        "Total Revenue": 3696900000.0,
        "Operating Revenue": 3696900000.0
    },
    "2023-09-30": {
        "Tax Effect Of Unusual Items": NaN,
        "Tax Rate For Calcs": NaN,
        "Normalized EBITDA": NaN,
        "Total Unusual Items": NaN,
        "Total Unusual Items Excluding Goodwill": NaN,
        "Net Income From Continuing Operation Net Minority Interest": NaN,
        "Reconciled Depreciation": NaN,
        "Reconciled Cost Of Revenue": NaN,
        "EBITDA": NaN,
        "EBIT": NaN,
        "Net Interest Income": NaN,
        "Interest Expense": NaN,
        "Normalized Income": NaN,
        "Net Income From Continuing And Discontinued Operation": NaN,
        "Total Expenses": NaN,
        "Total Operating Income As Reported": NaN,
        "Diluted Average Shares": 87000000.0,
        "Basic Average Shares": 86600000.0,
        "Diluted EPS": 2.11,
        "Basic EPS": 2.12,
        "Diluted NI Availto Com Stockholders": NaN,
        "Net Income Common Stockholders": NaN,
        "Net Income": NaN,
        "Minority Interests": NaN,
        "Net Income Including Noncontrolling Interests": NaN,
        "Net Income Discontinuous Operations": NaN,
        "Net Income Continuous Operations": NaN,
        "Tax Provision": NaN,
        "Pretax Income": NaN,
        "Other Income Expense": NaN,
        "Other Non Operating Income Expenses": NaN,
        "Special Income Charges": NaN,
        "Gain On Sale Of Ppe": NaN,
        "Impairment Of Capital Assets": NaN,
        "Restructuring And Mergern Acquisition": NaN,
        "Earnings From Equity Interest": NaN,
        "Gain On Sale Of Security": NaN,
        "Net Non Operating Interest Income Expense": NaN,
        "Interest Expense Non Operating": NaN,
        "Operating Income": NaN,
        "Operating Expense": NaN,
        "Depreciation Amortization Depletion Income Statement": NaN,
        "Depreciation And Amortization In Income Statement": NaN,
        "Amortization": NaN,
        "Amortization Of Intangibles Income Statement": NaN,
        "Selling General And Administration": NaN,
        "Gross Profit": NaN,
        "Cost Of Revenue": NaN,
        "Total Revenue": NaN,
        "Operating Revenue": NaN
    },
    "2023-12-31": {
        "Tax Effect Of Unusual Items": NaN,
        "Tax Rate For Calcs": NaN,
        "Normalized EBITDA": NaN,
        "Total Unusual Items": NaN,
        "Total Unusual Items Excluding Goodwill": NaN,
        "Net Income From Continuing Operation Net Minority Interest": NaN,
        "Reconciled Depreciation": NaN,
        "Reconciled Cost Of Revenue": NaN,
        "EBITDA": NaN,
        "EBIT": NaN,
        "Net Interest Income": NaN,
        "Interest Expense": NaN,
        "Normalized Income": NaN,
        "Net Income From Continuing And Discontinued Operation": NaN,
        "Total Expenses": NaN,
        "Total Operating Income As Reported": NaN,
        "Diluted Average Shares": NaN,
        "Basic Average Shares": NaN,
        "Diluted EPS": NaN,
        "Basic EPS": NaN,
        "Diluted NI Availto Com Stockholders": NaN,
        "Net Income Common Stockholders": NaN,
        "Net Income": NaN,
        "Minority Interests": NaN,
        "Net Income Including Noncontrolling Interests": NaN,
        "Net Income Discontinuous Operations": 0.0,
        "Net Income Continuous Operations": NaN,
        "Tax Provision": NaN,
        "Pretax Income": NaN,
        "Other Income Expense": NaN,
        "Other Non Operating Income Expenses": NaN,
        "Special Income Charges": NaN,
        "Gain On Sale Of Ppe": NaN,
        "Impairment Of Capital Assets": NaN,
        "Restructuring And Mergern Acquisition": NaN,
        "Earnings From Equity Interest": NaN,
        "Gain On Sale Of Security": NaN,
        "Net Non Operating Interest Income Expense": NaN,
        "Interest Expense Non Operating": NaN,
        "Operating Income": NaN,
        "Operating Expense": NaN,
        "Depreciation Amortization Depletion Income Statement": NaN,
        "Depreciation And Amortization In Income Statement": NaN,
        "Amortization": NaN,
        "Amortization Of Intangibles Income Statement": NaN,
        "Selling General And Administration": NaN,
        "Gross Profit": NaN,
        "Cost Of Revenue": NaN,
        "Total Revenue": NaN,
        "Operating Revenue": NaN
    },
    "2024-03-31": {
        "Tax Effect Of Unusual Items": NaN,
        "Tax Rate For Calcs": NaN,
        "Normalized EBITDA": NaN,
        "Total Unusual Items": NaN,
        "Total Unusual Items Excluding Goodwill": NaN,
        "Net Income From Continuing Operation Net Minority Interest": NaN,
        "Reconciled Depreciation": NaN,
        "Reconciled Cost Of Revenue": NaN,
        "EBITDA": NaN,
        "EBIT": NaN,
        "Net Interest Income": NaN,
        "Interest Expense": NaN,
        "Normalized Income": NaN,
        "Net Income From Continuing And Discontinued Operation": NaN,
        "Total Expenses": NaN,
        "Total Operating Income As Reported": NaN,
        "Diluted Average Shares": NaN,
        "Basic Average Shares": NaN,
        "Diluted EPS": NaN,
        "Basic EPS": NaN,
        "Diluted NI Availto Com Stockholders": NaN,
        "Net Income Common Stockholders": NaN,
        "Net Income": NaN,
        "Minority Interests": NaN,
        "Net Income Including Noncontrolling Interests": NaN,
        "Net Income Discontinuous Operations": 0.0,
        "Net Income Continuous Operations": NaN,
        "Tax Provision": NaN,
        "Pretax Income": NaN,
        "Other Income Expense": NaN,
        "Other Non Operating Income Expenses": NaN,
        "Special Income Charges": NaN,
        "Gain On Sale Of Ppe": -4900000.0,
        "Impairment Of Capital Assets": NaN,
        "Restructuring And Mergern Acquisition": NaN,
        "Earnings From Equity Interest": NaN,
        "Gain On Sale Of Security": NaN,
        "Net Non Operating Interest Income Expense": NaN,
        "Interest Expense Non Operating": NaN,
        "Operating Income": NaN,
        "Operating Expense": NaN,
        "Depreciation Amortization Depletion Income Statement": NaN,
        "Depreciation And Amortization In Income Statement": NaN,
        "Amortization": NaN,
        "Amortization Of Intangibles Income Statement": NaN,
        "Selling General And Administration": NaN,
        "Gross Profit": NaN,
        "Cost Of Revenue": NaN,
        "Total Revenue": NaN,
        "Operating Revenue": NaN
    },
    "2024-06-30": {
        "Tax Effect Of Unusual Items": NaN,
        "Tax Rate For Calcs": NaN,
        "Normalized EBITDA": NaN,
        "Total Unusual Items": NaN,
        "Total Unusual Items Excluding Goodwill": NaN,
        "Net Income From Continuing Operation Net Minority Interest": NaN,
        "Reconciled Depreciation": NaN,
        "Reconciled Cost Of Revenue": NaN,
        "EBITDA": NaN,
        "EBIT": NaN,
        "Net Interest Income": NaN,
        "Interest Expense": NaN,
        "Normalized Income": NaN,
        "Net Income From Continuing And Discontinued Operation": NaN,
        "Total Expenses": NaN,
        "Total Operating Income As Reported": NaN,
        "Diluted Average Shares": NaN,
        "Basic Average Shares": NaN,
        "Diluted EPS": NaN,
        "Basic EPS": NaN,
        "Diluted NI Availto Com Stockholders": NaN,
        "Net Income Common Stockholders": NaN,
        "Net Income": NaN,
        "Minority Interests": NaN,
        "Net Income Including Noncontrolling Interests": NaN,
        "Net Income Discontinuous Operations": 0.0,
        "Net Income Continuous Operations": NaN,
        "Tax Provision": NaN,
        "Pretax Income": NaN,
        "Other Income Expense": NaN,
        "Other Non Operating Income Expenses": NaN,
        "Special Income Charges": NaN,
        "Impairment Of Capital Assets": NaN,
        "Restructuring And Mergern Acquisition": NaN,
        "Earnings From Equity Interest": NaN,
        "Gain On Sale Of Security": NaN,
        "Net Non Operating Interest Income Expense": NaN,
        "Interest Expense Non Operating": NaN,
        "Operating Income": NaN,
        "Operating Expense": NaN,
        "Depreciation Amortization Depletion Income Statement": NaN,
        "Depreciation And Amortization In Income Statement": NaN,
        "Amortization": NaN,
        "Amortization Of Intangibles Income Statement": NaN,
        "Selling General And Administration": NaN,
        "Gross Profit": NaN,
        "Cost Of Revenue": NaN,
        "Total Revenue": NaN,
        "Operating Revenue": NaN
    },
    "2024-09-30": {
        "Tax Effect Of Unusual Items": -2905500.0,
        "Tax Rate For Calcs": 0.195,
        "Normalized EBITDA": 437400000.0,
        "Total Unusual Items": -14900000.0,
        "Total Unusual Items Excluding Goodwill": -14900000.0,
        "Net Income From Continuing Operation Net Minority Interest": 169300000.0,
        "Reconciled Depreciation": 161500000.0,
        "Reconciled Cost Of Revenue": 2279800000.0,
        "EBITDA": 422500000.0,
        "EBIT": 261000000.0,
        "Net Interest Income": -50400000.0,
        "Interest Expense": 50400000.0,
        "Normalized Income": 181294500.0,
        "Net Income From Continuing And Discontinued Operation": 169300000.0,
        "Total Expenses": 3009900000.0,
        "Total Operating Income As Reported": 254100000.0,
        "Diluted Average Shares": 84400000.0,
        "Basic Average Shares": 84000000.0,
        "Diluted EPS": 2.0,
        "Basic EPS": 2.02,
        "Diluted NI Availto Com Stockholders": 169300000.0,
        "Net Income Common Stockholders": 169300000.0,
        "Net Income": 169300000.0,
        "Minority Interests": -300000.0,
        "Net Income Including Noncontrolling Interests": 169600000.0,
        "Net Income Discontinuous Operations": 0.0,
        "Net Income Continuous Operations": 169600000.0,
        "Tax Provision": 41000000.0,
        "Pretax Income": 210600000.0,
        "Other Income Expense": -11100000.0,
        "Other Non Operating Income Expenses": 4300000.0,
        "Special Income Charges": -18000000.0,
        "Impairment Of Capital Assets": 0.0,
        "Restructuring And Mergern Acquisition": 18000000.0,
        "Earnings From Equity Interest": -500000.0,
        "Gain On Sale Of Security": 3100000.0,
        "Net Non Operating Interest Income Expense": -50400000.0,
        "Interest Expense Non Operating": 50400000.0,
        "Operating Income": 272100000.0,
        "Operating Expense": 632300000.0,
        "Depreciation Amortization Depletion Income Statement": 63700000.0,
        "Depreciation And Amortization In Income Statement": 63700000.0,
        "Amortization": 63700000.0,
        "Amortization Of Intangibles Income Statement": 63700000.0,
        "Selling General And Administration": 568600000.0,
        "Gross Profit": 904400000.0,
        "Cost Of Revenue": 2377600000.0,
        "Total Revenue": 3282000000.0,
        "Operating Revenue": 3282000000.0
    },
    "2024-12-31": {
        "Tax Effect Of Unusual Items": 4024374.319913,
        "Tax Rate For Calcs": 0.218716,
        "Normalized EBITDA": 399400000.0,
        "Total Unusual Items": 18400000.0,
        "Total Unusual Items Excluding Goodwill": 18400000.0,
        "Net Income From Continuing Operation Net Minority Interest": 143400000.0,
        "Reconciled Depreciation": 170600000.0,
        "Reconciled Cost Of Revenue": 2332900000.0,
        "EBITDA": 417800000.0,
        "EBIT": 247200000.0,
        "Net Interest Income": -63400000.0,
        "Interest Expense": 63400000.0,
        "Normalized Income": 129024374.319913,
        "Net Income From Continuing And Discontinued Operation": 143400000.0,
        "Total Expenses": 3098700000.0,
        "Total Operating Income As Reported": 216500000.0,
        "Diluted Average Shares": 84200000.0,
        "Basic Average Shares": 83600000.0,
        "Diluted EPS": 1.7,
        "Basic EPS": 1.72,
        "Diluted NI Availto Com Stockholders": 143400000.0,
        "Net Income Common Stockholders": 143400000.0,
        "Net Income": 143400000.0,
        "Minority Interests": -200000.0,
        "Net Income Including Noncontrolling Interests": 143600000.0,
        "Net Income Discontinuous Operations": 0.0,
        "Net Income Continuous Operations": 143600000.0,
        "Tax Provision": 40200000.0,
        "Pretax Income": 183800000.0,
        "Other Income Expense": 16500000.0,
        "Other Non Operating Income Expenses": -1200000.0,
        "Special Income Charges": -19100000.0,
        "Impairment Of Capital Assets": 2800000.0,
        "Restructuring And Mergern Acquisition": 11400000.0,
        "Earnings From Equity Interest": -700000.0,
        "Gain On Sale Of Security": 37500000.0,
        "Net Non Operating Interest Income Expense": -63400000.0,
        "Interest Expense Non Operating": 63400000.0,
        "Operating Income": 230700000.0,
        "Operating Expense": 665600000.0,
        "Depreciation Amortization Depletion Income Statement": 70400000.0,
        "Depreciation And Amortization In Income Statement": 70400000.0,
        "Amortization": 70400000.0,
        "Amortization Of Intangibles Income Statement": 70400000.0,
        "Selling General And Administration": 595200000.0,
        "Gross Profit": 896300000.0,
        "Cost Of Revenue": 2433100000.0,
        "Total Revenue": 3329400000.0,
        "Operating Revenue": 3353200000.0
    },
    "2025-03-31": {
        "Tax Effect Of Unusual Items": 22600.0,
        "Tax Rate For Calcs": 0.226,
        "Normalized EBITDA": 497900000.0,
        "Total Unusual Items": 100000.0,
        "Total Unusual Items Excluding Goodwill": 100000.0,
        "Net Income From Continuing Operation Net Minority Interest": 212800000.0,
        "Reconciled Depreciation": 166800000.0,
        "Reconciled Cost Of Revenue": 2299900000.0,
        "EBITDA": 498000000.0,
        "EBIT": 331200000.0,
        "Net Interest Income": -56000000.0,
        "Interest Expense": 56000000.0,
        "Normalized Income": 212722600.0,
        "Net Income From Continuing And Discontinued Operation": 212800000.0,
        "Total Expenses": 3012700000.0,
        "Total Operating Income As Reported": 326000000.0,
        "Diluted Average Shares": 84300000.0,
        "Basic Average Shares": 83600000.0,
        "Diluted EPS": 2.52,
        "Basic EPS": 2.54,
        "Diluted NI Availto Com Stockholders": 212800000.0,
        "Net Income Common Stockholders": 212800000.0,
        "Net Income": 212800000.0,
        "Minority Interests": -200000.0,
        "Net Income Including Noncontrolling Interests": 213000000.0,
        "Net Income Discontinuous Operations": NaN,
        "Net Income Continuous Operations": 213000000.0,
        "Tax Provision": 62200000.0,
        "Pretax Income": 275200000.0,
        "Other Income Expense": -1200000.0,
        "Other Non Operating Income Expenses": -1000000.0,
        "Special Income Charges": -6400000.0,
        "Impairment Of Capital Assets": 0.0,
        "Restructuring And Mergern Acquisition": 6400000.0,
        "Earnings From Equity Interest": -300000.0,
        "Gain On Sale Of Security": 6500000.0,
        "Net Non Operating Interest Income Expense": -56000000.0,
        "Interest Expense Non Operating": 56000000.0,
        "Operating Income": 332400000.0,
        "Operating Expense": 615600000.0,
        "Depreciation Amortization Depletion Income Statement": 69600000.0,
        "Depreciation And Amortization In Income Statement": 69600000.0,
        "Amortization": 69600000.0,
        "Amortization Of Intangibles Income Statement": 69600000.0,
        "Selling General And Administration": 546000000.0,
        "Gross Profit": 948000000.0,
        "Cost Of Revenue": 2397100000.0,
        "Total Revenue": 3345100000.0,
        "Operating Revenue": 3350900000.0
    },
    "2025-06-30": {
        "Tax Effect Of Unusual Items": -523200.0,
        "Tax Rate For Calcs": 0.218,
        "Normalized EBITDA": 534500000.0,
        "Total Unusual Items": -2400000.0,
        "Total Unusual Items Excluding Goodwill": -2400000.0,
        "Net Income From Continuing Operation Net Minority Interest": 237900000.0,
        "Reconciled Depreciation": 170300000.0,
        "Reconciled Cost Of Revenue": 2379100000.0,
        "EBITDA": 532100000.0,
        "EBIT": 361800000.0,
        "Net Interest Income": -57100000.0,
        "Interest Expense": 57100000.0,
        "Normalized Income": 239776800.0,
        "Net Income From Continuing And Discontinued Operation": 237900000.0,
        "Total Expenses": 3128700000.0,
        "Total Operating Income As Reported": 394500000.0,
        "Diluted Average Shares": 83900000.0,
        "Basic Average Shares": 83400000.0,
        "Diluted EPS": 2.84,
        "Basic EPS": 2.85,
        "Diluted NI Availto Com Stockholders": 237900000.0,
        "Net Income Common Stockholders": 237900000.0,
        "Net Income": 237900000.0,
        "Minority Interests": -400000.0,
        "Net Income Including Noncontrolling Interests": 238300000.0,
        "Net Income Discontinuous Operations": NaN,
        "Net Income Continuous Operations": 238300000.0,
        "Tax Provision": 66400000.0,
        "Pretax Income": 304700000.0,
        "Other Income Expense": -36800000.0,
        "Other Non Operating Income Expenses": -32700000.0,
        "Special Income Charges": -4100000.0,
        "Impairment Of Capital Assets": 0.0,
        "Restructuring And Mergern Acquisition": 4100000.0,
        "Earnings From Equity Interest": -1700000.0,
        "Gain On Sale Of Security": 1700000.0,
        "Net Non Operating Interest Income Expense": -57100000.0,
        "Interest Expense Non Operating": 57100000.0,
        "Operating Income": 398600000.0,
        "Operating Expense": 647600000.0,
        "Depreciation Amortization Depletion Income Statement": 68300000.0,
        "Depreciation And Amortization In Income Statement": 68300000.0,
        "Amortization": 68300000.0,
        "Amortization Of Intangibles Income Statement": 68300000.0,
        "Selling General And Administration": 579300000.0,
        "Gross Profit": 1046200000.0,
        "Cost Of Revenue": 2481100000.0,
        "Total Revenue": 3527300000.0,
        "Operating Revenue": 3527300000.0
    },
    "2025-09-30": {
        "Tax Effect Of Unusual Items": -694400.0,
        "Tax Rate For Calcs": 0.224,
        "Normalized EBITDA": 567100000.0,
        "Total Unusual Items": -3100000.0,
        "Total Unusual Items Excluding Goodwill": -3100000.0,
        "Net Income From Continuing Operation Net Minority Interest": 261100000.0,
        "Reconciled Depreciation": 171000000.0,
        "Reconciled Cost Of Revenue": 2436900000.0,
        "EBITDA": 564000000.0,
        "EBIT": 393000000.0,
        "Net Interest Income": -56000000.0,
        "Interest Expense": 56000000.0,
        "Normalized Income": 263505600.0,
        "Net Income From Continuing And Discontinued Operation": 261100000.0,
        "Total Expenses": 3160300000.0,
        "Total Operating Income As Reported": 396600000.0,
        "Diluted Average Shares": 83700000.0,
        "Basic Average Shares": 83100000.0,
        "Diluted EPS": 3.12,
        "Basic EPS": 3.14,
        "Diluted NI Availto Com Stockholders": 261100000.0,
        "Net Income Common Stockholders": 261100000.0,
        "Net Income": 261100000.0,
        "Minority Interests": -400000.0,
        "Net Income Including Noncontrolling Interests": 261500000.0,
        "Net Income Discontinuous Operations": NaN,
        "Net Income Continuous Operations": 261500000.0,
        "Tax Provision": 75500000.0,
        "Pretax Income": 337000000.0,
        "Other Income Expense": -10200000.0,
        "Other Non Operating Income Expenses": -1900000.0,
        "Special Income Charges": -6600000.0,
        "Impairment Of Capital Assets": 700000.0,
        "Restructuring And Mergern Acquisition": 5900000.0,
        "Earnings From Equity Interest": -5200000.0,
        "Gain On Sale Of Security": 3500000.0,
        "Net Non Operating Interest Income Expense": -56000000.0,
        "Interest Expense Non Operating": 56000000.0,
        "Operating Income": 403200000.0,
        "Operating Expense": 621900000.0,
        "Depreciation Amortization Depletion Income Statement": 69500000.0,
        "Depreciation And Amortization In Income Statement": 69500000.0,
        "Amortization": 69500000.0,
        "Amortization Of Intangibles Income Statement": 69500000.0,
        "Selling General And Administration": 552400000.0,
        "Gross Profit": 1025100000.0,
        "Cost Of Revenue": 2538400000.0,
        "Total Revenue": 3563500000.0,
        "Operating Revenue": 3563500000.0
    }
}