{
    "2023-06-30": {
        "Tax Effect Of Unusual Items": NaN,
        "Tax Rate For Calcs": NaN,
        "Normalized EBITDA": NaN,
        "Total Unusual Items": -34000000.0,
        "Total Unusual Items Excluding Goodwill": -34000000.0,
        "Net Income From Continuing Operation Net Minority Interest": NaN,
        "Reconciled Depreciation": NaN,
        "Reconciled Cost Of Revenue": NaN,
        "EBITDA": NaN,
        "EBIT": NaN,
        "Net Interest Income": NaN,
        "Interest Expense": NaN,
        "Normalized Income": NaN,
        "Net Income From Continuing And Discontinued Operation": NaN,
        "Total Expenses": NaN,
        "Total Operating Income As Reported": NaN,
        "Diluted Average Shares": NaN,
        "Basic Average Shares": NaN,
        "Diluted EPS": NaN,
        "Basic EPS": NaN,
        "Diluted NI Availto Com Stockholders": NaN,
        "Net Income Common Stockholders": NaN,
        "Net Income": NaN,
        "Minority Interests": NaN,
        "Net Income Including Noncontrolling Interests": NaN,
        "Net Income Continuous Operations": NaN,
        "Tax Provision": NaN,
        "Pretax Income": NaN,
        "Other Income Expense": NaN,
        "Other Non Operating Income Expenses": NaN,
        "Special Income Charges": -34000000.0,
        "Gain On Sale Of Business": 26000000.0,
        "Write Off": 60000000.0,
        "Impairment Of Capital Assets": NaN,
        "Net Non Operating Interest Income Expense": NaN,
        "Interest Expense Non Operating": NaN,
        "Operating Income": NaN,
        "Operating Expense": NaN,
        "Selling General And Administration": NaN,
        "General And Administrative Expense": NaN,
        "Other Gand A": NaN,
        "Salaries And Wages": -77000000.0,
        "Gross Profit": NaN,
        "Cost Of Revenue": NaN,
        "Total Revenue": NaN,
        "Operating Revenue": NaN
    },
    "2023-03-31": {
        "Tax Effect Of Unusual Items": NaN,
        "Tax Rate For Calcs": NaN,
        "Normalized EBITDA": NaN,
        "Total Unusual Items": NaN,
        "Total Unusual Items Excluding Goodwill": NaN,
        "Net Income From Continuing Operation Net Minority Interest": NaN,
        "Reconciled Depreciation": NaN,
        "Reconciled Cost Of Revenue": NaN,
        "EBITDA": NaN,
        "EBIT": NaN,
        "Net Interest Income": NaN,
        "Interest Expense": NaN,
        "Normalized Income": NaN,
        "Net Income From Continuing And Discontinued Operation": NaN,
        "Total Expenses": NaN,
        "Total Operating Income As Reported": 393000000.0,
        "Diluted Average Shares": NaN,
        "Basic Average Shares": NaN,
        "Diluted EPS": NaN,
        "Basic EPS": NaN,
        "Diluted NI Availto Com Stockholders": NaN,
        "Net Income Common Stockholders": NaN,
        "Net Income": NaN,
        "Minority Interests": NaN,
        "Net Income Including Noncontrolling Interests": NaN,
        "Net Income Continuous Operations": NaN,
        "Tax Provision": NaN,
        "Pretax Income": NaN,
        "Other Income Expense": NaN,
        "Other Non Operating Income Expenses": NaN,
        "Special Income Charges": NaN,
        "Gain On Sale Of Business": NaN,
        "Write Off": NaN,
        "Impairment Of Capital Assets": NaN,
        "Net Non Operating Interest Income Expense": NaN,
        "Interest Expense Non Operating": NaN,
        "Operating Income": NaN,
        "Operating Expense": NaN,
        "Selling General And Administration": NaN,
        "General And Administrative Expense": NaN,
        "Other Gand A": NaN,
        "Salaries And Wages": NaN,
        "Gross Profit": NaN,
        "Cost Of Revenue": NaN,
        "Total Revenue": NaN,
        "Operating Revenue": NaN
    },
    "2022-12-31": {
        "Tax Effect Of Unusual Items": NaN,
        "Tax Rate For Calcs": NaN,
        "Normalized EBITDA": NaN,
        "Total Unusual Items": -18000000.0,
        "Total Unusual Items Excluding Goodwill": -18000000.0,
        "Net Income From Continuing Operation Net Minority Interest": NaN,
        "Reconciled Depreciation": NaN,
        "Reconciled Cost Of Revenue": NaN,
        "EBITDA": NaN,
        "EBIT": NaN,
        "Net Interest Income": NaN,
        "Interest Expense": NaN,
        "Normalized Income": NaN,
        "Net Income From Continuing And Discontinued Operation": NaN,
        "Total Expenses": NaN,
        "Total Operating Income As Reported": NaN,
        "Diluted Average Shares": NaN,
        "Basic Average Shares": NaN,
        "Diluted EPS": NaN,
        "Basic EPS": NaN,
        "Diluted NI Availto Com Stockholders": NaN,
        "Net Income Common Stockholders": NaN,
        "Net Income": NaN,
        "Minority Interests": NaN,
        "Net Income Including Noncontrolling Interests": NaN,
        "Net Income Discontinuous Operations": 0.0,
        "Net Income Continuous Operations": NaN,
        "Tax Provision": NaN,
        "Pretax Income": NaN,
        "Other Income Expense": NaN,
        "Other Non Operating Income Expenses": NaN,
        "Special Income Charges": 0.0,
        "Gain On Sale Of Business": 0.0,
        "Write Off": NaN,
        "Impairment Of Capital Assets": 0.0,
        "Net Non Operating Interest Income Expense": NaN,
        "Interest Expense Non Operating": NaN,
        "Operating Income": NaN,
        "Operating Expense": NaN,
        "Selling General And Administration": NaN,
        "General And Administrative Expense": NaN,
        "Other Gand A": NaN,
        "Salaries And Wages": NaN,
        "Gross Profit": NaN,
        "Cost Of Revenue": NaN,
        "Total Revenue": NaN,
        "Operating Revenue": NaN
    },
    "2022-09-30": {
        "Tax Effect Of Unusual Items": NaN,
        "Tax Rate For Calcs": NaN,
        "Normalized EBITDA": NaN,
        "Total Unusual Items": -802000000.0,
        "Total Unusual Items Excluding Goodwill": -802000000.0,
        "Net Income From Continuing Operation Net Minority Interest": NaN,
        "Reconciled Depreciation": NaN,
        "Reconciled Cost Of Revenue": NaN,
        "EBITDA": NaN,
        "EBIT": NaN,
        "Net Interest Income": NaN,
        "Interest Expense": NaN,
        "Normalized Income": NaN,
        "Net Income From Continuing And Discontinued Operation": NaN,
        "Total Expenses": NaN,
        "Total Operating Income As Reported": NaN,
        "Diluted Average Shares": NaN,
        "Basic Average Shares": NaN,
        "Diluted EPS": NaN,
        "Basic EPS": NaN,
        "Diluted NI Availto Com Stockholders": NaN,
        "Net Income Common Stockholders": NaN,
        "Net Income": NaN,
        "Minority Interests": NaN,
        "Net Income Including Noncontrolling Interests": NaN,
        "Net Income Discontinuous Operations": 0.0,
        "Net Income Continuous Operations": NaN,
        "Tax Provision": NaN,
        "Pretax Income": NaN,
        "Other Income Expense": NaN,
        "Other Non Operating Income Expenses": NaN,
        "Special Income Charges": -802000000.0,
        "Gain On Sale Of Business": 0.0,
        "Write Off": NaN,
        "Impairment Of Capital Assets": 802000000.0,
        "Net Non Operating Interest Income Expense": NaN,
        "Interest Expense Non Operating": NaN,
        "Operating Income": NaN,
        "Operating Expense": NaN,
        "Selling General And Administration": NaN,
        "General And Administrative Expense": NaN,
        "Other Gand A": NaN,
        "Salaries And Wages": NaN,
        "Gross Profit": NaN,
        "Cost Of Revenue": NaN,
        "Total Revenue": NaN,
        "Operating Revenue": NaN
    },
    "2022-06-30": {
        "Tax Effect Of Unusual Items": 0.0,
        "Tax Rate For Calcs": 0.105,
        "Normalized EBITDA": 825000000.0,
        "Total Unusual Items": 0.0,
        "Total Unusual Items Excluding Goodwill": 0.0,
        "Net Income From Continuing Operation Net Minority Interest": 471000000.0,
        "Reconciled Depreciation": 233000000.0,
        "Reconciled Cost Of Revenue": 2907000000.0,
        "EBITDA": 825000000.0,
        "EBIT": 592000000.0,
        "Net Interest Income": -67000000.0,
        "Interest Expense": 67000000.0,
        "Normalized Income": 471000000.0,
        "Net Income From Continuing And Discontinued Operation": 471000000.0,
        "Total Expenses": 3651000000.0,
        "Diluted Average Shares": 194000000.0,
        "Basic Average Shares": 192100000.0,
        "Diluted EPS": 2.42,
        "Basic EPS": 2.45,
        "Diluted NI Availto Com Stockholders": 471000000.0,
        "Net Income Common Stockholders": 471000000.0,
        "Net Income": 471000000.0,
        "Minority Interests": 1000000.0,
        "Net Income Including Noncontrolling Interests": 470000000.0,
        "Net Income Discontinuous Operations": 0.0,
        "Net Income Continuous Operations": 470000000.0,
        "Tax Provision": 55000000.0,
        "Pretax Income": 525000000.0,
        "Other Income Expense": 108000000.0,
        "Other Non Operating Income Expenses": 108000000.0,
        "Special Income Charges": 0.0,
        "Gain On Sale Of Business": 0.0,
        "Write Off": NaN,
        "Impairment Of Capital Assets": 0.0,
        "Net Non Operating Interest Income Expense": -67000000.0,
        "Interest Expense Non Operating": 67000000.0,
        "Operating Income": 484000000.0,
        "Operating Expense": 744000000.0,
        "Selling General And Administration": 744000000.0,
        "General And Administrative Expense": NaN,
        "Other Gand A": NaN,
        "Salaries And Wages": NaN,
        "Gross Profit": 1228000000.0,
        "Cost Of Revenue": 2907000000.0,
        "Total Revenue": 4135000000.0,
        "Operating Revenue": 4135000000.0
    },
    "2022-03-31": {
        "Diluted EPS": 2.44,
        "Total Revenue": NaN,
        "Gross Profit": NaN,
        "Operating Income": 498,
        "EBIT": 730,
        "Net Income": 475
    },
    "2021-12-31": {
        "Diluted EPS": 2.44,
        "Total Revenue": NaN,
        "Gross Profit": NaN,
        "Operating Income": 502,
        "EBIT": 990,
        "Net Income": 484
    },
    "2021-09-30": {
        "Diluted EPS": 2.39,
        "Total Revenue": NaN,
        "Gross Profit": NaN,
        "Operating Income": 515,
        "EBIT": 754,
        "Net Income": 481
    },
    "2021-06-30": {
        "Diluted EPS": 2.01,
        "Total Revenue": NaN,
        "Gross Profit": NaN,
        "Operating Income": 526,
        "EBIT": 759,
        "Net Income": 413
    },
    "2021-03-31": {
        "Diluted EPS": 2.25,
        "Total Revenue": NaN,
        "Gross Profit": NaN,
        "Operating Income": 553,
        "EBIT": 804,
        "Net Income": 468
    },
    "2020-12-31": {
        "Diluted EPS": 0.92,
        "Total Revenue": NaN,
        "Gross Profit": NaN,
        "Operating Income": 568,
        "EBIT": NaN,
        "Net Income": 193
    },
    "2020-09-30": {
        "Diluted EPS": 1.98,
        "Total Revenue": NaN,
        "Gross Profit": NaN,
        "Operating Income": 494,
        "EBIT": 747,
        "Net Income": 426
    },
    "2020-06-30": {
        "Diluted EPS": 1.3,
        "Total Revenue": NaN,
        "Gross Profit": NaN,
        "Operating Income": 415,
        "EBIT": 700,
        "Net Income": 283
    },
    "2020-03-31": {
        "Diluted EPS": 0.99,
        "Total Revenue": NaN,
        "Gross Profit": NaN,
        "Operating Income": 516,
        "EBIT": 746,
        "Net Income": 217
    },
    "2019-12-31": {
        "Diluted EPS": 0.0,
        "Total Revenue": NaN,
        "Gross Profit": NaN,
        "Operating Income": NaN,
        "EBIT": NaN,
        "Net Income": NaN
    },
    "2019-09-30": {
        "Diluted EPS": 1.9,
        "Total Revenue": NaN,
        "Gross Profit": NaN,
        "Operating Income": 419,
        "EBIT": 620,
        "Net Income": 429
    },
    "2019-06-30": {
        "Diluted EPS": 2.2,
        "Total Revenue": NaN,
        "Gross Profit": 642,
        "Operating Income": 293,
        "EBIT": 358,
        "Net Income": 268
    },
    "2019-03-31": {
        "Diluted EPS": 2.02,
        "Total Revenue": NaN,
        "Gross Profit": 589,
        "Operating Income": 279,
        "EBIT": 343,
        "Net Income": 243
    },
    "2018-12-31": {
        "Diluted EPS": 1.87,
        "Total Revenue": NaN,
        "Gross Profit": 571,
        "Operating Income": NaN,
        "EBIT": NaN,
        "Net Income": 225
    },
    "2018-09-30": {
        "Diluted EPS": 1.77,
        "Total Revenue": NaN,
        "Gross Profit": 532,
        "Operating Income": 253,
        "EBIT": 253,
        "Net Income": 213
    },
    "2018-06-30": {
        "Diluted EPS": 0.0,
        "Total Revenue": NaN,
        "Gross Profit": NaN,
        "Operating Income": NaN,
        "EBIT": NaN,
        "Net Income": NaN
    },
    "2018-03-31": {
        "Diluted EPS": 1.62,
        "Total Revenue": NaN,
        "Gross Profit": 534,
        "Operating Income": 203,
        "EBIT": 395,
        "Net Income": 196
    },
    "2017-12-31": {
        "Diluted EPS": 1.08,
        "Total Revenue": NaN,
        "Gross Profit": 513,
        "Operating Income": NaN,
        "EBIT": NaN,
        "Net Income": 131
    },
    "2017-09-30": {
        "Diluted EPS": 1.31,
        "Total Revenue": NaN,
        "Gross Profit": 491,
        "Operating Income": 223,
        "EBIT": 223,
        "Net Income": 159
    },
    "2017-06-30": {
        "Diluted EPS": 0.0,
        "Total Revenue": NaN,
        "Gross Profit": NaN,
        "Operating Income": NaN,
        "EBIT": NaN,
        "Net Income": NaN
    },
    "2017-03-31": {
        "Diluted EPS": 0.69,
        "Total Revenue": NaN,
        "Gross Profit": 531,
        "Operating Income": 275,
        "EBIT": 514,
        "Net Income": 85
    },
    "2016-12-31": {
        "Diluted EPS": 1.4,
        "Total Revenue": NaN,
        "Gross Profit": 529,
        "Operating Income": NaN,
        "EBIT": NaN,
        "Net Income": 177
    },
    "2016-09-30": {
        "Diluted EPS": 1.27,
        "Total Revenue": NaN,
        "Gross Profit": 523,
        "Operating Income": 246,
        "EBIT": 246,
        "Net Income": 160
    },
    "2016-06-30": {
        "Diluted EPS": 0.0,
        "Total Revenue": NaN,
        "Gross Profit": NaN,
        "Operating Income": NaN,
        "EBIT": NaN,
        "Net Income": NaN
    },
    "2016-03-31": {
        "Diluted EPS": 1.34,
        "Total Revenue": NaN,
        "Gross Profit": 541,
        "Operating Income": 268,
        "EBIT": 530,
        "Net Income": 168
    },
    "2015-12-31": {
        "Diluted EPS": -1.22,
        "Total Revenue": NaN,
        "Gross Profit": 545,
        "Operating Income": NaN,
        "EBIT": NaN,
        "Net Income": -152
    },
    "2015-09-30": {
        "Diluted EPS": 1.18,
        "Total Revenue": NaN,
        "Gross Profit": 591,
        "Operating Income": 262,
        "EBIT": 262,
        "Net Income": 148
    },
    "2015-06-30": {
        "Diluted EPS": 0.0,
        "Total Revenue": NaN,
        "Gross Profit": NaN,
        "Operating Income": NaN,
        "EBIT": NaN,
        "Net Income": NaN
    },
    "2015-03-31": {
        "Diluted EPS": 1.2,
        "Total Revenue": NaN,
        "Gross Profit": 433,
        "Operating Income": 213,
        "EBIT": 377,
        "Net Income": 126
    },
    "2014-12-31": {
        "Diluted EPS": 1.32,
        "Total Revenue": NaN,
        "Gross Profit": 398,
        "Operating Income": NaN,
        "EBIT": NaN,
        "Net Income": 139
    },
    "2014-09-30": {
        "Diluted EPS": 1.18,
        "Total Revenue": NaN,
        "Gross Profit": 393,
        "Operating Income": 198,
        "EBIT": 198,
        "Net Income": 125
    },
    "2014-06-30": {
        "Diluted EPS": 0.0,
        "Total Revenue": NaN,
        "Gross Profit": NaN,
        "Operating Income": NaN,
        "EBIT": NaN,
        "Net Income": NaN
    },
    "2014-03-31": {
        "Diluted EPS": 1.31,
        "Total Revenue": NaN,
        "Gross Profit": 427,
        "Operating Income": 223,
        "EBIT": 372,
        "Net Income": 141
    },
    "2013-12-31": {
        "Diluted EPS": 1.26,
        "Total Revenue": NaN,
        "Gross Profit": 428,
        "Operating Income": NaN,
        "EBIT": NaN,
        "Net Income": 136
    },
    "2013-09-30": {
        "Diluted EPS": 1.16,
        "Total Revenue": NaN,
        "Gross Profit": 417,
        "Operating Income": 210,
        "EBIT": 210,
        "Net Income": 126
    },
    "2013-06-30": {
        "Diluted EPS": 0.0,
        "Total Revenue": NaN,
        "Gross Profit": NaN,
        "Operating Income": NaN,
        "EBIT": NaN,
        "Net Income": NaN
    },
    "2013-03-31": {
        "Diluted EPS": 0.85,
        "Total Revenue": NaN,
        "Gross Profit": 400,
        "Operating Income": 198,
        "EBIT": 362,
        "Net Income": 95
    },
    "2012-12-31": {
        "Diluted EPS": 0.43,
        "Total Revenue": NaN,
        "Gross Profit": 442,
        "Operating Income": NaN,
        "EBIT": NaN,
        "Net Income": 49
    },
    "2012-09-30": {
        "Diluted EPS": -0.77,
        "Total Revenue": NaN,
        "Gross Profit": 413,
        "Operating Income": 215,
        "EBIT": 215,
        "Net Income": -86
    },
    "2012-06-30": {
        "Diluted EPS": 0.0,
        "Total Revenue": NaN,
        "Gross Profit": NaN,
        "Operating Income": NaN,
        "EBIT": NaN,
        "Net Income": NaN
    },
    "2012-03-31": {
        "Diluted EPS": -3.15,
        "Total Revenue": NaN,
        "Gross Profit": 489,
        "Operating Income": 247,
        "EBIT": 441,
        "Net Income": -353
    },
    "2011-12-31": {
        "Diluted EPS": 1.16,
        "Total Revenue": NaN,
        "Gross Profit": 454,
        "Operating Income": NaN,
        "EBIT": NaN,
        "Net Income": 133
    },
    "2011-09-30": {
        "Diluted EPS": 1.01,
        "Total Revenue": NaN,
        "Gross Profit": 442,
        "Operating Income": 219,
        "EBIT": 219,
        "Net Income": 122
    },
    "2011-06-30": {
        "Diluted EPS": 0.0,
        "Total Revenue": NaN,
        "Gross Profit": NaN,
        "Operating Income": NaN,
        "EBIT": NaN,
        "Net Income": NaN
    },
    "2011-03-31": {
        "Diluted EPS": 1.09,
        "Total Revenue": NaN,
        "Gross Profit": 516,
        "Operating Income": 235,
        "EBIT": 384,
        "Net Income": 140
    },
    "2010-12-31": {
        "Diluted EPS": 1.18,
        "Total Revenue": NaN,
        "Gross Profit": 498,
        "Operating Income": NaN,
        "EBIT": NaN,
        "Net Income": 151
    },
    "2010-09-30": {
        "Diluted EPS": 1.27,
        "Total Revenue": NaN,
        "Gross Profit": 524,
        "Operating Income": 269,
        "EBIT": 269,
        "Net Income": 164
    },
    "2010-06-30": {
        "Diluted EPS": 0.0,
        "Total Revenue": NaN,
        "Gross Profit": NaN,
        "Operating Income": NaN,
        "EBIT": NaN,
        "Net Income": NaN
    },
    "2010-03-31": {
        "Diluted EPS": 1.26,
        "Total Revenue": NaN,
        "Gross Profit": 510,
        "Operating Income": 265,
        "EBIT": 386,
        "Net Income": 166
    },
    "2009-12-31": {
        "Diluted EPS": 1.06,
        "Total Revenue": NaN,
        "Gross Profit": 439,
        "Operating Income": NaN,
        "EBIT": NaN,
        "Net Income": 140
    },
    "2009-09-30": {
        "Diluted EPS": 0.79,
        "Total Revenue": NaN,
        "Gross Profit": 391,
        "Operating Income": 179,
        "EBIT": 179,
        "Net Income": 105
    },
    "2009-06-30": {
        "Diluted EPS": 0.0,
        "Total Revenue": NaN,
        "Gross Profit": NaN,
        "Operating Income": NaN,
        "EBIT": NaN,
        "Net Income": NaN
    },
    "2009-03-31": {
        "Diluted EPS": 0.86,
        "Total Revenue": NaN,
        "Gross Profit": 392,
        "Operating Income": 203,
        "EBIT": 331,
        "Net Income": 114
    },
    "2023-09-30": {
        "Tax Effect Of Unusual Items": NaN,
        "Tax Rate For Calcs": NaN,
        "Normalized EBITDA": NaN,
        "Total Unusual Items": 0.0,
        "Total Unusual Items Excluding Goodwill": 0.0,
        "Net Income From Continuing Operation Net Minority Interest": NaN,
        "Reconciled Depreciation": NaN,
        "Reconciled Cost Of Revenue": NaN,
        "EBITDA": NaN,
        "EBIT": NaN,
        "Net Interest Income": NaN,
        "Interest Expense": NaN,
        "Normalized Income": NaN,
        "Net Income From Continuing And Discontinued Operation": NaN,
        "Total Expenses": NaN,
        "Total Operating Income As Reported": 479000000.0,
        "Diluted Average Shares": NaN,
        "Basic Average Shares": NaN,
        "Diluted EPS": NaN,
        "Basic EPS": NaN,
        "Diluted NI Availto Com Stockholders": NaN,
        "Net Income Common Stockholders": NaN,
        "Net Income": NaN,
        "Minority Interests": NaN,
        "Net Income Including Noncontrolling Interests": NaN,
        "Net Income Continuous Operations": NaN,
        "Tax Provision": NaN,
        "Pretax Income": NaN,
        "Other Income Expense": NaN,
        "Other Non Operating Income Expenses": NaN,
        "Special Income Charges": 0.0,
        "Gain On Sale Of Business": 0.0,
        "Impairment Of Capital Assets": 0.0,
        "Restructuring And Mergern Acquisition": NaN,
        "Net Non Operating Interest Income Expense": NaN,
        "Interest Expense Non Operating": NaN,
        "Operating Income": NaN,
        "Operating Expense": NaN,
        "Depreciation Amortization Depletion Income Statement": NaN,
        "Depreciation And Amortization In Income Statement": NaN,
        "Amortization": NaN,
        "Amortization Of Intangibles Income Statement": NaN,
        "Research And Development": NaN,
        "Selling General And Administration": NaN,
        "Selling And Marketing Expense": NaN,
        "General And Administrative Expense": NaN,
        "Other Gand A": NaN,
        "Salaries And Wages": NaN,
        "Gross Profit": NaN,
        "Cost Of Revenue": NaN,
        "Total Revenue": NaN,
        "Operating Revenue": NaN
    },
    "2023-12-31": {
        "Tax Effect Of Unusual Items": NaN,
        "Tax Rate For Calcs": NaN,
        "Normalized EBITDA": NaN,
        "Total Unusual Items": -547000000.0,
        "Total Unusual Items Excluding Goodwill": -547000000.0,
        "Net Income From Continuing Operation Net Minority Interest": NaN,
        "Reconciled Depreciation": NaN,
        "Reconciled Cost Of Revenue": NaN,
        "EBITDA": NaN,
        "EBIT": NaN,
        "Net Interest Income": NaN,
        "Interest Expense": NaN,
        "Normalized Income": NaN,
        "Net Income From Continuing And Discontinued Operation": NaN,
        "Total Expenses": NaN,
        "Total Operating Income As Reported": NaN,
        "Diluted Average Shares": NaN,
        "Basic Average Shares": NaN,
        "Diluted EPS": NaN,
        "Basic EPS": NaN,
        "Diluted NI Availto Com Stockholders": NaN,
        "Net Income Common Stockholders": NaN,
        "Net Income": NaN,
        "Minority Interests": NaN,
        "Net Income Including Noncontrolling Interests": NaN,
        "Net Income Continuous Operations": NaN,
        "Tax Provision": NaN,
        "Pretax Income": NaN,
        "Other Income Expense": NaN,
        "Other Non Operating Income Expenses": NaN,
        "Special Income Charges": -547000000.0,
        "Gain On Sale Of Business": -77000000.0,
        "Impairment Of Capital Assets": 296000000.0,
        "Restructuring And Mergern Acquisition": NaN,
        "Net Non Operating Interest Income Expense": NaN,
        "Interest Expense Non Operating": NaN,
        "Operating Income": NaN,
        "Operating Expense": NaN,
        "Depreciation Amortization Depletion Income Statement": NaN,
        "Depreciation And Amortization In Income Statement": NaN,
        "Amortization": NaN,
        "Amortization Of Intangibles Income Statement": NaN,
        "Research And Development": NaN,
        "Selling General And Administration": NaN,
        "Selling And Marketing Expense": NaN,
        "General And Administrative Expense": NaN,
        "Other Gand A": NaN,
        "Salaries And Wages": NaN,
        "Gross Profit": NaN,
        "Cost Of Revenue": NaN,
        "Total Revenue": NaN,
        "Operating Revenue": NaN
    },
    "2024-03-31": {
        "Tax Effect Of Unusual Items": NaN,
        "Tax Rate For Calcs": NaN,
        "Normalized EBITDA": NaN,
        "Total Unusual Items": -40000000.0,
        "Total Unusual Items Excluding Goodwill": -40000000.0,
        "Net Income From Continuing Operation Net Minority Interest": NaN,
        "Reconciled Depreciation": NaN,
        "Reconciled Cost Of Revenue": NaN,
        "EBITDA": NaN,
        "EBIT": NaN,
        "Net Interest Income": NaN,
        "Interest Expense": NaN,
        "Normalized Income": NaN,
        "Net Income From Continuing And Discontinued Operation": NaN,
        "Total Expenses": NaN,
        "Total Operating Income As Reported": NaN,
        "Diluted Average Shares": NaN,
        "Basic Average Shares": NaN,
        "Diluted EPS": NaN,
        "Basic EPS": NaN,
        "Diluted NI Availto Com Stockholders": NaN,
        "Net Income Common Stockholders": NaN,
        "Net Income": NaN,
        "Minority Interests": NaN,
        "Net Income Including Noncontrolling Interests": NaN,
        "Net Income Continuous Operations": NaN,
        "Tax Provision": NaN,
        "Pretax Income": NaN,
        "Other Income Expense": NaN,
        "Other Non Operating Income Expenses": NaN,
        "Special Income Charges": -40000000.0,
        "Gain On Sale Of Business": 0.0,
        "Restructuring And Mergern Acquisition": 40000000.0,
        "Net Non Operating Interest Income Expense": NaN,
        "Interest Expense Non Operating": NaN,
        "Operating Income": NaN,
        "Operating Expense": NaN,
        "Depreciation Amortization Depletion Income Statement": 197000000.0,
        "Depreciation And Amortization In Income Statement": 197000000.0,
        "Amortization": 197000000.0,
        "Amortization Of Intangibles Income Statement": 197000000.0,
        "Research And Development": 114000000.0,
        "Selling General And Administration": NaN,
        "Selling And Marketing Expense": 113000000.0,
        "General And Administrative Expense": NaN,
        "Other Gand A": NaN,
        "Salaries And Wages": NaN,
        "Gross Profit": NaN,
        "Cost Of Revenue": NaN,
        "Total Revenue": NaN,
        "Operating Revenue": NaN
    },
    "2024-06-30": {
        "Tax Effect Of Unusual Items": NaN,
        "Tax Rate For Calcs": NaN,
        "Normalized EBITDA": NaN,
        "Total Unusual Items": -45000000.0,
        "Total Unusual Items Excluding Goodwill": -45000000.0,
        "Net Income From Continuing Operation Net Minority Interest": NaN,
        "Reconciled Depreciation": NaN,
        "Reconciled Cost Of Revenue": NaN,
        "EBITDA": NaN,
        "EBIT": NaN,
        "Net Interest Income": NaN,
        "Interest Expense": NaN,
        "Normalized Income": NaN,
        "Net Income From Continuing And Discontinued Operation": NaN,
        "Total Expenses": NaN,
        "Total Operating Income As Reported": NaN,
        "Diluted Average Shares": NaN,
        "Basic Average Shares": NaN,
        "Diluted EPS": NaN,
        "Basic EPS": NaN,
        "Diluted NI Availto Com Stockholders": NaN,
        "Net Income Common Stockholders": NaN,
        "Net Income": NaN,
        "Minority Interests": NaN,
        "Net Income Including Noncontrolling Interests": NaN,
        "Net Income Continuous Operations": NaN,
        "Tax Provision": NaN,
        "Pretax Income": NaN,
        "Other Income Expense": NaN,
        "Other Non Operating Income Expenses": NaN,
        "Special Income Charges": -45000000.0,
        "Gain On Sale Of Business": -24000000.0,
        "Restructuring And Mergern Acquisition": 21000000.0,
        "Net Non Operating Interest Income Expense": NaN,
        "Interest Expense Non Operating": NaN,
        "Operating Income": NaN,
        "Operating Expense": NaN,
        "Depreciation Amortization Depletion Income Statement": 194000000.0,
        "Depreciation And Amortization In Income Statement": 194000000.0,
        "Amortization": 194000000.0,
        "Amortization Of Intangibles Income Statement": 194000000.0,
        "Research And Development": 124000000.0,
        "Selling General And Administration": NaN,
        "Selling And Marketing Expense": 112000000.0,
        "General And Administrative Expense": NaN,
        "Other Gand A": NaN,
        "Salaries And Wages": -81000000.0,
        "Gross Profit": NaN,
        "Cost Of Revenue": NaN,
        "Total Revenue": NaN,
        "Operating Revenue": NaN
    },
    "2024-09-30": {
        "Tax Effect Of Unusual Items": -3240000.0,
        "Tax Rate For Calcs": 0.06,
        "Normalized EBITDA": 974000000.0,
        "Total Unusual Items": NaN,
        "Total Unusual Items Excluding Goodwill": NaN,
        "Net Income From Continuing Operation Net Minority Interest": 400000000.0,
        "Reconciled Depreciation": 324000000.0,
        "Reconciled Cost Of Revenue": 3743000000.0,
        "EBITDA": 920000000.0,
        "EBIT": 596000000.0,
        "Net Interest Income": -166000000.0,
        "Interest Expense": 166000000.0,
        "Normalized Income": 450760000.0,
        "Net Income From Continuing And Discontinued Operation": 400000000.0,
        "Total Expenses": 4743000000.0,
        "Total Operating Income As Reported": 495000000.0,
        "Diluted Average Shares": NaN,
        "Basic Average Shares": NaN,
        "Diluted EPS": NaN,
        "Basic EPS": NaN,
        "Diluted NI Availto Com Stockholders": 400000000.0,
        "Net Income Common Stockholders": 400000000.0,
        "Net Income": 400000000.0,
        "Minority Interests": -4000000.0,
        "Net Income Including Noncontrolling Interests": 404000000.0,
        "Net Income Continuous Operations": 404000000.0,
        "Tax Provision": 26000000.0,
        "Pretax Income": 430000000.0,
        "Other Income Expense": 47000000.0,
        "Other Non Operating Income Expenses": 101000000.0,
        "Special Income Charges": NaN,
        "Gain On Sale Of Business": NaN,
        "Restructuring And Mergern Acquisition": NaN,
        "Net Non Operating Interest Income Expense": -166000000.0,
        "Interest Expense Non Operating": 166000000.0,
        "Operating Income": 549000000.0,
        "Operating Expense": 870000000.0,
        "Depreciation Amortization Depletion Income Statement": NaN,
        "Depreciation And Amortization In Income Statement": NaN,
        "Amortization": NaN,
        "Amortization Of Intangibles Income Statement": NaN,
        "Research And Development": NaN,
        "Selling General And Administration": 541000000.0,
        "Selling And Marketing Expense": NaN,
        "General And Administrative Expense": 429000000.0,
        "Other Gand A": 429000000.0,
        "Salaries And Wages": NaN,
        "Gross Profit": 1419000000.0,
        "Cost Of Revenue": 3873000000.0,
        "Total Revenue": 5292000000.0,
        "Operating Revenue": 5292000000.0
    },
    "2024-12-31": {
        "Tax Effect Of Unusual Items": 0.0,
        "Tax Rate For Calcs": 0.063655,
        "Normalized EBITDA": 974000000.0,
        "Total Unusual Items": NaN,
        "Total Unusual Items Excluding Goodwill": NaN,
        "Net Income From Continuing Operation Net Minority Interest": 453000000.0,
        "Reconciled Depreciation": 326000000.0,
        "Reconciled Cost Of Revenue": 4126000000.0,
        "EBITDA": 974000000.0,
        "EBIT": 648000000.0,
        "Net Interest Income": -161000000.0,
        "Interest Expense": 161000000.0,
        "Normalized Income": 453000000.0,
        "Net Income From Continuing And Discontinued Operation": 453000000.0,
        "Total Expenses": 4795000000.0,
        "Total Operating Income As Reported": 569000000.0,
        "Diluted Average Shares": 190600000.0,
        "Basic Average Shares": 189700000.0,
        "Diluted EPS": 2.37,
        "Basic EPS": 2.38,
        "Diluted NI Availto Com Stockholders": 453000000.0,
        "Net Income Common Stockholders": 453000000.0,
        "Net Income": 453000000.0,
        "Minority Interests": -3000000.0,
        "Net Income Including Noncontrolling Interests": 456000000.0,
        "Net Income Continuous Operations": 456000000.0,
        "Tax Provision": 31000000.0,
        "Pretax Income": 487000000.0,
        "Other Income Expense": -80000000.0,
        "Other Non Operating Income Expenses": 79000000.0,
        "Special Income Charges": NaN,
        "Gain On Sale Of Business": NaN,
        "Restructuring And Mergern Acquisition": NaN,
        "Net Non Operating Interest Income Expense": -161000000.0,
        "Interest Expense Non Operating": 161000000.0,
        "Operating Income": 728000000.0,
        "Operating Expense": 669000000.0,
        "Depreciation Amortization Depletion Income Statement": NaN,
        "Depreciation And Amortization In Income Statement": NaN,
        "Amortization": NaN,
        "Amortization Of Intangibles Income Statement": NaN,
        "Research And Development": NaN,
        "Selling General And Administration": -625000000.0,
        "Selling And Marketing Expense": NaN,
        "General And Administrative Expense": -1070000000.0,
        "Other Gand A": -1070000000.0,
        "Salaries And Wages": NaN,
        "Gross Profit": 1397000000.0,
        "Cost Of Revenue": 4126000000.0,
        "Total Revenue": 5523000000.0,
        "Operating Revenue": 5523000000.0
    },
    "2025-03-31": {
        "Tax Effect Of Unusual Items": -5406000.0,
        "Tax Rate For Calcs": 0.159,
        "Normalized EBITDA": 944000000.0,
        "Total Unusual Items": -34000000.0,
        "Total Unusual Items Excluding Goodwill": -34000000.0,
        "Net Income From Continuing Operation Net Minority Interest": 386000000.0,
        "Reconciled Depreciation": 301000000.0,
        "Reconciled Cost Of Revenue": 3658000000.0,
        "EBITDA": 910000000.0,
        "EBIT": 609000000.0,
        "Net Interest Income": -150000000.0,
        "Interest Expense": 150000000.0,
        "Normalized Income": 414594000.0,
        "Net Income From Continuing And Discontinued Operation": 386000000.0,
        "Total Expenses": 4573000000.0,
        "Total Operating Income As Reported": 525000000.0,
        "Diluted Average Shares": 189100000.0,
        "Basic Average Shares": 188500000.0,
        "Diluted EPS": 2.04,
        "Basic EPS": 2.05,
        "Diluted NI Availto Com Stockholders": 386000000.0,
        "Net Income Common Stockholders": 386000000.0,
        "Net Income": 386000000.0,
        "Minority Interests": 0.0,
        "Net Income Including Noncontrolling Interests": 386000000.0,
        "Net Income Continuous Operations": 386000000.0,
        "Tax Provision": 73000000.0,
        "Pretax Income": 459000000.0,
        "Other Income Expense": 50000000.0,
        "Other Non Operating Income Expenses": 84000000.0,
        "Special Income Charges": -34000000.0,
        "Gain On Sale Of Business": -17000000.0,
        "Restructuring And Mergern Acquisition": 17000000.0,
        "Net Non Operating Interest Income Expense": -150000000.0,
        "Interest Expense Non Operating": 150000000.0,
        "Operating Income": 559000000.0,
        "Operating Expense": 791000000.0,
        "Depreciation Amortization Depletion Income Statement": 177000000.0,
        "Depreciation And Amortization In Income Statement": 177000000.0,
        "Amortization": 177000000.0,
        "Amortization Of Intangibles Income Statement": 177000000.0,
        "Research And Development": 112000000.0,
        "Selling General And Administration": 502000000.0,
        "Selling And Marketing Expense": 105000000.0,
        "General And Administrative Expense": 397000000.0,
        "Other Gand A": 397000000.0,
        "Salaries And Wages": NaN,
        "Gross Profit": 1350000000.0,
        "Cost Of Revenue": 3782000000.0,
        "Total Revenue": 5132000000.0,
        "Operating Revenue": 5132000000.0
    },
    "2025-06-30": {
        "Tax Effect Of Unusual Items": -1637404.580153,
        "Tax Rate For Calcs": 0.125954,
        "Normalized EBITDA": 992000000.0,
        "Total Unusual Items": -13000000.0,
        "Total Unusual Items Excluding Goodwill": -13000000.0,
        "Net Income From Continuing Operation Net Minority Interest": 458000000.0,
        "Reconciled Depreciation": 303000000.0,
        "Reconciled Cost Of Revenue": 3965000000.0,
        "EBITDA": 979000000.0,
        "EBIT": 676000000.0,
        "Net Interest Income": -152000000.0,
        "Interest Expense": 152000000.0,
        "Normalized Income": 469362595.419847,
        "Net Income From Continuing And Discontinued Operation": 458000000.0,
        "Total Expenses": 4842000000.0,
        "Total Operating Income As Reported": 571000000.0,
        "Diluted Average Shares": 187800000.0,
        "Basic Average Shares": 187000000.0,
        "Diluted EPS": 2.44,
        "Basic EPS": 2.45,
        "Diluted NI Availto Com Stockholders": 458000000.0,
        "Net Income Common Stockholders": 458000000.0,
        "Net Income": 458000000.0,
        "Minority Interests": 0.0,
        "Net Income Including Noncontrolling Interests": 458000000.0,
        "Net Income Continuous Operations": 458000000.0,
        "Tax Provision": 66000000.0,
        "Pretax Income": 524000000.0,
        "Other Income Expense": 92000000.0,
        "Other Non Operating Income Expenses": 105000000.0,
        "Special Income Charges": -13000000.0,
        "Gain On Sale Of Business": 0.0,
        "Restructuring And Mergern Acquisition": 13000000.0,
        "Net Non Operating Interest Income Expense": -152000000.0,
        "Interest Expense Non Operating": 152000000.0,
        "Operating Income": 584000000.0,
        "Operating Expense": 751000000.0,
        "Depreciation Amortization Depletion Income Statement": 177000000.0,
        "Depreciation And Amortization In Income Statement": 177000000.0,
        "Amortization": 177000000.0,
        "Amortization Of Intangibles Income Statement": 177000000.0,
        "Research And Development": 132000000.0,
        "Selling General And Administration": 442000000.0,
        "Selling And Marketing Expense": 120000000.0,
        "General And Administrative Expense": 322000000.0,
        "Other Gand A": 322000000.0,
        "Salaries And Wages": NaN,
        "Gross Profit": 1335000000.0,
        "Cost Of Revenue": 4091000000.0,
        "Total Revenue": 5426000000.0,
        "Operating Revenue": 5426000000.0
    },
    "2025-09-30": {
        "Tax Effect Of Unusual Items": -1850000.0,
        "Tax Rate For Calcs": 0.185,
        "Normalized EBITDA": 1038000000.0,
        "Total Unusual Items": -10000000.0,
        "Total Unusual Items Excluding Goodwill": -10000000.0,
        "Net Income From Continuing Operation Net Minority Interest": 462000000.0,
        "Reconciled Depreciation": 309000000.0,
        "Reconciled Cost Of Revenue": 4033000000.0,
        "EBITDA": 1028000000.0,
        "EBIT": 719000000.0,
        "Net Interest Income": -152000000.0,
        "Interest Expense": 152000000.0,
        "Normalized Income": 470150000.0,
        "Net Income From Continuing And Discontinued Operation": 462000000.0,
        "Total Expenses": 5028000000.0,
        "Total Operating Income As Reported": 621000000.0,
        "Diluted Average Shares": 188100000.0,
        "Basic Average Shares": 187100000.0,
        "Diluted EPS": 2.46,
        "Basic EPS": 2.47,
        "Diluted NI Availto Com Stockholders": 462000000.0,
        "Net Income Common Stockholders": 462000000.0,
        "Net Income": 462000000.0,
        "Minority Interests": 0.0,
        "Net Income Including Noncontrolling Interests": 462000000.0,
        "Net Income Continuous Operations": 462000000.0,
        "Tax Provision": 105000000.0,
        "Pretax Income": 567000000.0,
        "Other Income Expense": 88000000.0,
        "Other Non Operating Income Expenses": 98000000.0,
        "Special Income Charges": -10000000.0,
        "Gain On Sale Of Business": 0.0,
        "Restructuring And Mergern Acquisition": 10000000.0,
        "Net Non Operating Interest Income Expense": -152000000.0,
        "Interest Expense Non Operating": 152000000.0,
        "Operating Income": 631000000.0,
        "Operating Expense": 863000000.0,
        "Depreciation Amortization Depletion Income Statement": 177000000.0,
        "Depreciation And Amortization In Income Statement": 177000000.0,
        "Amortization": 177000000.0,
        "Amortization Of Intangibles Income Statement": 177000000.0,
        "Research And Development": 137000000.0,
        "Selling General And Administration": 549000000.0,
        "Selling And Marketing Expense": 129000000.0,
        "General And Administrative Expense": 420000000.0,
        "Other Gand A": 420000000.0,
        "Salaries And Wages": NaN,
        "Gross Profit": 1494000000.0,
        "Cost Of Revenue": 4165000000.0,
        "Total Revenue": 5659000000.0,
        "Operating Revenue": 5659000000.0
    },
    "2025-12-31": {
        "Tax Effect Of Unusual Items": NaN,
        "Tax Rate For Calcs": NaN,
        "Normalized EBITDA": NaN,
        "Total Unusual Items": NaN,
        "Total Unusual Items Excluding Goodwill": NaN,
        "Net Income From Continuing Operation Net Minority Interest": NaN,
        "Reconciled Depreciation": NaN,
        "Reconciled Cost Of Revenue": NaN,
        "EBITDA": NaN,
        "EBIT": NaN,
        "Net Interest Income": NaN,
        "Interest Expense": NaN,
        "Normalized Income": NaN,
        "Net Income From Continuing And Discontinued Operation": NaN,
        "Total Expenses": NaN,
        "Total Operating Income As Reported": NaN,
        "Diluted Average Shares": 188200000.0,
        "Basic Average Shares": 187000000.0,
        "Diluted EPS": 1.59,
        "Basic EPS": 1.6,
        "Diluted NI Availto Com Stockholders": NaN,
        "Net Income Common Stockholders": NaN,
        "Net Income": NaN,
        "Minority Interests": NaN,
        "Net Income Including Noncontrolling Interests": NaN,
        "Net Income Continuous Operations": NaN,
        "Tax Provision": NaN,
        "Pretax Income": NaN,
        "Other Income Expense": NaN,
        "Other Non Operating Income Expenses": NaN,
        "Special Income Charges": NaN,
        "Gain On Sale Of Business": NaN,
        "Restructuring And Mergern Acquisition": NaN,
        "Net Non Operating Interest Income Expense": NaN,
        "Interest Expense Non Operating": NaN,
        "Operating Income": NaN,
        "Operating Expense": NaN,
        "Depreciation Amortization Depletion Income Statement": NaN,
        "Depreciation And Amortization In Income Statement": NaN,
        "Amortization": NaN,
        "Amortization Of Intangibles Income Statement": NaN,
        "Research And Development": NaN,
        "Selling General And Administration": NaN,
        "Selling And Marketing Expense": NaN,
        "General And Administrative Expense": NaN,
        "Other Gand A": NaN,
        "Salaries And Wages": NaN,
        "Gross Profit": NaN,
        "Cost Of Revenue": NaN,
        "Total Revenue": NaN,
        "Operating Revenue": NaN
    }
}