{
    "2023-03-31": {
        "Tax Effect Of Unusual Items": NaN,
        "Tax Rate For Calcs": NaN,
        "Normalized EBITDA": NaN,
        "Net Income From Continuing Operation Net Minority Interest": NaN,
        "Reconciled Depreciation": 358500000.0,
        "Reconciled Cost Of Revenue": NaN,
        "EBITDA": NaN,
        "EBIT": NaN,
        "Net Interest Income": NaN,
        "Interest Expense": NaN,
        "Interest Income": NaN,
        "Normalized Income": NaN,
        "Net Income From Continuing And Discontinued Operation": NaN,
        "Total Expenses": NaN,
        "Total Operating Income As Reported": NaN,
        "Diluted Average Shares": NaN,
        "Basic Average Shares": NaN,
        "Diluted EPS": NaN,
        "Basic EPS": NaN,
        "Diluted NI Availto Com Stockholders": NaN,
        "Net Income Common Stockholders": NaN,
        "Net Income": NaN,
        "Minority Interests": NaN,
        "Net Income Including Noncontrolling Interests": NaN,
        "Net Income Continuous Operations": NaN,
        "Tax Provision": NaN,
        "Pretax Income": NaN,
        "Other Income Expense": NaN,
        "Other Non Operating Income Expenses": NaN,
        "Net Non Operating Interest Income Expense": NaN,
        "Interest Expense Non Operating": NaN,
        "Interest Income Non Operating": NaN,
        "Operating Income": NaN,
        "Operating Expense": NaN,
        "Other Operating Expenses": NaN,
        "Research And Development": NaN,
        "Selling General And Administration": NaN,
        "Gross Profit": NaN,
        "Cost Of Revenue": NaN,
        "Total Revenue": NaN,
        "Operating Revenue": NaN
    },
    "2022-12-31": {
        "Tax Effect Of Unusual Items": NaN,
        "Tax Rate For Calcs": NaN,
        "Normalized EBITDA": NaN,
        "Net Income From Continuing Operation Net Minority Interest": NaN,
        "Reconciled Depreciation": 428584000.0,
        "Reconciled Cost Of Revenue": NaN,
        "EBITDA": NaN,
        "EBIT": NaN,
        "Net Interest Income": NaN,
        "Interest Expense": NaN,
        "Interest Income": NaN,
        "Normalized Income": NaN,
        "Net Income From Continuing And Discontinued Operation": NaN,
        "Total Expenses": NaN,
        "Rent Expense Supplemental": 192849000.0,
        "Total Operating Income As Reported": NaN,
        "Diluted Average Shares": NaN,
        "Basic Average Shares": NaN,
        "Diluted EPS": NaN,
        "Basic EPS": NaN,
        "Diluted NI Availto Com Stockholders": NaN,
        "Net Income Common Stockholders": NaN,
        "Net Income": NaN,
        "Minority Interests": NaN,
        "Net Income Including Noncontrolling Interests": NaN,
        "Net Income Continuous Operations": NaN,
        "Tax Provision": NaN,
        "Pretax Income": NaN,
        "Other Income Expense": NaN,
        "Other Non Operating Income Expenses": NaN,
        "Net Non Operating Interest Income Expense": NaN,
        "Interest Expense Non Operating": NaN,
        "Interest Income Non Operating": NaN,
        "Operating Income": NaN,
        "Operating Expense": NaN,
        "Other Operating Expenses": NaN,
        "Provision For Doubtful Accounts": -12463000.0,
        "Depreciation Amortization Depletion Income Statement": 85928000.0,
        "Depreciation And Amortization In Income Statement": 85928000.0,
        "Research And Development": NaN,
        "Selling General And Administration": NaN,
        "Selling And Marketing Expense": 363906000.0,
        "General And Administrative Expense": 1192488000.0,
        "Other Gand A": 182347000.0,
        "Rent And Landing Fees": 192849000.0,
        "Salaries And Wages": 817292000.0,
        "Gross Profit": NaN,
        "Cost Of Revenue": NaN,
        "Total Revenue": NaN,
        "Operating Revenue": NaN
    },
    "2022-09-30": {
        "Tax Effect Of Unusual Items": NaN,
        "Tax Rate For Calcs": NaN,
        "Normalized EBITDA": NaN,
        "Net Income From Continuing Operation Net Minority Interest": NaN,
        "Reconciled Depreciation": 379922000.0,
        "Reconciled Cost Of Revenue": NaN,
        "EBITDA": NaN,
        "EBIT": NaN,
        "Net Interest Income": NaN,
        "Interest Expense": NaN,
        "Interest Income": NaN,
        "Normalized Income": NaN,
        "Net Income From Continuing And Discontinued Operation": NaN,
        "Total Expenses": NaN,
        "Rent Expense Supplemental": NaN,
        "Total Operating Income As Reported": NaN,
        "Diluted Average Shares": NaN,
        "Basic Average Shares": NaN,
        "Diluted EPS": NaN,
        "Basic EPS": NaN,
        "Diluted NI Availto Com Stockholders": NaN,
        "Net Income Common Stockholders": NaN,
        "Net Income": NaN,
        "Minority Interests": NaN,
        "Net Income Including Noncontrolling Interests": NaN,
        "Net Income Continuous Operations": NaN,
        "Tax Provision": NaN,
        "Pretax Income": NaN,
        "Other Income Expense": NaN,
        "Other Non Operating Income Expenses": NaN,
        "Net Non Operating Interest Income Expense": NaN,
        "Interest Expense Non Operating": NaN,
        "Interest Income Non Operating": NaN,
        "Operating Income": NaN,
        "Operating Expense": NaN,
        "Other Operating Expenses": NaN,
        "Provision For Doubtful Accounts": NaN,
        "Depreciation Amortization Depletion Income Statement": NaN,
        "Depreciation And Amortization In Income Statement": NaN,
        "Research And Development": NaN,
        "Selling General And Administration": NaN,
        "Selling And Marketing Expense": NaN,
        "General And Administrative Expense": NaN,
        "Other Gand A": NaN,
        "Rent And Landing Fees": NaN,
        "Salaries And Wages": NaN,
        "Gross Profit": NaN,
        "Cost Of Revenue": NaN,
        "Total Revenue": NaN,
        "Operating Revenue": NaN
    },
    "2022-06-30": {
        "Tax Effect Of Unusual Items": 0.0,
        "Tax Rate For Calcs": 0.006549,
        "Normalized EBITDA": -420496000.0,
        "Net Income From Continuing Operation Net Minority Interest": -617966000.0,
        "Reconciled Depreciation": 203604000.0,
        "Reconciled Cost Of Revenue": 6854321000.0,
        "EBITDA": -420496000.0,
        "EBIT": -624100000.0,
        "Net Interest Income": 228490000.0,
        "Interest Expense": 21172000.0,
        "Interest Income": 249662000.0,
        "Normalized Income": -617966000.0,
        "Net Income From Continuing And Discontinued Operation": -617966000.0,
        "Total Expenses": 9711078000.0,
        "Rent Expense Supplemental": NaN,
        "Total Operating Income As Reported": -978457000.0,
        "Diluted Average Shares": 965395732.0,
        "Basic Average Shares": 965395732.0,
        "Diluted EPS": -0.64,
        "Basic EPS": -0.64,
        "Diluted NI Availto Com Stockholders": -617966000.0,
        "Net Income Common Stockholders": -617966000.0,
        "Net Income": -617966000.0,
        "Minority Interests": NaN,
        "Net Income Including Noncontrolling Interests": -641046000.0,
        "Net Income Continuous Operations": -641046000.0,
        "Tax Provision": -4226000.0,
        "Pretax Income": -645272000.0,
        "Other Income Expense": 104695000.0,
        "Other Non Operating Income Expenses": 104695000.0,
        "Net Non Operating Interest Income Expense": 228490000.0,
        "Interest Expense Non Operating": 21172000.0,
        "Interest Income Non Operating": 249662000.0,
        "Operating Income": -978457000.0,
        "Operating Expense": 2856757000.0,
        "Other Operating Expenses": NaN,
        "Provision For Doubtful Accounts": NaN,
        "Depreciation Amortization Depletion Income Statement": NaN,
        "Depreciation And Amortization In Income Statement": NaN,
        "Research And Development": 1531644000.0,
        "Selling General And Administration": 1366063000.0,
        "Selling And Marketing Expense": NaN,
        "General And Administrative Expense": NaN,
        "Other Gand A": NaN,
        "Rent And Landing Fees": NaN,
        "Salaries And Wages": NaN,
        "Gross Profit": 1878300000.0,
        "Cost Of Revenue": 6854321000.0,
        "Total Revenue": 8732621000.0,
        "Operating Revenue": 8732621000.0
    },
    "2023-06-30": {
        "Tax Effect Of Unusual Items": NaN,
        "Tax Rate For Calcs": NaN,
        "Normalized EBITDA": NaN,
        "Net Income From Continuing Operation Net Minority Interest": NaN,
        "Reconciled Depreciation": 413667000.0,
        "Reconciled Cost Of Revenue": NaN,
        "EBITDA": NaN,
        "EBIT": NaN,
        "Net Interest Income": NaN,
        "Interest Expense": NaN,
        "Interest Income": 430262000.0,
        "Normalized Income": NaN,
        "Net Income From Continuing And Discontinued Operation": NaN,
        "Total Expenses": NaN,
        "Total Operating Income As Reported": NaN,
        "Diluted Average Shares": NaN,
        "Basic Average Shares": NaN,
        "Diluted EPS": NaN,
        "Basic EPS": NaN,
        "Diluted NI Availto Com Stockholders": NaN,
        "Net Income Common Stockholders": NaN,
        "Net Income": NaN,
        "Minority Interests": NaN,
        "Net Income Including Noncontrolling Interests": NaN,
        "Net Income Continuous Operations": NaN,
        "Tax Provision": NaN,
        "Pretax Income": NaN,
        "Other Income Expense": NaN,
        "Other Non Operating Income Expenses": NaN,
        "Net Non Operating Interest Income Expense": NaN,
        "Interest Expense Non Operating": NaN,
        "Interest Income Non Operating": 430262000.0,
        "Operating Income": NaN,
        "Operating Expense": NaN,
        "Other Operating Expenses": NaN,
        "Research And Development": NaN,
        "Selling General And Administration": NaN,
        "Gross Profit": NaN,
        "Cost Of Revenue": NaN,
        "Total Revenue": NaN,
        "Operating Revenue": NaN
    },
    "2023-09-30": {
        "Tax Effect Of Unusual Items": NaN,
        "Tax Rate For Calcs": NaN,
        "Normalized EBITDA": NaN,
        "Net Income From Continuing Operation Net Minority Interest": NaN,
        "Reconciled Cost Of Revenue": NaN,
        "EBITDA": NaN,
        "EBIT": NaN,
        "Net Interest Income": NaN,
        "Interest Expense": NaN,
        "Interest Income": 439800000.0,
        "Normalized Income": NaN,
        "Net Income From Continuing And Discontinued Operation": NaN,
        "Total Expenses": NaN,
        "Total Operating Income As Reported": NaN,
        "Diluted Average Shares": NaN,
        "Basic Average Shares": NaN,
        "Diluted EPS": NaN,
        "Basic EPS": NaN,
        "Diluted NI Availto Com Stockholders": NaN,
        "Net Income Common Stockholders": NaN,
        "Net Income": NaN,
        "Minority Interests": NaN,
        "Net Income Including Noncontrolling Interests": NaN,
        "Net Income Continuous Operations": NaN,
        "Tax Provision": NaN,
        "Pretax Income": NaN,
        "Other Income Expense": NaN,
        "Other Non Operating Income Expenses": NaN,
        "Net Non Operating Interest Income Expense": NaN,
        "Interest Expense Non Operating": NaN,
        "Interest Income Non Operating": 439800000.0,
        "Operating Income": NaN,
        "Operating Expense": NaN,
        "Other Operating Expenses": NaN,
        "Research And Development": NaN,
        "Selling General And Administration": NaN,
        "Gross Profit": NaN,
        "Cost Of Revenue": NaN,
        "Total Revenue": NaN,
        "Operating Revenue": NaN
    },
    "2023-12-31": {
        "Tax Effect Of Unusual Items": NaN,
        "Tax Rate For Calcs": NaN,
        "Normalized EBITDA": NaN,
        "Net Income From Continuing Operation Net Minority Interest": NaN,
        "Reconciled Cost Of Revenue": NaN,
        "EBITDA": NaN,
        "EBIT": NaN,
        "Net Interest Income": NaN,
        "Interest Expense": NaN,
        "Interest Income": 794355000.0,
        "Normalized Income": NaN,
        "Net Income From Continuing And Discontinued Operation": NaN,
        "Total Expenses": NaN,
        "Total Operating Income As Reported": NaN,
        "Diluted Average Shares": NaN,
        "Basic Average Shares": NaN,
        "Diluted EPS": NaN,
        "Basic EPS": NaN,
        "Diluted NI Availto Com Stockholders": NaN,
        "Net Income Common Stockholders": NaN,
        "Net Income": NaN,
        "Minority Interests": NaN,
        "Net Income Including Noncontrolling Interests": NaN,
        "Net Income Continuous Operations": NaN,
        "Tax Provision": NaN,
        "Pretax Income": NaN,
        "Other Income Expense": NaN,
        "Other Non Operating Income Expenses": NaN,
        "Net Non Operating Interest Income Expense": NaN,
        "Interest Expense Non Operating": NaN,
        "Interest Income Non Operating": 794355000.0,
        "Operating Income": NaN,
        "Operating Expense": NaN,
        "Other Operating Expenses": NaN,
        "Research And Development": NaN,
        "Selling General And Administration": NaN,
        "Gross Profit": NaN,
        "Cost Of Revenue": NaN,
        "Total Revenue": NaN,
        "Operating Revenue": NaN
    },
    "2024-03-31": {
        "Tax Effect Of Unusual Items": NaN,
        "Tax Rate For Calcs": NaN,
        "Normalized EBITDA": NaN,
        "Net Income From Continuing Operation Net Minority Interest": NaN,
        "Reconciled Cost Of Revenue": NaN,
        "EBITDA": NaN,
        "EBIT": NaN,
        "Net Interest Income": NaN,
        "Interest Expense": NaN,
        "Interest Income": 1068888000.0,
        "Normalized Income": NaN,
        "Net Income From Continuing And Discontinued Operation": NaN,
        "Total Expenses": NaN,
        "Total Operating Income As Reported": NaN,
        "Diluted Average Shares": NaN,
        "Basic Average Shares": NaN,
        "Diluted EPS": NaN,
        "Basic EPS": NaN,
        "Diluted NI Availto Com Stockholders": NaN,
        "Net Income Common Stockholders": NaN,
        "Net Income": NaN,
        "Minority Interests": NaN,
        "Net Income Including Noncontrolling Interests": NaN,
        "Net Income Continuous Operations": NaN,
        "Tax Provision": NaN,
        "Pretax Income": NaN,
        "Other Income Expense": NaN,
        "Other Non Operating Income Expenses": NaN,
        "Net Non Operating Interest Income Expense": NaN,
        "Interest Expense Non Operating": NaN,
        "Interest Income Non Operating": 1068888000.0,
        "Operating Income": NaN,
        "Operating Expense": NaN,
        "Other Operating Expenses": NaN,
        "Research And Development": NaN,
        "Selling General And Administration": NaN,
        "Gross Profit": NaN,
        "Cost Of Revenue": NaN,
        "Total Revenue": NaN,
        "Operating Revenue": NaN
    },
    "2024-06-30": {
        "Tax Effect Of Unusual Items": NaN,
        "Tax Rate For Calcs": NaN,
        "Normalized EBITDA": NaN,
        "Net Income From Continuing Operation Net Minority Interest": NaN,
        "Reconciled Cost Of Revenue": NaN,
        "EBITDA": NaN,
        "EBIT": NaN,
        "Net Interest Income": NaN,
        "Interest Expense": NaN,
        "Interest Income": 370034000.0,
        "Normalized Income": NaN,
        "Net Income From Continuing And Discontinued Operation": NaN,
        "Total Expenses": NaN,
        "Total Operating Income As Reported": NaN,
        "Diluted Average Shares": NaN,
        "Basic Average Shares": NaN,
        "Diluted EPS": NaN,
        "Basic EPS": NaN,
        "Diluted NI Availto Com Stockholders": NaN,
        "Net Income Common Stockholders": NaN,
        "Net Income": NaN,
        "Minority Interests": NaN,
        "Net Income Including Noncontrolling Interests": NaN,
        "Net Income Continuous Operations": NaN,
        "Tax Provision": NaN,
        "Pretax Income": NaN,
        "Other Income Expense": NaN,
        "Other Non Operating Income Expenses": NaN,
        "Net Non Operating Interest Income Expense": NaN,
        "Interest Expense Non Operating": NaN,
        "Interest Income Non Operating": 370034000.0,
        "Operating Income": NaN,
        "Operating Expense": NaN,
        "Other Operating Expenses": NaN,
        "Research And Development": NaN,
        "Selling General And Administration": NaN,
        "Gross Profit": NaN,
        "Cost Of Revenue": NaN,
        "Total Revenue": NaN,
        "Operating Revenue": NaN
    },
    "2024-09-30": {
        "Tax Effect Of Unusual Items": 0.0,
        "Tax Rate For Calcs": 0.170512,
        "Normalized EBITDA": 3476425000.0,
        "Net Income From Continuing Operation Net Minority Interest": 2814262000.0,
        "Reconciled Cost Of Revenue": 33649545000.0,
        "EBITDA": 3476425000.0,
        "EBIT": 3476425000.0,
        "Net Interest Income": -76146000.0,
        "Interest Expense": 76146000.0,
        "Interest Income": NaN,
        "Normalized Income": 2814262000.0,
        "Net Income From Continuing And Discontinued Operation": 2814262000.0,
        "Total Expenses": 39441545000.0,
        "Total Operating Income As Reported": 3432673000.0,
        "Diluted Average Shares": 1062727888.0,
        "Basic Average Shares": 997934606.0,
        "Diluted EPS": 2.66,
        "Basic EPS": 2.82,
        "Diluted NI Availto Com Stockholders": 2814262000.0,
        "Net Income Common Stockholders": 2814262000.0,
        "Net Income": 2814262000.0,
        "Minority Interests": -6228000.0,
        "Net Income Including Noncontrolling Interests": 2820490000.0,
        "Net Income Continuous Operations": 2820490000.0,
        "Tax Provision": 579789000.0,
        "Pretax Income": 3400279000.0,
        "Other Income Expense": 43752000.0,
        "Other Non Operating Income Expenses": 43752000.0,
        "Net Non Operating Interest Income Expense": -76146000.0,
        "Interest Expense Non Operating": 76146000.0,
        "Interest Income Non Operating": NaN,
        "Operating Income": 3432673000.0,
        "Operating Expense": 5792000000.0,
        "Other Operating Expenses": -154174000.0,
        "Research And Development": 2586534000.0,
        "Selling General And Administration": 3359640000.0,
        "Gross Profit": 9224673000.0,
        "Cost Of Revenue": 33649545000.0,
        "Total Revenue": 42874218000.0,
        "Operating Revenue": 41323833000.0
    },
    "2024-12-31": {
        "Tax Effect Of Unusual Items": 0.0,
        "Tax Rate For Calcs": 0.130243,
        "Normalized EBITDA": 4101484000.0,
        "Net Income From Continuing Operation Net Minority Interest": 3522937000.0,
        "Reconciled Cost Of Revenue": 35303454000.0,
        "EBITDA": 4101484000.0,
        "EBIT": 4101484000.0,
        "Net Interest Income": 341262000.0,
        "Interest Expense": 39780000.0,
        "Interest Income": NaN,
        "Normalized Income": 3522937000.0,
        "Net Income From Continuing And Discontinued Operation": 3522937000.0,
        "Total Expenses": 40570358000.0,
        "Total Operating Income As Reported": 3703314000.0,
        "Diluted Average Shares": 1066897162.0,
        "Basic Average Shares": 1000250310.0,
        "Diluted EPS": 3.3,
        "Basic EPS": 3.52,
        "Diluted NI Availto Com Stockholders": 3506208000.0,
        "Net Income Common Stockholders": 3522937000.0,
        "Net Income": 3522937000.0,
        "Minority Interests": -9757000.0,
        "Net Income Including Noncontrolling Interests": 3532694000.0,
        "Net Income Continuous Operations": 3532694000.0,
        "Tax Provision": 529010000.0,
        "Pretax Income": 4061704000.0,
        "Other Income Expense": 17128000.0,
        "Other Non Operating Income Expenses": 17128000.0,
        "Net Non Operating Interest Income Expense": 341262000.0,
        "Interest Expense Non Operating": 39780000.0,
        "Interest Income Non Operating": NaN,
        "Operating Income": 3703314000.0,
        "Operating Expense": 5266904000.0,
        "Other Operating Expenses": -218446000.0,
        "Research And Development": 2408357000.0,
        "Selling General And Administration": 3076993000.0,
        "Gross Profit": 8970218000.0,
        "Cost Of Revenue": 35303454000.0,
        "Total Revenue": 44273672000.0,
        "Operating Revenue": 42642978000.0
    },
    "2025-03-31": {
        "Tax Effect Of Unusual Items": 0.0,
        "Tax Rate For Calcs": 0.165,
        "Normalized EBITDA": 822645000.0,
        "Net Income From Continuing Operation Net Minority Interest": 650324000.0,
        "Reconciled Cost Of Revenue": 20608355000.0,
        "EBITDA": 822645000.0,
        "EBIT": 822645000.0,
        "Net Interest Income": 468041000.0,
        "Interest Expense": 48220000.0,
        "Interest Income": 516261000.0,
        "Normalized Income": 650324000.0,
        "Net Income From Continuing And Discontinued Operation": 650324000.0,
        "Total Expenses": 25655160000.0,
        "Total Operating Income As Reported": 271654000.0,
        "Diluted Average Shares": 1069104610.0,
        "Basic Average Shares": 1004099494.0,
        "Diluted EPS": 0.62,
        "Basic EPS": 0.64,
        "Diluted NI Availto Com Stockholders": 650324000.0,
        "Net Income Common Stockholders": 650324000.0,
        "Net Income": 650324000.0,
        "Minority Interests": 3679000.0,
        "Net Income Including Noncontrolling Interests": 646645000.0,
        "Net Income Continuous Operations": 646645000.0,
        "Tax Provision": 127780000.0,
        "Pretax Income": 774425000.0,
        "Other Income Expense": 34730000.0,
        "Other Non Operating Income Expenses": 34730000.0,
        "Net Non Operating Interest Income Expense": 468041000.0,
        "Interest Expense Non Operating": 48220000.0,
        "Interest Income Non Operating": 516261000.0,
        "Operating Income": 271654000.0,
        "Operating Expense": 5046805000.0,
        "Other Operating Expenses": 1942000.0,
        "Research And Development": 2513854000.0,
        "Selling General And Administration": 2531009000.0,
        "Gross Profit": 5318459000.0,
        "Cost Of Revenue": 20608355000.0,
        "Total Revenue": 25926814000.0,
        "Operating Revenue": 24678585000.0
    },
    "2025-06-30": {
        "Tax Effect Of Unusual Items": 0.0,
        "Tax Rate For Calcs": 0.148992,
        "Normalized EBITDA": 1338760000.0,
        "Net Income From Continuing Operation Net Minority Interest": 1092571000.0,
        "Reconciled Cost Of Revenue": 24178644000.0,
        "EBITDA": 1338760000.0,
        "EBIT": 1338760000.0,
        "Net Interest Income": 446678000.0,
        "Interest Expense": 49776000.0,
        "Interest Income": 496454000.0,
        "Normalized Income": 1092571000.0,
        "Net Income From Continuing And Discontinued Operation": 1092571000.0,
        "Total Expenses": 29418595000.0,
        "Total Operating Income As Reported": 827018000.0,
        "Diluted Average Shares": 1071261046.0,
        "Basic Average Shares": 1005986033.0,
        "Diluted EPS": 1.02,
        "Basic EPS": 1.08,
        "Diluted NI Availto Com Stockholders": 1092571000.0,
        "Net Income Common Stockholders": 1092571000.0,
        "Net Income": 1092571000.0,
        "Minority Interests": -4365000.0,
        "Net Income Including Noncontrolling Interests": 1096936000.0,
        "Net Income Continuous Operations": 1096936000.0,
        "Tax Provision": 192048000.0,
        "Pretax Income": 1288984000.0,
        "Other Income Expense": 15288000.0,
        "Other Non Operating Income Expenses": 15288000.0,
        "Net Non Operating Interest Income Expense": 446678000.0,
        "Interest Expense Non Operating": 49776000.0,
        "Interest Income Non Operating": 496454000.0,
        "Operating Income": 827018000.0,
        "Operating Expense": 5239951000.0,
        "Other Operating Expenses": -287980000.0,
        "Research And Development": 2810170000.0,
        "Selling General And Administration": 2717761000.0,
        "Gross Profit": 6066969000.0,
        "Cost Of Revenue": 24178644000.0,
        "Total Revenue": 30245613000.0,
        "Operating Revenue": 28885133000.0
    },
    "2025-09-30": {
        "Tax Effect Of Unusual Items": 0.0,
        "Tax Rate For Calcs": 0.155,
        "Normalized EBITDA": -706267000.0,
        "Net Income From Continuing Operation Net Minority Interest": -624976000.0,
        "Reconciled Cost Of Revenue": 22895661000.0,
        "EBITDA": -706267000.0,
        "EBIT": -706267000.0,
        "Net Interest Income": 442772000.0,
        "Interest Expense": 32663000.0,
        "Interest Income": 475435000.0,
        "Normalized Income": -624976000.0,
        "Net Income From Continuing And Discontinued Operation": -624976000.0,
        "Total Expenses": 28541863000.0,
        "Total Operating Income As Reported": -1177201000.0,
        "Diluted Average Shares": 1009414942.0,
        "Basic Average Shares": 1009414942.0,
        "Diluted EPS": -0.62,
        "Basic EPS": -0.62,
        "Diluted NI Availto Com Stockholders": -624976000.0,
        "Net Income Common Stockholders": -624976000.0,
        "Net Income": -624976000.0,
        "Minority Interests": -580000.0,
        "Net Income Including Noncontrolling Interests": -624396000.0,
        "Net Income Continuous Operations": -624396000.0,
        "Tax Provision": -114534000.0,
        "Pretax Income": -738930000.0,
        "Other Income Expense": -4501000.0,
        "Other Non Operating Income Expenses": -4501000.0,
        "Net Non Operating Interest Income Expense": 442772000.0,
        "Interest Expense Non Operating": 32663000.0,
        "Interest Income Non Operating": 475435000.0,
        "Operating Income": -1177201000.0,
        "Operating Expense": 5646202000.0,
        "Other Operating Expenses": -97155000.0,
        "Research And Development": 2974338000.0,
        "Selling General And Administration": 2769019000.0,
        "Gross Profit": 4469001000.0,
        "Cost Of Revenue": 22895661000.0,
        "Total Revenue": 27364662000.0,
        "Operating Revenue": 25867091000.0
    }
}