{
    "2023-03-31": {
        "Tax Effect Of Unusual Items": 0.0,
        "Tax Rate For Calcs": 0.0,
        "Normalized EBITDA": -12032000.0,
        "Net Income From Continuing Operation Net Minority Interest": -11951000.0,
        "Reconciled Depreciation": 755000.0,
        "EBITDA": -12032000.0,
        "EBIT": -12787000.0,
        "Normalized Income": -11951000.0,
        "Net Income From Continuing And Discontinued Operation": -11951000.0,
        "Total Expenses": 12787000.0,
        "Total Operating Income As Reported": -12787000.0,
        "Diluted Average Shares": 41897706.0,
        "Basic Average Shares": 41897706.0,
        "Diluted EPS": -0.29,
        "Basic EPS": -0.29,
        "Diluted NI Availto Com Stockholders": -11951000.0,
        "Net Income Common Stockholders": -11951000.0,
        "Net Income": -11951000.0,
        "Minority Interests": 1000.0,
        "Net Income Including Noncontrolling Interests": -11952000.0,
        "Net Income Continuous Operations": -11952000.0,
        "Pretax Income": -11952000.0,
        "Other Income Expense": 835000.0,
        "Other Non Operating Income Expenses": 835000.0,
        "Operating Income": -12787000.0,
        "Operating Expense": 12787000.0,
        "Research And Development": 9379000.0,
        "Selling General And Administration": 3408000.0,
        "General And Administrative Expense": 3408000.0,
        "Other Gand A": 3408000.0,
        "Total Revenue": 0.0,
        "Operating Revenue": 0.0
    },
    "2022-12-31": {
        "Tax Effect Of Unusual Items": NaN,
        "Tax Rate For Calcs": NaN,
        "Normalized EBITDA": NaN,
        "Net Income From Continuing Operation Net Minority Interest": NaN,
        "Reconciled Depreciation": NaN,
        "EBITDA": NaN,
        "EBIT": NaN,
        "Normalized Income": NaN,
        "Net Income From Continuing And Discontinued Operation": NaN,
        "Total Expenses": NaN,
        "Total Operating Income As Reported": NaN,
        "Diluted Average Shares": 29116524.0,
        "Basic Average Shares": 29116524.0,
        "Diluted EPS": -0.26,
        "Basic EPS": -0.26,
        "Diluted NI Availto Com Stockholders": NaN,
        "Net Income Common Stockholders": NaN,
        "Net Income": NaN,
        "Minority Interests": NaN,
        "Net Income Including Noncontrolling Interests": NaN,
        "Net Income Continuous Operations": NaN,
        "Pretax Income": NaN,
        "Other Income Expense": NaN,
        "Other Non Operating Income Expenses": NaN,
        "Operating Income": NaN,
        "Operating Expense": NaN,
        "Research And Development": NaN,
        "Selling General And Administration": NaN,
        "General And Administrative Expense": NaN,
        "Other Gand A": NaN,
        "Total Revenue": NaN,
        "Operating Revenue": NaN
    },
    "2022-09-30": {
        "Tax Effect Of Unusual Items": 0.0,
        "Tax Rate For Calcs": 0.0,
        "Normalized EBITDA": -13492000.0,
        "Net Income From Continuing Operation Net Minority Interest": -13244000.0,
        "Reconciled Depreciation": 414000.0,
        "EBITDA": -13492000.0,
        "EBIT": -13492000.0,
        "Normalized Income": -13244000.0,
        "Net Income From Continuing And Discontinued Operation": -13244000.0,
        "Total Expenses": 13492000.0,
        "Total Operating Income As Reported": -13492000.0,
        "Diluted Average Shares": 28663047.0,
        "Basic Average Shares": 28663047.0,
        "Diluted EPS": -0.46,
        "Basic EPS": -0.46,
        "Diluted NI Availto Com Stockholders": -13244000.0,
        "Net Income Common Stockholders": -13244000.0,
        "Net Income": -13244000.0,
        "Minority Interests": 1000.0,
        "Net Income Including Noncontrolling Interests": -13245000.0,
        "Net Income Continuous Operations": -13245000.0,
        "Pretax Income": -13245000.0,
        "Other Income Expense": 247000.0,
        "Other Non Operating Income Expenses": 247000.0,
        "Operating Income": -13492000.0,
        "Operating Expense": 13492000.0,
        "Research And Development": 9867000.0,
        "Selling General And Administration": 3625000.0,
        "General And Administrative Expense": 3625000.0,
        "Other Gand A": 3625000.0,
        "Total Revenue": 0.0,
        "Operating Revenue": 0.0
    },
    "2022-06-30": {
        "Tax Effect Of Unusual Items": 0.0,
        "Tax Rate For Calcs": 0.0,
        "Normalized EBITDA": -12298000.0,
        "Net Income From Continuing Operation Net Minority Interest": -12420000.0,
        "Reconciled Depreciation": 286000.0,
        "EBITDA": -12298000.0,
        "EBIT": -12584000.0,
        "Normalized Income": -12420000.0,
        "Net Income From Continuing And Discontinued Operation": -12420000.0,
        "Total Expenses": 12584000.0,
        "Total Operating Income As Reported": -12584000.0,
        "Diluted Average Shares": 28063387.0,
        "Basic Average Shares": 28063387.0,
        "Diluted EPS": -0.44,
        "Basic EPS": -0.44,
        "Diluted NI Availto Com Stockholders": -12420000.0,
        "Net Income Common Stockholders": -12420000.0,
        "Net Income": -12420000.0,
        "Minority Interests": 1000.0,
        "Net Income Including Noncontrolling Interests": -12421000.0,
        "Net Income Continuous Operations": -12421000.0,
        "Pretax Income": -12421000.0,
        "Other Income Expense": 163000.0,
        "Other Non Operating Income Expenses": 163000.0,
        "Operating Income": -12584000.0,
        "Operating Expense": 12584000.0,
        "Research And Development": 9135000.0,
        "Selling General And Administration": 3449000.0,
        "General And Administrative Expense": 3449000.0,
        "Other Gand A": 3449000.0,
        "Total Revenue": 0.0,
        "Operating Revenue": 0.0
    },
    "2022-03-31": {
        "Diluted EPS": 1.15,
        "Total Revenue": 300,
        "Gross Profit": NaN,
        "Operating Income": 916,
        "EBIT": 993,
        "Net Income": 677
    },
    "2021-12-31": {
        "Diluted EPS": 1.45,
        "Total Revenue": NaN,
        "Gross Profit": NaN,
        "Operating Income": NaN,
        "EBIT": NaN,
        "Net Income": 857
    },
    "2021-09-30": {
        "Diluted EPS": 1.38,
        "Total Revenue": NaN,
        "Gross Profit": NaN,
        "Operating Income": NaN,
        "EBIT": NaN,
        "Net Income": 809
    },
    "2021-06-30": {
        "Diluted EPS": 1.25,
        "Total Revenue": NaN,
        "Gross Profit": NaN,
        "Operating Income": 995,
        "EBIT": NaN,
        "Net Income": 733
    },
    "2021-03-31": {
        "Diluted EPS": 1.26,
        "Total Revenue": NaN,
        "Gross Profit": NaN,
        "Operating Income": NaN,
        "EBIT": NaN,
        "Net Income": 740
    },
    "2020-12-31": {
        "Diluted EPS": 0.97,
        "Total Revenue": NaN,
        "Gross Profit": NaN,
        "Operating Income": 701,
        "EBIT": 769,
        "Net Income": 566
    },
    "2020-09-30": {
        "Diluted EPS": 0.96,
        "Total Revenue": NaN,
        "Gross Profit": NaN,
        "Operating Income": 742,
        "EBIT": 807,
        "Net Income": 563
    },
    "2020-06-30": {
        "Diluted EPS": 0.64,
        "Total Revenue": NaN,
        "Gross Profit": NaN,
        "Operating Income": 514,
        "EBIT": 579,
        "Net Income": 374
    },
    "2020-03-31": {
        "Diluted EPS": 0.5,
        "Total Revenue": NaN,
        "Gross Profit": NaN,
        "Operating Income": 496,
        "EBIT": 563,
        "Net Income": 292
    },
    "2019-12-31": {
        "Diluted EPS": 0.92,
        "Total Revenue": NaN,
        "Gross Profit": NaN,
        "Operating Income": 689,
        "EBIT": 762,
        "Net Income": 543
    },
    "2019-09-30": {
        "Diluted EPS": 0.87,
        "Total Revenue": NaN,
        "Gross Profit": NaN,
        "Operating Income": 580,
        "EBIT": 630,
        "Net Income": 516
    },
    "2019-06-30": {
        "Diluted EPS": 0.75,
        "Total Revenue": NaN,
        "Gross Profit": NaN,
        "Operating Income": 564,
        "EBIT": 627,
        "Net Income": 445
    },
    "2019-03-31": {
        "Diluted EPS": 0.78,
        "Total Revenue": NaN,
        "Gross Profit": NaN,
        "Operating Income": 603,
        "EBIT": 670,
        "Net Income": 469
    },
    "2018-12-31": {
        "Diluted EPS": 0.72,
        "Total Revenue": NaN,
        "Gross Profit": NaN,
        "Operating Income": 586,
        "EBIT": 646,
        "Net Income": 435
    },
    "2018-09-30": {
        "Diluted EPS": 0.71,
        "Total Revenue": NaN,
        "Gross Profit": NaN,
        "Operating Income": 812,
        "EBIT": 868,
        "Net Income": 434
    },
    "2018-06-30": {
        "Diluted EPS": 0.9,
        "Total Revenue": NaN,
        "Gross Profit": NaN,
        "Operating Income": 738,
        "EBIT": 798,
        "Net Income": 547
    },
    "2018-03-31": {
        "Diluted EPS": 0.86,
        "Total Revenue": NaN,
        "Gross Profit": NaN,
        "Operating Income": 573,
        "EBIT": 632,
        "Net Income": 529
    },
    "2017-12-31": {
        "Diluted EPS": 0.28,
        "Total Revenue": NaN,
        "Gross Profit": NaN,
        "Operating Income": 143,
        "EBIT": 207,
        "Net Income": 163
    },
    "2017-09-30": {
        "Diluted EPS": 1.05,
        "Total Revenue": NaN,
        "Gross Profit": NaN,
        "Operating Income": 845,
        "EBIT": 889,
        "Net Income": 652
    },
    "2017-06-30": {
        "Diluted EPS": 0.69,
        "Total Revenue": NaN,
        "Gross Profit": NaN,
        "Operating Income": 460,
        "EBIT": 525,
        "Net Income": 427
    },
    "2017-03-31": {
        "Diluted EPS": 0.67,
        "Total Revenue": NaN,
        "Gross Profit": NaN,
        "Operating Income": 703,
        "EBIT": 764,
        "Net Income": 416
    },
    "2016-12-31": {
        "Diluted EPS": 0.88,
        "Total Revenue": NaN,
        "Gross Profit": -469,
        "Operating Income": 768,
        "EBIT": 828,
        "Net Income": 545
    },
    "2016-09-30": {
        "Diluted EPS": 0.92,
        "Total Revenue": NaN,
        "Gross Profit": NaN,
        "Operating Income": 861,
        "EBIT": 920,
        "Net Income": 565
    },
    "2016-06-30": {
        "Diluted EPS": 0.61,
        "Total Revenue": NaN,
        "Gross Profit": NaN,
        "Operating Income": 490,
        "EBIT": 551,
        "Net Income": 372
    },
    "2016-03-31": {
        "Diluted EPS": 0.64,
        "Total Revenue": NaN,
        "Gross Profit": NaN,
        "Operating Income": 483,
        "EBIT": 542,
        "Net Income": 394
    },
    "2015-12-31": {
        "Diluted EPS": 0.65,
        "Total Revenue": NaN,
        "Gross Profit": NaN,
        "Operating Income": NaN,
        "EBIT": NaN,
        "Net Income": 420
    },
    "2015-09-30": {
        "Diluted EPS": 0.6,
        "Total Revenue": NaN,
        "Gross Profit": 900,
        "Operating Income": -518,
        "EBIT": -518,
        "Net Income": 387
    },
    "2015-06-30": {
        "Diluted EPS": 0.96,
        "Total Revenue": NaN,
        "Gross Profit": NaN,
        "Operating Income": NaN,
        "EBIT": NaN,
        "Net Income": 612
    },
    "2015-03-31": {
        "Diluted EPS": 0.59,
        "Total Revenue": NaN,
        "Gross Profit": NaN,
        "Operating Income": NaN,
        "EBIT": NaN,
        "Net Income": 385
    },
    "2014-12-31": {
        "Diluted EPS": 0.65,
        "Total Revenue": NaN,
        "Gross Profit": NaN,
        "Operating Income": NaN,
        "EBIT": NaN,
        "Net Income": 427
    },
    "2014-09-30": {
        "Diluted EPS": 0.62,
        "Total Revenue": NaN,
        "Gross Profit": NaN,
        "Operating Income": 590,
        "EBIT": 590,
        "Net Income": 405
    },
    "2014-06-30": {
        "Diluted EPS": 0.63,
        "Total Revenue": NaN,
        "Gross Profit": NaN,
        "Operating Income": NaN,
        "EBIT": NaN,
        "Net Income": 417
    },
    "2014-03-31": {
        "Diluted EPS": 0.59,
        "Total Revenue": NaN,
        "Gross Profit": NaN,
        "Operating Income": NaN,
        "EBIT": NaN,
        "Net Income": 392
    },
    "2013-12-31": {
        "Diluted EPS": 0.9,
        "Total Revenue": NaN,
        "Gross Profit": NaN,
        "Operating Income": 271,
        "EBIT": 271,
        "Net Income": 550
    },
    "2013-09-30": {
        "Diluted EPS": -0.8,
        "Total Revenue": NaN,
        "Gross Profit": NaN,
        "Operating Income": -303,
        "EBIT": -303,
        "Net Income": -470
    },
    "2013-06-30": {
        "Diluted EPS": 0.62,
        "Total Revenue": NaN,
        "Gross Profit": NaN,
        "Operating Income": NaN,
        "EBIT": NaN,
        "Net Income": 412
    },
    "2013-03-31": {
        "Diluted EPS": 0.84,
        "Total Revenue": NaN,
        "Gross Profit": 877,
        "Operating Income": -515,
        "EBIT": -515,
        "Net Income": 510
    },
    "2012-12-31": {
        "Diluted EPS": 0.65,
        "Total Revenue": NaN,
        "Gross Profit": NaN,
        "Operating Income": NaN,
        "EBIT": NaN,
        "Net Income": 394
    },
    "2012-09-30": {
        "Diluted EPS": 0.64,
        "Total Revenue": NaN,
        "Gross Profit": NaN,
        "Operating Income": 710,
        "EBIT": 710,
        "Net Income": 414
    },
    "2012-06-30": {
        "Diluted EPS": 0.09,
        "Total Revenue": NaN,
        "Gross Profit": NaN,
        "Operating Income": NaN,
        "EBIT": NaN,
        "Net Income": 81
    },
    "2012-03-31": {
        "Diluted EPS": 1.15,
        "Total Revenue": NaN,
        "Gross Profit": -151,
        "Operating Income": NaN,
        "EBIT": NaN,
        "Net Income": 714
    },
    "2011-12-31": {
        "Diluted EPS": -0.9,
        "Total Revenue": NaN,
        "Gross Profit": NaN,
        "Operating Income": NaN,
        "EBIT": NaN,
        "Net Income": -499
    },
    "2011-09-30": {
        "Diluted EPS": -1.06,
        "Total Revenue": NaN,
        "Gross Profit": NaN,
        "Operating Income": NaN,
        "EBIT": NaN,
        "Net Income": -589
    },
    "2011-06-30": {
        "Diluted EPS": 0.71,
        "Total Revenue": NaN,
        "Gross Profit": NaN,
        "Operating Income": 749,
        "EBIT": 749,
        "Net Income": 450
    },
    "2011-03-31": {
        "Diluted EPS": 0.77,
        "Total Revenue": NaN,
        "Gross Profit": 952,
        "Operating Income": -421,
        "EBIT": -421,
        "Net Income": 461
    },
    "2010-12-31": {
        "Diluted EPS": 0.89,
        "Total Revenue": NaN,
        "Gross Profit": 978,
        "Operating Income": -417,
        "EBIT": -333,
        "Net Income": 540
    },
    "2010-09-30": {
        "Diluted EPS": 0.76,
        "Total Revenue": NaN,
        "Gross Profit": NaN,
        "Operating Income": NaN,
        "EBIT": NaN,
        "Net Income": 460
    },
    "2010-06-30": {
        "Diluted EPS": 0.36,
        "Total Revenue": NaN,
        "Gross Profit": NaN,
        "Operating Income": NaN,
        "EBIT": NaN,
        "Net Income": 229
    },
    "2010-03-31": {
        "Diluted EPS": 0.69,
        "Total Revenue": NaN,
        "Gross Profit": NaN,
        "Operating Income": NaN,
        "EBIT": NaN,
        "Net Income": 413
    },
    "2009-12-31": {
        "Diluted EPS": 0.49,
        "Total Revenue": NaN,
        "Gross Profit": NaN,
        "Operating Income": 384,
        "EBIT": 516,
        "Net Income": 297
    },
    "2009-09-30": {
        "Diluted EPS": -0.23,
        "Total Revenue": NaN,
        "Gross Profit": NaN,
        "Operating Income": NaN,
        "EBIT": NaN,
        "Net Income": -110
    },
    "2009-06-30": {
        "Diluted EPS": 0.98,
        "Total Revenue": NaN,
        "Gross Profit": NaN,
        "Operating Income": NaN,
        "EBIT": NaN,
        "Net Income": 567
    },
    "2009-03-31": {
        "Diluted EPS": -0.35,
        "Total Revenue": NaN,
        "Gross Profit": 436,
        "Operating Income": -554,
        "EBIT": -577,
        "Net Income": -181
    },
    "2023-06-30": {
        "Tax Effect Of Unusual Items": 0.0,
        "Tax Rate For Calcs": 0.0,
        "Normalized EBITDA": -12972000.0,
        "Net Income From Continuing Operation Net Minority Interest": -12338000.0,
        "Reconciled Depreciation": 586000.0,
        "EBITDA": -12972000.0,
        "EBIT": -13558000.0,
        "Normalized Income": -12338000.0,
        "Net Income From Continuing And Discontinued Operation": -12338000.0,
        "Total Expenses": 13558000.0,
        "Total Operating Income As Reported": -13558000.0,
        "Diluted Average Shares": 55143805.0,
        "Basic Average Shares": 55143805.0,
        "Diluted EPS": -0.22,
        "Basic EPS": -0.22,
        "Diluted NI Availto Com Stockholders": -12338000.0,
        "Net Income Common Stockholders": -12338000.0,
        "Net Income": -12338000.0,
        "Minority Interests": 4000.0,
        "Net Income Including Noncontrolling Interests": -12342000.0,
        "Net Income Continuous Operations": -12342000.0,
        "Pretax Income": -12342000.0,
        "Other Income Expense": 1216000.0,
        "Other Non Operating Income Expenses": 1216000.0,
        "Operating Income": -13558000.0,
        "Operating Expense": 13558000.0,
        "Research And Development": 9840000.0,
        "Selling General And Administration": 3718000.0,
        "General And Administrative Expense": 3718000.0,
        "Other Gand A": 3718000.0,
        "Total Revenue": 0.0,
        "Operating Revenue": 0.0
    },
    "2023-09-30": {
        "Tax Effect Of Unusual Items": 0.0,
        "Tax Rate For Calcs": 0.0,
        "Normalized EBITDA": -11622000.0,
        "Net Income From Continuing Operation Net Minority Interest": -11340000.0,
        "Reconciled Depreciation": 993000.0,
        "EBITDA": -11622000.0,
        "EBIT": -12615000.0,
        "Normalized Income": -11340000.0,
        "Net Income From Continuing And Discontinued Operation": -11340000.0,
        "Total Expenses": 12968000.0,
        "Total Operating Income As Reported": -12615000.0,
        "Diluted Average Shares": 57885393.0,
        "Basic Average Shares": 57885393.0,
        "Diluted EPS": -0.2,
        "Basic EPS": -0.2,
        "Diluted NI Availto Com Stockholders": -11340000.0,
        "Net Income Common Stockholders": -11340000.0,
        "Net Income": -11340000.0,
        "Minority Interests": 2000.0,
        "Net Income Including Noncontrolling Interests": -11342000.0,
        "Net Income Continuous Operations": -11342000.0,
        "Pretax Income": -11342000.0,
        "Other Income Expense": 1273000.0,
        "Other Non Operating Income Expenses": 1273000.0,
        "Operating Income": -12615000.0,
        "Operating Expense": 12968000.0,
        "Research And Development": 10319000.0,
        "Selling General And Administration": 2649000.0,
        "General And Administrative Expense": 2649000.0,
        "Other Gand A": 2649000.0,
        "Total Revenue": 353000.0,
        "Operating Revenue": 353000.0
    },
    "2023-12-31": {
        "Tax Effect Of Unusual Items": 0.0,
        "Tax Rate For Calcs": 0.0,
        "Normalized EBITDA": -15552000.0,
        "Net Income From Continuing Operation Net Minority Interest": -14760000.0,
        "Reconciled Depreciation": 407000.0,
        "EBITDA": -15552000.0,
        "EBIT": -15959000.0,
        "Normalized Income": -14760000.0,
        "Net Income From Continuing And Discontinued Operation": -14760000.0,
        "Total Expenses": 15959000.0,
        "Total Operating Income As Reported": -15959000.0,
        "Diluted Average Shares": NaN,
        "Basic Average Shares": NaN,
        "Diluted EPS": NaN,
        "Basic EPS": NaN,
        "Diluted NI Availto Com Stockholders": -14760000.0,
        "Net Income Common Stockholders": -14760000.0,
        "Net Income": -14760000.0,
        "Minority Interests": 1000.0,
        "Net Income Including Noncontrolling Interests": -14761000.0,
        "Net Income Continuous Operations": -14761000.0,
        "Pretax Income": -14761000.0,
        "Other Income Expense": 1198000.0,
        "Other Non Operating Income Expenses": 1198000.0,
        "Operating Income": -15959000.0,
        "Operating Expense": 15959000.0,
        "Research And Development": 12755000.0,
        "Selling General And Administration": 3204000.0,
        "General And Administrative Expense": 3204000.0,
        "Other Gand A": 3204000.0,
        "Total Revenue": 0.0,
        "Operating Revenue": 0.0
    },
    "2024-03-31": {
        "Tax Effect Of Unusual Items": 0.0,
        "Tax Rate For Calcs": 0.0,
        "Normalized EBITDA": -15866000.0,
        "Net Income From Continuing Operation Net Minority Interest": -15491000.0,
        "Reconciled Depreciation": 770000.0,
        "EBITDA": -15866000.0,
        "EBIT": -16636000.0,
        "Normalized Income": -15491000.0,
        "Net Income From Continuing And Discontinued Operation": -15491000.0,
        "Total Expenses": 16871000.0,
        "Total Operating Income As Reported": -16636000.0,
        "Diluted Average Shares": 66080593.0,
        "Basic Average Shares": 66080593.0,
        "Diluted EPS": -0.23,
        "Basic EPS": -0.23,
        "Diluted NI Availto Com Stockholders": -15491000.0,
        "Net Income Common Stockholders": -15491000.0,
        "Net Income": -15491000.0,
        "Minority Interests": -4000.0,
        "Net Income Including Noncontrolling Interests": -15487000.0,
        "Net Income Continuous Operations": -15487000.0,
        "Pretax Income": -15487000.0,
        "Other Income Expense": 1149000.0,
        "Other Non Operating Income Expenses": 1149000.0,
        "Operating Income": -16636000.0,
        "Operating Expense": 16871000.0,
        "Research And Development": 13364000.0,
        "Selling General And Administration": 3507000.0,
        "General And Administrative Expense": 3507000.0,
        "Other Gand A": 3507000.0,
        "Total Revenue": 235000.0,
        "Operating Revenue": 235000.0
    }
}