{
    "2024-06-30": {
        "Tax Effect Of Unusual Items": NaN,
        "Tax Rate For Calcs": NaN,
        "Normalized EBITDA": NaN,
        "Total Unusual Items": NaN,
        "Total Unusual Items Excluding Goodwill": NaN,
        "Net Income From Continuing Operation Net Minority Interest": NaN,
        "Reconciled Depreciation": NaN,
        "Reconciled Cost Of Revenue": NaN,
        "EBITDA": NaN,
        "EBIT": NaN,
        "Net Interest Income": NaN,
        "Interest Expense": NaN,
        "Interest Income": NaN,
        "Normalized Income": NaN,
        "Net Income From Continuing And Discontinued Operation": NaN,
        "Total Expenses": NaN,
        "Total Operating Income As Reported": NaN,
        "Diluted Average Shares": NaN,
        "Basic Average Shares": NaN,
        "Diluted EPS": NaN,
        "Basic EPS": NaN,
        "Diluted NI Availto Com Stockholders": NaN,
        "Net Income Common Stockholders": NaN,
        "Otherunder Preferred Stock Dividend": 300000.0,
        "Net Income": NaN,
        "Minority Interests": NaN,
        "Net Income Including Noncontrolling Interests": NaN,
        "Net Income Discontinuous Operations": NaN,
        "Net Income Continuous Operations": NaN,
        "Tax Provision": NaN,
        "Pretax Income": NaN,
        "Other Income Expense": NaN,
        "Other Non Operating Income Expenses": NaN,
        "Special Income Charges": NaN,
        "Gain On Sale Of Business": NaN,
        "Other Special Charges": NaN,
        "Impairment Of Capital Assets": NaN,
        "Restructuring And Mergern Acquisition": NaN,
        "Earnings From Equity Interest": NaN,
        "Net Non Operating Interest Income Expense": NaN,
        "Total Other Finance Cost": NaN,
        "Interest Expense Non Operating": NaN,
        "Interest Income Non Operating": NaN,
        "Operating Income": NaN,
        "Operating Expense": NaN,
        "Depreciation Amortization Depletion Income Statement": NaN,
        "Depreciation And Amortization In Income Statement": NaN,
        "Selling General And Administration": NaN,
        "Selling And Marketing Expense": NaN,
        "General And Administrative Expense": NaN,
        "Other Gand A": NaN,
        "Salaries And Wages": 12600000.0,
        "Gross Profit": NaN,
        "Cost Of Revenue": NaN,
        "Total Revenue": NaN,
        "Operating Revenue": NaN
    },
    "2024-03-31": {
        "Tax Effect Of Unusual Items": NaN,
        "Tax Rate For Calcs": NaN,
        "Normalized EBITDA": NaN,
        "Total Unusual Items": NaN,
        "Total Unusual Items Excluding Goodwill": NaN,
        "Net Income From Continuing Operation Net Minority Interest": NaN,
        "Reconciled Depreciation": NaN,
        "Reconciled Cost Of Revenue": NaN,
        "EBITDA": NaN,
        "EBIT": NaN,
        "Net Interest Income": NaN,
        "Interest Expense": NaN,
        "Interest Income": NaN,
        "Normalized Income": NaN,
        "Net Income From Continuing And Discontinued Operation": NaN,
        "Total Expenses": NaN,
        "Total Operating Income As Reported": NaN,
        "Diluted Average Shares": NaN,
        "Basic Average Shares": NaN,
        "Diluted EPS": NaN,
        "Basic EPS": NaN,
        "Diluted NI Availto Com Stockholders": NaN,
        "Net Income Common Stockholders": NaN,
        "Otherunder Preferred Stock Dividend": NaN,
        "Net Income": NaN,
        "Minority Interests": NaN,
        "Net Income Including Noncontrolling Interests": NaN,
        "Net Income Discontinuous Operations": NaN,
        "Net Income Continuous Operations": NaN,
        "Tax Provision": NaN,
        "Pretax Income": NaN,
        "Other Income Expense": NaN,
        "Other Non Operating Income Expenses": NaN,
        "Special Income Charges": NaN,
        "Gain On Sale Of Business": NaN,
        "Other Special Charges": NaN,
        "Impairment Of Capital Assets": NaN,
        "Restructuring And Mergern Acquisition": NaN,
        "Earnings From Equity Interest": NaN,
        "Gain On Sale Of Security": 800000.0,
        "Net Non Operating Interest Income Expense": NaN,
        "Total Other Finance Cost": NaN,
        "Interest Expense Non Operating": NaN,
        "Interest Income Non Operating": NaN,
        "Operating Income": NaN,
        "Operating Expense": NaN,
        "Depreciation Amortization Depletion Income Statement": NaN,
        "Depreciation And Amortization In Income Statement": NaN,
        "Selling General And Administration": NaN,
        "Selling And Marketing Expense": NaN,
        "General And Administrative Expense": NaN,
        "Other Gand A": NaN,
        "Salaries And Wages": NaN,
        "Gross Profit": NaN,
        "Cost Of Revenue": NaN,
        "Total Revenue": NaN,
        "Operating Revenue": NaN
    },
    "2023-09-30": {
        "Tax Effect Of Unusual Items": -1456000.0,
        "Tax Rate For Calcs": 0.224,
        "Normalized EBITDA": 465700000.0,
        "Total Unusual Items": -6500000.0,
        "Total Unusual Items Excluding Goodwill": -6500000.0,
        "Net Income From Continuing Operation Net Minority Interest": 15200000.0,
        "Reconciled Depreciation": 397000000.0,
        "Reconciled Cost Of Revenue": 117300000.0,
        "EBITDA": 459200000.0,
        "EBIT": 62200000.0,
        "Net Interest Income": -48800000.0,
        "Interest Expense": 44800000.0,
        "Interest Income": 2900000.0,
        "Normalized Income": 20244000.0,
        "Net Income From Continuing And Discontinued Operation": 15200000.0,
        "Total Expenses": 708900000.0,
        "Total Operating Income As Reported": 76000000.0,
        "Diluted Average Shares": NaN,
        "Basic Average Shares": NaN,
        "Diluted EPS": NaN,
        "Basic EPS": NaN,
        "Diluted NI Availto Com Stockholders": 15200000.0,
        "Net Income Common Stockholders": 15200000.0,
        "Otherunder Preferred Stock Dividend": NaN,
        "Net Income": 15200000.0,
        "Minority Interests": 1700000.0,
        "Net Income Including Noncontrolling Interests": 13500000.0,
        "Net Income Continuous Operations": 13500000.0,
        "Tax Provision": 3900000.0,
        "Pretax Income": 17400000.0,
        "Other Income Expense": -14700000.0,
        "Other Non Operating Income Expenses": -10000000.0,
        "Special Income Charges": -4900000.0,
        "Other Special Charges": NaN,
        "Impairment Of Capital Assets": 0.0,
        "Restructuring And Mergern Acquisition": 4900000.0,
        "Earnings From Equity Interest": 1800000.0,
        "Gain On Sale Of Security": -1600000.0,
        "Net Non Operating Interest Income Expense": -48800000.0,
        "Total Other Finance Cost": 6900000.0,
        "Interest Expense Non Operating": 44800000.0,
        "Interest Income Non Operating": 2900000.0,
        "Operating Income": 80900000.0,
        "Operating Expense": 198400000.0,
        "Depreciation Amortization Depletion Income Statement": 3800000.0,
        "Depreciation And Amortization In Income Statement": 3800000.0,
        "Selling General And Administration": 194600000.0,
        "Selling And Marketing Expense": 107500000.0,
        "General And Administrative Expense": 87100000.0,
        "Other Gand A": 69700000.0,
        "Salaries And Wages": 17400000.0,
        "Gross Profit": 279300000.0,
        "Cost Of Revenue": 510500000.0,
        "Total Revenue": 789800000.0,
        "Operating Revenue": 770400000.0
    },
    "2023-06-30": {
        "Tax Effect Of Unusual Items": NaN,
        "Tax Rate For Calcs": NaN,
        "Normalized EBITDA": NaN,
        "Total Unusual Items": NaN,
        "Total Unusual Items Excluding Goodwill": NaN,
        "Net Income From Continuing Operation Net Minority Interest": NaN,
        "Reconciled Depreciation": NaN,
        "Reconciled Cost Of Revenue": NaN,
        "EBITDA": NaN,
        "EBIT": NaN,
        "Net Interest Income": NaN,
        "Interest Expense": NaN,
        "Interest Income": NaN,
        "Normalized Income": NaN,
        "Net Income From Continuing And Discontinued Operation": NaN,
        "Total Expenses": NaN,
        "Total Operating Income As Reported": NaN,
        "Diluted Average Shares": NaN,
        "Basic Average Shares": NaN,
        "Diluted EPS": NaN,
        "Basic EPS": NaN,
        "Diluted NI Availto Com Stockholders": NaN,
        "Net Income Common Stockholders": NaN,
        "Otherunder Preferred Stock Dividend": 0.0,
        "Net Income": NaN,
        "Minority Interests": NaN,
        "Net Income Including Noncontrolling Interests": NaN,
        "Net Income Continuous Operations": NaN,
        "Tax Provision": NaN,
        "Pretax Income": NaN,
        "Other Income Expense": NaN,
        "Other Non Operating Income Expenses": NaN,
        "Special Income Charges": NaN,
        "Other Special Charges": NaN,
        "Impairment Of Capital Assets": NaN,
        "Restructuring And Mergern Acquisition": NaN,
        "Earnings From Equity Interest": NaN,
        "Gain On Sale Of Security": NaN,
        "Net Non Operating Interest Income Expense": NaN,
        "Total Other Finance Cost": NaN,
        "Interest Expense Non Operating": NaN,
        "Interest Income Non Operating": NaN,
        "Operating Income": NaN,
        "Operating Expense": NaN,
        "Depreciation Amortization Depletion Income Statement": NaN,
        "Depreciation And Amortization In Income Statement": NaN,
        "Selling General And Administration": NaN,
        "Selling And Marketing Expense": NaN,
        "General And Administrative Expense": NaN,
        "Other Gand A": NaN,
        "Salaries And Wages": NaN,
        "Gross Profit": NaN,
        "Cost Of Revenue": NaN,
        "Total Revenue": NaN,
        "Operating Revenue": NaN
    },
    "2024-09-30": {
        "Tax Effect Of Unusual Items": NaN,
        "Tax Rate For Calcs": NaN,
        "Normalized EBITDA": NaN,
        "Total Unusual Items": NaN,
        "Total Unusual Items Excluding Goodwill": NaN,
        "Net Income From Continuing Operation Net Minority Interest": NaN,
        "Reconciled Depreciation": NaN,
        "Reconciled Cost Of Revenue": NaN,
        "EBITDA": NaN,
        "EBIT": NaN,
        "Net Interest Income": NaN,
        "Interest Expense": NaN,
        "Interest Income": NaN,
        "Normalized Income": NaN,
        "Net Income From Continuing And Discontinued Operation": NaN,
        "Total Expenses": NaN,
        "Total Operating Income As Reported": NaN,
        "Diluted Average Shares": NaN,
        "Basic Average Shares": NaN,
        "Diluted EPS": NaN,
        "Basic EPS": NaN,
        "Diluted NI Availto Com Stockholders": NaN,
        "Net Income Common Stockholders": NaN,
        "Otherunder Preferred Stock Dividend": NaN,
        "Net Income": NaN,
        "Minority Interests": NaN,
        "Net Income Including Noncontrolling Interests": NaN,
        "Net Income Discontinuous Operations": 5800000.0,
        "Net Income Continuous Operations": NaN,
        "Tax Provision": NaN,
        "Pretax Income": NaN,
        "Other Income Expense": NaN,
        "Other Non Operating Income Expenses": NaN,
        "Special Income Charges": NaN,
        "Gain On Sale Of Business": NaN,
        "Other Special Charges": 500000.0,
        "Impairment Of Capital Assets": NaN,
        "Restructuring And Mergern Acquisition": NaN,
        "Earnings From Equity Interest": NaN,
        "Net Non Operating Interest Income Expense": NaN,
        "Total Other Finance Cost": 21300000.0,
        "Interest Expense Non Operating": NaN,
        "Interest Income Non Operating": NaN,
        "Operating Income": NaN,
        "Operating Expense": NaN,
        "Depreciation Amortization Depletion Income Statement": NaN,
        "Depreciation And Amortization In Income Statement": NaN,
        "Selling General And Administration": NaN,
        "Selling And Marketing Expense": NaN,
        "General And Administrative Expense": NaN,
        "Other Gand A": NaN,
        "Salaries And Wages": 13500000.0,
        "Gross Profit": NaN,
        "Cost Of Revenue": NaN,
        "Total Revenue": NaN,
        "Operating Revenue": NaN
    },
    "2024-12-31": {
        "Tax Effect Of Unusual Items": -4920000.0,
        "Tax Rate For Calcs": 0.15,
        "Normalized EBITDA": 334800000.0,
        "Total Unusual Items": -32800000.0,
        "Total Unusual Items Excluding Goodwill": -32800000.0,
        "Net Income From Continuing Operation Net Minority Interest": -23100000.0,
        "Reconciled Depreciation": 253700000.0,
        "Reconciled Cost Of Revenue": 148400000.0,
        "EBITDA": 302000000.0,
        "EBIT": 48300000.0,
        "Net Interest Income": -60600000.0,
        "Interest Expense": 63700000.0,
        "Interest Income": 3100000.0,
        "Normalized Income": 4780000.0,
        "Net Income From Continuing And Discontinued Operation": -21900000.0,
        "Total Expenses": 568000000.0,
        "Total Operating Income As Reported": 27700000.0,
        "Diluted Average Shares": 250200000.0,
        "Basic Average Shares": 250200000.0,
        "Diluted EPS": -0.09,
        "Basic EPS": -0.09,
        "Diluted NI Availto Com Stockholders": -21900000.0,
        "Net Income Common Stockholders": -21900000.0,
        "Otherunder Preferred Stock Dividend": NaN,
        "Net Income": -21900000.0,
        "Minority Interests": -3400000.0,
        "Net Income Including Noncontrolling Interests": -18500000.0,
        "Net Income Discontinuous Operations": 1200000.0,
        "Net Income Continuous Operations": -19700000.0,
        "Tax Provision": 4300000.0,
        "Pretax Income": -15400000.0,
        "Other Income Expense": -15000000.0,
        "Other Non Operating Income Expenses": 10200000.0,
        "Special Income Charges": -32800000.0,
        "Gain On Sale Of Business": NaN,
        "Other Special Charges": 300000.0,
        "Impairment Of Capital Assets": 7300000.0,
        "Restructuring And Mergern Acquisition": 25200000.0,
        "Earnings From Equity Interest": 7600000.0,
        "Net Non Operating Interest Income Expense": -60600000.0,
        "Total Other Finance Cost": 5500000.0,
        "Interest Expense Non Operating": 63700000.0,
        "Interest Income Non Operating": 3100000.0,
        "Operating Income": 60200000.0,
        "Operating Expense": 170300000.0,
        "Depreciation Amortization Depletion Income Statement": 4400000.0,
        "Depreciation And Amortization In Income Statement": 4400000.0,
        "Selling General And Administration": 165900000.0,
        "Selling And Marketing Expense": 80200000.0,
        "General And Administrative Expense": 85700000.0,
        "Other Gand A": 71400000.0,
        "Salaries And Wages": 14300000.0,
        "Gross Profit": 230500000.0,
        "Cost Of Revenue": 397700000.0,
        "Total Revenue": 628200000.0,
        "Operating Revenue": 681800000.0
    },
    "2023-12-31": {
        "Tax Effect Of Unusual Items": NaN,
        "Tax Rate For Calcs": NaN,
        "Normalized EBITDA": NaN,
        "Total Unusual Items": NaN,
        "Total Unusual Items Excluding Goodwill": NaN,
        "Net Income From Continuing Operation Net Minority Interest": NaN,
        "Reconciled Depreciation": NaN,
        "Reconciled Cost Of Revenue": NaN,
        "EBITDA": NaN,
        "EBIT": NaN,
        "Net Interest Income": NaN,
        "Interest Expense": NaN,
        "Interest Income": NaN,
        "Normalized Income": NaN,
        "Net Income From Continuing And Discontinued Operation": NaN,
        "Total Expenses": NaN,
        "Total Operating Income As Reported": NaN,
        "Diluted Average Shares": NaN,
        "Basic Average Shares": NaN,
        "Diluted EPS": NaN,
        "Basic EPS": NaN,
        "Diluted NI Availto Com Stockholders": NaN,
        "Net Income Common Stockholders": NaN,
        "Otherunder Preferred Stock Dividend": NaN,
        "Net Income": NaN,
        "Minority Interests": NaN,
        "Net Income Including Noncontrolling Interests": NaN,
        "Net Income Discontinuous Operations": NaN,
        "Net Income Continuous Operations": NaN,
        "Tax Provision": NaN,
        "Pretax Income": NaN,
        "Other Income Expense": NaN,
        "Other Non Operating Income Expenses": NaN,
        "Special Income Charges": NaN,
        "Gain On Sale Of Business": NaN,
        "Other Special Charges": NaN,
        "Impairment Of Capital Assets": NaN,
        "Restructuring And Mergern Acquisition": NaN,
        "Earnings From Equity Interest": NaN,
        "Gain On Sale Of Security": 4400000.0,
        "Net Non Operating Interest Income Expense": NaN,
        "Total Other Finance Cost": NaN,
        "Interest Expense Non Operating": NaN,
        "Interest Income Non Operating": NaN,
        "Operating Income": NaN,
        "Operating Expense": NaN,
        "Depreciation Amortization Depletion Income Statement": NaN,
        "Depreciation And Amortization In Income Statement": NaN,
        "Selling General And Administration": NaN,
        "Selling And Marketing Expense": NaN,
        "General And Administrative Expense": NaN,
        "Other Gand A": NaN,
        "Salaries And Wages": 17200000.0,
        "Gross Profit": NaN,
        "Cost Of Revenue": NaN,
        "Total Revenue": NaN,
        "Operating Revenue": NaN
    },
    "2025-06-30": {
        "Tax Effect Of Unusual Items": 450000.0,
        "Tax Rate For Calcs": 0.15,
        "Normalized EBITDA": 205300000.0,
        "Total Unusual Items": 3000000.0,
        "Total Unusual Items Excluding Goodwill": 3000000.0,
        "Net Income From Continuing Operation Net Minority Interest": -94000000.0,
        "Reconciled Depreciation": 228800000.0,
        "Reconciled Cost Of Revenue": 114600000.0,
        "EBITDA": 208300000.0,
        "EBIT": -20500000.0,
        "Net Interest Income": -64300000.0,
        "Interest Expense": 64800000.0,
        "Interest Income": 4400000.0,
        "Normalized Income": -96550000.0,
        "Net Income From Continuing And Discontinued Operation": -108900000.0,
        "Total Expenses": 531700000.0,
        "Total Operating Income As Reported": -10600000.0,
        "Diluted Average Shares": 272300000.0,
        "Basic Average Shares": 272300000.0,
        "Diluted EPS": -0.4,
        "Basic EPS": -0.4,
        "Diluted NI Availto Com Stockholders": -108900000.0,
        "Net Income Common Stockholders": -108900000.0,
        "Otherunder Preferred Stock Dividend": 0.0,
        "Net Income": -108900000.0,
        "Minority Interests": -2300000.0,
        "Net Income Including Noncontrolling Interests": -106600000.0,
        "Net Income Discontinuous Operations": -14900000.0,
        "Net Income Continuous Operations": -91700000.0,
        "Tax Provision": 6400000.0,
        "Pretax Income": -85300000.0,
        "Other Income Expense": -15200000.0,
        "Other Non Operating Income Expenses": -17000000.0,
        "Special Income Charges": 3000000.0,
        "Gain On Sale Of Business": 8800000.0,
        "Other Special Charges": 1000000.0,
        "Impairment Of Capital Assets": 0.0,
        "Restructuring And Mergern Acquisition": 4800000.0,
        "Earnings From Equity Interest": -1200000.0,
        "Net Non Operating Interest Income Expense": -64300000.0,
        "Total Other Finance Cost": 3900000.0,
        "Interest Expense Non Operating": 64800000.0,
        "Interest Income Non Operating": 4400000.0,
        "Operating Income": -5800000.0,
        "Operating Expense": 192700000.0,
        "Depreciation Amortization Depletion Income Statement": 4400000.0,
        "Depreciation And Amortization In Income Statement": 4400000.0,
        "Selling General And Administration": 188300000.0,
        "Selling And Marketing Expense": 118100000.0,
        "General And Administrative Expense": 70200000.0,
        "Other Gand A": 70200000.0,
        "Salaries And Wages": NaN,
        "Gross Profit": 186900000.0,
        "Cost Of Revenue": 339000000.0,
        "Total Revenue": 525900000.0,
        "Operating Revenue": 526900000.0
    },
    "2025-03-31": {
        "Tax Effect Of Unusual Items": -1323456.790123,
        "Tax Rate For Calcs": 0.049383,
        "Normalized EBITDA": 705400000.0,
        "Total Unusual Items": -26800000.0,
        "Total Unusual Items Excluding Goodwill": -26800000.0,
        "Net Income From Continuing Operation Net Minority Interest": 21900000.0,
        "Reconciled Depreciation": 593400000.0,
        "Reconciled Cost Of Revenue": 180300000.0,
        "EBITDA": 678600000.0,
        "EBIT": 85200000.0,
        "Net Interest Income": -59000000.0,
        "Interest Expense": 60900000.0,
        "Interest Income": 3400000.0,
        "Normalized Income": 47376543.209877,
        "Net Income From Continuing And Discontinued Operation": 21900000.0,
        "Total Expenses": 948800000.0,
        "Total Operating Income As Reported": 94100000.0,
        "Diluted Average Shares": 285726390.0,
        "Basic Average Shares": 285726390.0,
        "Diluted EPS": 0.101041,
        "Basic EPS": 0.101041,
        "Diluted NI Availto Com Stockholders": 26900000.0,
        "Net Income Common Stockholders": 26900000.0,
        "Otherunder Preferred Stock Dividend": NaN,
        "Net Income": 21900000.0,
        "Minority Interests": -1200000.0,
        "Net Income Including Noncontrolling Interests": 23100000.0,
        "Net Income Discontinuous Operations": NaN,
        "Net Income Continuous Operations": 23100000.0,
        "Tax Provision": 1200000.0,
        "Pretax Income": 24300000.0,
        "Other Income Expense": -37600000.0,
        "Other Non Operating Income Expenses": -6600000.0,
        "Special Income Charges": -26800000.0,
        "Gain On Sale Of Business": NaN,
        "Other Special Charges": 0.0,
        "Impairment Of Capital Assets": 300000.0,
        "Restructuring And Mergern Acquisition": 26500000.0,
        "Earnings From Equity Interest": -4200000.0,
        "Net Non Operating Interest Income Expense": -59000000.0,
        "Total Other Finance Cost": 1500000.0,
        "Interest Expense Non Operating": 60900000.0,
        "Interest Income Non Operating": 3400000.0,
        "Operating Income": 120900000.0,
        "Operating Expense": 179700000.0,
        "Depreciation Amortization Depletion Income Statement": 4600000.0,
        "Depreciation And Amortization In Income Statement": 4600000.0,
        "Selling General And Administration": 175100000.0,
        "Selling And Marketing Expense": 89900000.0,
        "General And Administrative Expense": 85200000.0,
        "Other Gand A": 127400000.0,
        "Salaries And Wages": NaN,
        "Gross Profit": 300600000.0,
        "Cost Of Revenue": 769100000.0,
        "Total Revenue": 1069700000.0,
        "Operating Revenue": 1028700000.0
    },
    "2025-09-30": {
        "Tax Effect Of Unusual Items": -4035000.0,
        "Tax Rate For Calcs": 0.15,
        "Normalized EBITDA": 175000000.0,
        "Total Unusual Items": -26900000.0,
        "Total Unusual Items Excluding Goodwill": -26900000.0,
        "Net Income From Continuing Operation Net Minority Interest": -111900000.0,
        "Reconciled Depreciation": 223800000.0,
        "Reconciled Cost Of Revenue": 80900000.0,
        "EBITDA": 148100000.0,
        "EBIT": -75700000.0,
        "Net Interest Income": -63900000.0,
        "Interest Expense": 34100000.0,
        "Interest Income": 3400000.0,
        "Normalized Income": -89035000.0,
        "Net Income From Continuing And Discontinued Operation": -113500000.0,
        "Total Expenses": 495400000.0,
        "Total Operating Income As Reported": -46000000.0,
        "Diluted Average Shares": 289200000.0,
        "Basic Average Shares": 289200000.0,
        "Diluted EPS": -0.39,
        "Basic EPS": -0.39,
        "Diluted NI Availto Com Stockholders": -113500000.0,
        "Net Income Common Stockholders": -113500000.0,
        "Otherunder Preferred Stock Dividend": NaN,
        "Net Income": -113500000.0,
        "Minority Interests": -300000.0,
        "Net Income Including Noncontrolling Interests": -113200000.0,
        "Net Income Discontinuous Operations": -1600000.0,
        "Net Income Continuous Operations": -111600000.0,
        "Tax Provision": 1800000.0,
        "Pretax Income": -109800000.0,
        "Other Income Expense": -25600000.0,
        "Other Non Operating Income Expenses": 3200000.0,
        "Special Income Charges": -26900000.0,
        "Gain On Sale Of Business": NaN,
        "Other Special Charges": 1200000.0,
        "Impairment Of Capital Assets": 9800000.0,
        "Restructuring And Mergern Acquisition": 15900000.0,
        "Earnings From Equity Interest": -1900000.0,
        "Net Non Operating Interest Income Expense": -63900000.0,
        "Total Other Finance Cost": 33200000.0,
        "Interest Expense Non Operating": 34100000.0,
        "Interest Income Non Operating": 3400000.0,
        "Operating Income": -20300000.0,
        "Operating Expense": 195100000.0,
        "Depreciation Amortization Depletion Income Statement": 4400000.0,
        "Depreciation And Amortization In Income Statement": 4400000.0,
        "Selling General And Administration": 190700000.0,
        "Selling And Marketing Expense": 102600000.0,
        "General And Administrative Expense": 88100000.0,
        "Other Gand A": 66800000.0,
        "Salaries And Wages": 21300000.0,
        "Gross Profit": 174800000.0,
        "Cost Of Revenue": 300300000.0,
        "Total Revenue": 475100000.0,
        "Operating Revenue": 448200000.0
    },
    "2025-12-31": {
        "Tax Effect Of Unusual Items": -1395000.0,
        "Tax Rate For Calcs": 0.15,
        "Normalized EBITDA": 276900000.0,
        "Total Unusual Items": -9300000.0,
        "Total Unusual Items Excluding Goodwill": -9300000.0,
        "Net Income From Continuing Operation Net Minority Interest": -46200000.0,
        "Reconciled Depreciation": 240300000.0,
        "Reconciled Cost Of Revenue": 191400000.0,
        "EBITDA": 267600000.0,
        "EBIT": 27300000.0,
        "Net Interest Income": -61000000.0,
        "Interest Expense": 65000000.0,
        "Interest Income": 4000000.0,
        "Normalized Income": -38295000.0,
        "Net Income From Continuing And Discontinued Operation": -46200000.0,
        "Total Expenses": 679000000.0,
        "Total Operating Income As Reported": 36000000.0,
        "Diluted Average Shares": 290000000.0,
        "Basic Average Shares": 290000000.0,
        "Diluted EPS": -0.16,
        "Basic EPS": -0.16,
        "Diluted NI Availto Com Stockholders": -46200000.0,
        "Net Income Common Stockholders": -46200000.0,
        "Otherunder Preferred Stock Dividend": NaN,
        "Net Income": -46200000.0,
        "Minority Interests": -1800000.0,
        "Net Income Including Noncontrolling Interests": -44400000.0,
        "Net Income Discontinuous Operations": 0.0,
        "Net Income Continuous Operations": -44400000.0,
        "Tax Provision": 6700000.0,
        "Pretax Income": -37700000.0,
        "Other Income Expense": -22000000.0,
        "Other Non Operating Income Expenses": -7600000.0,
        "Special Income Charges": -9300000.0,
        "Gain On Sale Of Business": NaN,
        "Other Special Charges": NaN,
        "Impairment Of Capital Assets": 5000000.0,
        "Restructuring And Mergern Acquisition": 4300000.0,
        "Earnings From Equity Interest": -5100000.0,
        "Net Non Operating Interest Income Expense": -61000000.0,
        "Total Other Finance Cost": NaN,
        "Interest Expense Non Operating": 65000000.0,
        "Interest Income Non Operating": 4000000.0,
        "Operating Income": 45300000.0,
        "Operating Expense": 251700000.0,
        "Depreciation Amortization Depletion Income Statement": 4400000.0,
        "Depreciation And Amortization In Income Statement": 4400000.0,
        "Selling General And Administration": 247300000.0,
        "Selling And Marketing Expense": 153200000.0,
        "General And Administrative Expense": 94100000.0,
        "Other Gand A": 69000000.0,
        "Salaries And Wages": 25100000.0,
        "Gross Profit": 297000000.0,
        "Cost Of Revenue": 427300000.0,
        "Total Revenue": 724300000.0,
        "Operating Revenue": 682400000.0
    }
}