{
    "2023-03-31": {
        "Tax Effect Of Unusual Items": NaN,
        "Tax Rate For Calcs": NaN,
        "Normalized EBITDA": NaN,
        "Total Unusual Items": NaN,
        "Total Unusual Items Excluding Goodwill": NaN,
        "Net Income From Continuing Operation Net Minority Interest": NaN,
        "Reconciled Depreciation": NaN,
        "Reconciled Cost Of Revenue": NaN,
        "EBITDA": NaN,
        "EBIT": NaN,
        "Net Interest Income": NaN,
        "Interest Expense": NaN,
        "Interest Income": NaN,
        "Normalized Income": NaN,
        "Net Income From Continuing And Discontinued Operation": NaN,
        "Total Expenses": NaN,
        "Total Operating Income As Reported": NaN,
        "Diluted Average Shares": 5653574.0,
        "Basic Average Shares": 5653574.0,
        "Diluted EPS": -0.42,
        "Basic EPS": -0.42,
        "Diluted NI Availto Com Stockholders": NaN,
        "Net Income Common Stockholders": NaN,
        "Net Income": NaN,
        "Net Income Including Noncontrolling Interests": NaN,
        "Net Income Continuous Operations": NaN,
        "Tax Provision": NaN,
        "Pretax Income": NaN,
        "Other Income Expense": NaN,
        "Special Income Charges": NaN,
        "Gain On Sale Of Ppe": NaN,
        "Restructuring And Mergern Acquisition": NaN,
        "Gain On Sale Of Security": NaN,
        "Net Non Operating Interest Income Expense": NaN,
        "Interest Expense Non Operating": NaN,
        "Interest Income Non Operating": NaN,
        "Operating Income": NaN,
        "Operating Expense": NaN,
        "Research And Development": NaN,
        "Selling General And Administration": NaN,
        "Selling And Marketing Expense": NaN,
        "General And Administrative Expense": NaN,
        "Other Gand A": NaN,
        "Gross Profit": NaN,
        "Cost Of Revenue": NaN,
        "Total Revenue": NaN,
        "Operating Revenue": NaN
    },
    "2022-12-31": {
        "Tax Effect Of Unusual Items": NaN,
        "Tax Rate For Calcs": NaN,
        "Normalized EBITDA": NaN,
        "Total Unusual Items": NaN,
        "Total Unusual Items Excluding Goodwill": NaN,
        "Net Income From Continuing Operation Net Minority Interest": NaN,
        "Reconciled Depreciation": NaN,
        "Reconciled Cost Of Revenue": NaN,
        "EBITDA": NaN,
        "EBIT": NaN,
        "Net Interest Income": NaN,
        "Interest Expense": NaN,
        "Interest Income": NaN,
        "Normalized Income": NaN,
        "Net Income From Continuing And Discontinued Operation": NaN,
        "Total Expenses": NaN,
        "Total Operating Income As Reported": NaN,
        "Diluted Average Shares": NaN,
        "Basic Average Shares": NaN,
        "Diluted EPS": NaN,
        "Basic EPS": NaN,
        "Diluted NI Availto Com Stockholders": NaN,
        "Net Income Common Stockholders": NaN,
        "Net Income": NaN,
        "Net Income Including Noncontrolling Interests": NaN,
        "Net Income Continuous Operations": NaN,
        "Tax Provision": NaN,
        "Pretax Income": NaN,
        "Other Income Expense": NaN,
        "Special Income Charges": NaN,
        "Gain On Sale Of Ppe": NaN,
        "Restructuring And Mergern Acquisition": 256561.0,
        "Gain On Sale Of Security": NaN,
        "Net Non Operating Interest Income Expense": NaN,
        "Interest Expense Non Operating": NaN,
        "Interest Income Non Operating": NaN,
        "Operating Income": NaN,
        "Operating Expense": NaN,
        "Research And Development": NaN,
        "Selling General And Administration": NaN,
        "Selling And Marketing Expense": NaN,
        "General And Administrative Expense": NaN,
        "Other Gand A": NaN,
        "Gross Profit": NaN,
        "Cost Of Revenue": NaN,
        "Total Revenue": NaN,
        "Operating Revenue": NaN
    },
    "2022-09-30": {
        "Tax Effect Of Unusual Items": NaN,
        "Tax Rate For Calcs": NaN,
        "Normalized EBITDA": NaN,
        "Total Unusual Items": NaN,
        "Total Unusual Items Excluding Goodwill": NaN,
        "Net Income From Continuing Operation Net Minority Interest": NaN,
        "Reconciled Depreciation": NaN,
        "Reconciled Cost Of Revenue": NaN,
        "EBITDA": NaN,
        "EBIT": NaN,
        "Net Interest Income": NaN,
        "Interest Expense": NaN,
        "Interest Income": NaN,
        "Normalized Income": NaN,
        "Net Income From Continuing And Discontinued Operation": NaN,
        "Total Expenses": NaN,
        "Total Operating Income As Reported": NaN,
        "Diluted Average Shares": 5486475.0,
        "Basic Average Shares": 5486475.0,
        "Diluted EPS": -0.32,
        "Basic EPS": -0.32,
        "Diluted NI Availto Com Stockholders": NaN,
        "Net Income Common Stockholders": NaN,
        "Net Income": NaN,
        "Net Income Including Noncontrolling Interests": NaN,
        "Net Income Continuous Operations": NaN,
        "Tax Provision": NaN,
        "Pretax Income": NaN,
        "Other Income Expense": NaN,
        "Special Income Charges": NaN,
        "Gain On Sale Of Ppe": NaN,
        "Other Special Charges": 3317.0,
        "Restructuring And Mergern Acquisition": -1964.0,
        "Gain On Sale Of Security": NaN,
        "Net Non Operating Interest Income Expense": NaN,
        "Interest Expense Non Operating": NaN,
        "Interest Income Non Operating": NaN,
        "Operating Income": NaN,
        "Operating Expense": NaN,
        "Research And Development": NaN,
        "Selling General And Administration": NaN,
        "Selling And Marketing Expense": NaN,
        "General And Administrative Expense": NaN,
        "Other Gand A": NaN,
        "Gross Profit": NaN,
        "Cost Of Revenue": NaN,
        "Total Revenue": NaN,
        "Operating Revenue": NaN
    },
    "2022-06-30": {
        "Tax Effect Of Unusual Items": -4255.15026,
        "Tax Rate For Calcs": 0.002153,
        "Normalized EBITDA": -1524806.0,
        "Total Unusual Items": -1976793.0,
        "Total Unusual Items Excluding Goodwill": -1976793.0,
        "Net Income From Continuing Operation Net Minority Interest": -6507059.0,
        "Reconciled Depreciation": 937322.0,
        "Reconciled Cost Of Revenue": 4870152.0,
        "EBITDA": -3501599.0,
        "EBIT": -4438921.0,
        "Net Interest Income": -1739551.0,
        "Interest Expense": 2082175.0,
        "Interest Income": 342624.0,
        "Normalized Income": -4534521.15026,
        "Net Income From Continuing And Discontinued Operation": -6507059.0,
        "Total Expenses": 7823044.0,
        "Total Operating Income As Reported": -4593579.0,
        "Diluted Average Shares": 4012187.0,
        "Basic Average Shares": 4012187.0,
        "Diluted EPS": -1.62,
        "Basic EPS": -1.62,
        "Diluted NI Availto Com Stockholders": -6507059.0,
        "Net Income Common Stockholders": -6507059.0,
        "Net Income": -6507059.0,
        "Net Income Including Noncontrolling Interests": -6507059.0,
        "Net Income Continuous Operations": -6507059.0,
        "Tax Provision": -14037.0,
        "Pretax Income": -6521096.0,
        "Other Income Expense": -1976793.0,
        "Special Income Charges": -1634591.0,
        "Gain On Sale Of Ppe": 661.0,
        "Restructuring And Mergern Acquisition": 1635252.0,
        "Gain On Sale Of Security": -342202.0,
        "Net Non Operating Interest Income Expense": -1739551.0,
        "Interest Expense Non Operating": 2082175.0,
        "Interest Income Non Operating": 342624.0,
        "Operating Income": -2804752.0,
        "Operating Expense": 2952892.0,
        "Research And Development": 490836.0,
        "Selling General And Administration": 2462056.0,
        "Selling And Marketing Expense": 1196513.0,
        "General And Administrative Expense": 1265543.0,
        "Other Gand A": 1265543.0,
        "Gross Profit": 148140.0,
        "Cost Of Revenue": 4870152.0,
        "Total Revenue": 5018292.0,
        "Operating Revenue": 5018292.0
    },
    "2022-03-31": {
        "Diluted EPS": -1.44,
        "Total Revenue": 4,
        "Gross Profit": 0,
        "Operating Income": -4,
        "EBIT": -3,
        "Net Income": -4
    },
    "2021-12-31": {
        "Diluted EPS": -1.12,
        "Total Revenue": 6,
        "Gross Profit": 1,
        "Operating Income": -3,
        "EBIT": -2,
        "Net Income": -3
    },
    "2021-09-30": {
        "Diluted EPS": -1.04,
        "Total Revenue": 4,
        "Gross Profit": 0,
        "Operating Income": -3,
        "EBIT": -2,
        "Net Income": -3
    },
    "2021-06-30": {
        "Diluted EPS": -1.12,
        "Total Revenue": 4,
        "Gross Profit": 0,
        "Operating Income": -3,
        "EBIT": -2,
        "Net Income": -3
    },
    "2021-03-31": {
        "Diluted EPS": -0.88,
        "Total Revenue": 4,
        "Gross Profit": 0,
        "Operating Income": -3,
        "EBIT": -2,
        "Net Income": -2
    },
    "2020-12-31": {
        "Diluted EPS": -1.36,
        "Total Revenue": 4,
        "Gross Profit": -1,
        "Operating Income": -4,
        "EBIT": -3,
        "Net Income": -4
    },
    "2020-09-30": {
        "Diluted EPS": -1.44,
        "Total Revenue": 4,
        "Gross Profit": 0,
        "Operating Income": -3,
        "EBIT": -2,
        "Net Income": -4
    },
    "2020-06-30": {
        "Diluted EPS": -0.96,
        "Total Revenue": 5,
        "Gross Profit": 0,
        "Operating Income": -2,
        "EBIT": -1,
        "Net Income": -3
    },
    "2020-03-31": {
        "Diluted EPS": 0.08,
        "Total Revenue": 10,
        "Gross Profit": 3,
        "Operating Income": 0,
        "EBIT": 1,
        "Net Income": 0
    },
    "2019-12-31": {
        "Diluted EPS": -0.32,
        "Total Revenue": 6,
        "Gross Profit": 1,
        "Operating Income": -1,
        "EBIT": -1,
        "Net Income": -1
    },
    "2019-09-30": {
        "Diluted EPS": 0.24,
        "Total Revenue": 10,
        "Gross Profit": 2,
        "Operating Income": 0,
        "EBIT": 1,
        "Net Income": 1
    },
    "2019-06-30": {
        "Diluted EPS": 0.08,
        "Total Revenue": 9,
        "Gross Profit": 2,
        "Operating Income": 0,
        "EBIT": 1,
        "Net Income": 0
    },
    "2019-03-31": {
        "Diluted EPS": 0.0,
        "Total Revenue": 7,
        "Gross Profit": 1,
        "Operating Income": 0,
        "EBIT": 0,
        "Net Income": 0
    },
    "2018-12-31": {
        "Diluted EPS": -1.25,
        "Total Revenue": 3,
        "Gross Profit": 0,
        "Operating Income": -2,
        "EBIT": -2,
        "Net Income": -1
    },
    "2018-09-30": {
        "Diluted EPS": -0.4,
        "Total Revenue": 3,
        "Gross Profit": 0,
        "Operating Income": -1,
        "EBIT": -1,
        "Net Income": -1
    },
    "2018-06-30": {
        "Diluted EPS": -0.03,
        "Total Revenue": 4,
        "Gross Profit": 1,
        "Operating Income": -1,
        "EBIT": 0,
        "Net Income": 0
    },
    "2018-03-31": {
        "Diluted EPS": -0.24,
        "Total Revenue": 2,
        "Gross Profit": 0,
        "Operating Income": -1,
        "EBIT": -1,
        "Net Income": -2
    },
    "2017-12-31": {
        "Diluted EPS": -0.96,
        "Total Revenue": 3,
        "Gross Profit": 0,
        "Operating Income": -1,
        "EBIT": -1,
        "Net Income": -1
    },
    "2017-09-30": {
        "Diluted EPS": -0.96,
        "Total Revenue": 2,
        "Gross Profit": 0,
        "Operating Income": -1,
        "EBIT": -1,
        "Net Income": -1
    },
    "2017-06-30": {
        "Diluted EPS": -0.96,
        "Total Revenue": 3,
        "Gross Profit": 0,
        "Operating Income": -1,
        "EBIT": -1,
        "Net Income": -1
    },
    "2017-03-31": {
        "Diluted EPS": -0.64,
        "Total Revenue": 3,
        "Gross Profit": 0,
        "Operating Income": -1,
        "EBIT": -1,
        "Net Income": -1
    },
    "2016-12-31": {
        "Diluted EPS": -10.24,
        "Total Revenue": 3,
        "Gross Profit": -1,
        "Operating Income": -11,
        "EBIT": -11,
        "Net Income": -11
    },
    "2016-09-30": {
        "Diluted EPS": -0.64,
        "Total Revenue": 4,
        "Gross Profit": 0,
        "Operating Income": -1,
        "EBIT": -1,
        "Net Income": -1
    },
    "2016-06-30": {
        "Diluted EPS": -0.32,
        "Total Revenue": 4,
        "Gross Profit": 1,
        "Operating Income": 0,
        "EBIT": 0,
        "Net Income": 0
    },
    "2016-03-31": {
        "Diluted EPS": -3.2,
        "Total Revenue": 4,
        "Gross Profit": 1,
        "Operating Income": -1,
        "EBIT": -1,
        "Net Income": -4
    },
    "2015-12-31": {
        "Diluted EPS": 0.0,
        "Total Revenue": 5,
        "Gross Profit": 2,
        "Operating Income": 0,
        "EBIT": 0,
        "Net Income": 0
    },
    "2015-09-30": {
        "Diluted EPS": 0.64,
        "Total Revenue": 7,
        "Gross Profit": 2,
        "Operating Income": 1,
        "EBIT": 1,
        "Net Income": 1
    },
    "2015-06-30": {
        "Diluted EPS": -1.6,
        "Total Revenue": 2,
        "Gross Profit": -1,
        "Operating Income": -2,
        "EBIT": -2,
        "Net Income": -2
    },
    "2015-03-31": {
        "Diluted EPS": -0.96,
        "Total Revenue": 2,
        "Gross Profit": 0,
        "Operating Income": -2,
        "EBIT": -1,
        "Net Income": -1
    },
    "2014-12-31": {
        "Diluted EPS": -1.92,
        "Total Revenue": 2,
        "Gross Profit": -1,
        "Operating Income": -3,
        "EBIT": -3,
        "Net Income": -2
    },
    "2014-09-30": {
        "Diluted EPS": 0.32,
        "Total Revenue": 5,
        "Gross Profit": 1,
        "Operating Income": 0,
        "EBIT": 0,
        "Net Income": 0
    },
    "2014-06-30": {
        "Diluted EPS": -0.96,
        "Total Revenue": 4,
        "Gross Profit": 1,
        "Operating Income": -1,
        "EBIT": 0,
        "Net Income": -1
    },
    "2014-03-31": {
        "Diluted EPS": -0.96,
        "Total Revenue": 3,
        "Gross Profit": 1,
        "Operating Income": -1,
        "EBIT": 0,
        "Net Income": -1
    },
    "2013-12-31": {
        "Diluted EPS": -2.24,
        "Total Revenue": 4,
        "Gross Profit": 4,
        "Operating Income": 4,
        "EBIT": 4,
        "Net Income": -2
    },
    "2013-09-30": {
        "Diluted EPS": -1.28,
        "Total Revenue": 3,
        "Gross Profit": 3,
        "Operating Income": 3,
        "EBIT": 3,
        "Net Income": -1
    },
    "2013-06-30": {
        "Diluted EPS": -1.6,
        "Total Revenue": 3,
        "Gross Profit": 3,
        "Operating Income": 3,
        "EBIT": 3,
        "Net Income": -1
    },
    "2013-03-31": {
        "Diluted EPS": -0.96,
        "Total Revenue": 3,
        "Gross Profit": 3,
        "Operating Income": 3,
        "EBIT": 3,
        "Net Income": -1
    },
    "2012-12-31": {
        "Diluted EPS": -3.2,
        "Total Revenue": 4,
        "Gross Profit": 4,
        "Operating Income": 4,
        "EBIT": 4,
        "Net Income": -2
    },
    "2012-09-30": {
        "Diluted EPS": -0.64,
        "Total Revenue": 3,
        "Gross Profit": 3,
        "Operating Income": 3,
        "EBIT": 3,
        "Net Income": 0
    },
    "2012-06-30": {
        "Diluted EPS": -0.64,
        "Total Revenue": 4,
        "Gross Profit": 4,
        "Operating Income": 4,
        "EBIT": 4,
        "Net Income": -1
    },
    "2012-03-31": {
        "Diluted EPS": 0.32,
        "Total Revenue": 6,
        "Gross Profit": 6,
        "Operating Income": 6,
        "EBIT": 6,
        "Net Income": 0
    },
    "2023-06-30": {
        "Tax Effect Of Unusual Items": NaN,
        "Tax Rate For Calcs": NaN,
        "Normalized EBITDA": NaN,
        "Total Unusual Items": NaN,
        "Total Unusual Items Excluding Goodwill": NaN,
        "Net Income From Continuing Operation Net Minority Interest": NaN,
        "Reconciled Depreciation": NaN,
        "Reconciled Cost Of Revenue": NaN,
        "EBITDA": NaN,
        "EBIT": NaN,
        "Net Interest Income": NaN,
        "Interest Expense": NaN,
        "Interest Income": NaN,
        "Normalized Income": NaN,
        "Net Income From Continuing And Discontinued Operation": NaN,
        "Total Expenses": NaN,
        "Total Operating Income As Reported": NaN,
        "Diluted Average Shares": 5660007.0,
        "Basic Average Shares": 5660007.0,
        "Diluted EPS": -0.27,
        "Basic EPS": -0.27,
        "Diluted NI Availto Com Stockholders": NaN,
        "Net Income Common Stockholders": NaN,
        "Net Income": NaN,
        "Net Income Including Noncontrolling Interests": NaN,
        "Net Income Continuous Operations": NaN,
        "Tax Provision": NaN,
        "Pretax Income": NaN,
        "Other Income Expense": NaN,
        "Special Income Charges": NaN,
        "Gain On Sale Of Ppe": NaN,
        "Restructuring And Mergern Acquisition": 0.0,
        "Gain On Sale Of Security": NaN,
        "Net Non Operating Interest Income Expense": NaN,
        "Interest Expense Non Operating": NaN,
        "Interest Income Non Operating": NaN,
        "Operating Income": NaN,
        "Operating Expense": NaN,
        "Research And Development": NaN,
        "Selling General And Administration": NaN,
        "Selling And Marketing Expense": NaN,
        "General And Administrative Expense": NaN,
        "Other Gand A": NaN,
        "Gross Profit": NaN,
        "Cost Of Revenue": NaN,
        "Total Revenue": NaN,
        "Operating Revenue": NaN
    },
    "2023-09-30": {
        "Tax Effect Of Unusual Items": NaN,
        "Tax Rate For Calcs": NaN,
        "Normalized EBITDA": NaN,
        "Total Unusual Items": NaN,
        "Total Unusual Items Excluding Goodwill": NaN,
        "Net Income From Continuing Operation Net Minority Interest": NaN,
        "Reconciled Depreciation": NaN,
        "Reconciled Cost Of Revenue": NaN,
        "EBITDA": NaN,
        "EBIT": NaN,
        "Net Interest Income": NaN,
        "Interest Expense": NaN,
        "Interest Income": NaN,
        "Normalized Income": NaN,
        "Net Income From Continuing And Discontinued Operation": NaN,
        "Total Expenses": NaN,
        "Total Operating Income As Reported": NaN,
        "Diluted Average Shares": 5705729.0,
        "Basic Average Shares": 5705729.0,
        "Diluted EPS": -0.25,
        "Basic EPS": -0.25,
        "Diluted NI Availto Com Stockholders": NaN,
        "Net Income Common Stockholders": NaN,
        "Net Income": NaN,
        "Minority Interests": NaN,
        "Net Income Including Noncontrolling Interests": NaN,
        "Net Income Continuous Operations": NaN,
        "Tax Provision": NaN,
        "Pretax Income": NaN,
        "Other Income Expense": NaN,
        "Special Income Charges": NaN,
        "Gain On Sale Of Ppe": NaN,
        "Restructuring And Mergern Acquisition": 0.0,
        "Gain On Sale Of Security": NaN,
        "Net Non Operating Interest Income Expense": NaN,
        "Interest Expense Non Operating": NaN,
        "Interest Income Non Operating": NaN,
        "Operating Income": NaN,
        "Operating Expense": NaN,
        "Research And Development": NaN,
        "Selling General And Administration": NaN,
        "Selling And Marketing Expense": NaN,
        "General And Administrative Expense": NaN,
        "Other Gand A": NaN,
        "Gross Profit": NaN,
        "Cost Of Revenue": NaN,
        "Total Revenue": NaN,
        "Operating Revenue": NaN
    },
    "2023-12-31": {
        "Tax Effect Of Unusual Items": NaN,
        "Tax Rate For Calcs": NaN,
        "Normalized EBITDA": NaN,
        "Total Unusual Items": NaN,
        "Total Unusual Items Excluding Goodwill": NaN,
        "Net Income From Continuing Operation Net Minority Interest": NaN,
        "Reconciled Depreciation": NaN,
        "Reconciled Cost Of Revenue": NaN,
        "EBITDA": NaN,
        "EBIT": NaN,
        "Net Interest Income": NaN,
        "Interest Expense": NaN,
        "Interest Income": NaN,
        "Normalized Income": NaN,
        "Net Income From Continuing And Discontinued Operation": NaN,
        "Total Expenses": NaN,
        "Total Operating Income As Reported": NaN,
        "Diluted Average Shares": NaN,
        "Basic Average Shares": NaN,
        "Diluted EPS": NaN,
        "Basic EPS": NaN,
        "Diluted NI Availto Com Stockholders": NaN,
        "Net Income Common Stockholders": NaN,
        "Net Income": NaN,
        "Minority Interests": NaN,
        "Net Income Including Noncontrolling Interests": NaN,
        "Net Income Continuous Operations": NaN,
        "Tax Provision": NaN,
        "Pretax Income": NaN,
        "Other Income Expense": NaN,
        "Special Income Charges": NaN,
        "Gain On Sale Of Ppe": NaN,
        "Restructuring And Mergern Acquisition": 0.0,
        "Gain On Sale Of Security": NaN,
        "Net Non Operating Interest Income Expense": NaN,
        "Interest Expense Non Operating": NaN,
        "Interest Income Non Operating": NaN,
        "Operating Income": NaN,
        "Operating Expense": NaN,
        "Research And Development": NaN,
        "Selling General And Administration": NaN,
        "Selling And Marketing Expense": NaN,
        "General And Administrative Expense": NaN,
        "Other Gand A": NaN,
        "Gross Profit": NaN,
        "Cost Of Revenue": NaN,
        "Total Revenue": NaN,
        "Operating Revenue": NaN
    },
    "2024-03-31": {
        "Tax Effect Of Unusual Items": NaN,
        "Tax Rate For Calcs": NaN,
        "Normalized EBITDA": NaN,
        "Total Unusual Items": NaN,
        "Total Unusual Items Excluding Goodwill": NaN,
        "Net Income From Continuing Operation Net Minority Interest": NaN,
        "Reconciled Depreciation": NaN,
        "Reconciled Cost Of Revenue": NaN,
        "EBITDA": NaN,
        "EBIT": NaN,
        "Net Interest Income": NaN,
        "Interest Expense": NaN,
        "Interest Income": NaN,
        "Normalized Income": NaN,
        "Net Income From Continuing And Discontinued Operation": NaN,
        "Total Expenses": NaN,
        "Total Operating Income As Reported": NaN,
        "Diluted Average Shares": NaN,
        "Basic Average Shares": NaN,
        "Diluted EPS": NaN,
        "Basic EPS": NaN,
        "Diluted NI Availto Com Stockholders": NaN,
        "Net Income Common Stockholders": NaN,
        "Net Income": NaN,
        "Minority Interests": 0.0,
        "Net Income Including Noncontrolling Interests": NaN,
        "Net Income Continuous Operations": NaN,
        "Tax Provision": NaN,
        "Pretax Income": NaN,
        "Other Income Expense": NaN,
        "Special Income Charges": NaN,
        "Gain On Sale Of Ppe": NaN,
        "Gain On Sale Of Security": NaN,
        "Net Non Operating Interest Income Expense": NaN,
        "Interest Expense Non Operating": NaN,
        "Interest Income Non Operating": NaN,
        "Operating Income": NaN,
        "Operating Expense": NaN,
        "Research And Development": NaN,
        "Selling General And Administration": NaN,
        "Selling And Marketing Expense": NaN,
        "General And Administrative Expense": NaN,
        "Other Gand A": NaN,
        "Gross Profit": NaN,
        "Cost Of Revenue": NaN,
        "Total Revenue": NaN,
        "Operating Revenue": NaN
    },
    "2024-06-30": {
        "Tax Effect Of Unusual Items": NaN,
        "Tax Rate For Calcs": NaN,
        "Normalized EBITDA": NaN,
        "Total Unusual Items": NaN,
        "Total Unusual Items Excluding Goodwill": NaN,
        "Net Income From Continuing Operation Net Minority Interest": NaN,
        "Reconciled Depreciation": NaN,
        "Reconciled Cost Of Revenue": NaN,
        "EBITDA": NaN,
        "EBIT": NaN,
        "Net Interest Income": NaN,
        "Interest Expense": NaN,
        "Interest Income": NaN,
        "Normalized Income": NaN,
        "Net Income From Continuing And Discontinued Operation": NaN,
        "Total Expenses": NaN,
        "Total Operating Income As Reported": NaN,
        "Diluted Average Shares": 5808127.0,
        "Basic Average Shares": 5808127.0,
        "Diluted EPS": -0.36,
        "Basic EPS": -0.36,
        "Diluted NI Availto Com Stockholders": NaN,
        "Net Income Common Stockholders": NaN,
        "Net Income": NaN,
        "Minority Interests": NaN,
        "Net Income Including Noncontrolling Interests": NaN,
        "Net Income Continuous Operations": NaN,
        "Tax Provision": NaN,
        "Pretax Income": NaN,
        "Other Income Expense": NaN,
        "Special Income Charges": NaN,
        "Gain On Sale Of Ppe": NaN,
        "Gain On Sale Of Security": NaN,
        "Net Non Operating Interest Income Expense": NaN,
        "Interest Expense Non Operating": NaN,
        "Interest Income Non Operating": NaN,
        "Operating Income": NaN,
        "Operating Expense": NaN,
        "Research And Development": NaN,
        "Selling General And Administration": NaN,
        "Selling And Marketing Expense": NaN,
        "General And Administrative Expense": NaN,
        "Other Gand A": NaN,
        "Gross Profit": NaN,
        "Cost Of Revenue": NaN,
        "Total Revenue": NaN,
        "Operating Revenue": NaN
    },
    "2024-09-30": {
        "Tax Effect Of Unusual Items": -328.88107,
        "Tax Rate For Calcs": 0.003529,
        "Normalized EBITDA": -1843271.0,
        "Total Unusual Items": -93182.0,
        "Total Unusual Items Excluding Goodwill": -93182.0,
        "Net Income From Continuing Operation Net Minority Interest": -2840526.0,
        "Reconciled Depreciation": 722623.0,
        "Reconciled Cost Of Revenue": 2687754.0,
        "EBITDA": -1936453.0,
        "EBIT": -2659076.0,
        "Net Interest Income": -167432.0,
        "Interest Expense": 191511.0,
        "Interest Income": 24079.0,
        "Normalized Income": -2747672.88107,
        "Net Income From Continuing And Discontinued Operation": -2840526.0,
        "Total Expenses": 5068194.0,
        "Total Operating Income As Reported": -2589973.0,
        "Diluted Average Shares": 5820225.0,
        "Basic Average Shares": 5820225.0,
        "Diluted EPS": -0.49,
        "Basic EPS": -0.49,
        "Diluted NI Availto Com Stockholders": -2840526.0,
        "Net Income Common Stockholders": -2840526.0,
        "Net Income": -2840526.0,
        "Minority Interests": 0.0,
        "Net Income Including Noncontrolling Interests": -2840526.0,
        "Net Income Continuous Operations": -2840526.0,
        "Tax Provision": -10061.0,
        "Pretax Income": -2850587.0,
        "Other Income Expense": -93182.0,
        "Special Income Charges": -4096.0,
        "Gain On Sale Of Ppe": -4096.0,
        "Gain On Sale Of Security": -89086.0,
        "Net Non Operating Interest Income Expense": -167432.0,
        "Interest Expense Non Operating": 191511.0,
        "Interest Income Non Operating": 24079.0,
        "Operating Income": -2589973.0,
        "Operating Expense": 2380440.0,
        "Research And Development": 278361.0,
        "Selling General And Administration": 2102079.0,
        "Selling And Marketing Expense": 610713.0,
        "General And Administrative Expense": 1491366.0,
        "Other Gand A": 1491366.0,
        "Gross Profit": -209533.0,
        "Cost Of Revenue": 2687754.0,
        "Total Revenue": 2478221.0,
        "Operating Revenue": 2478221.0
    },
    "2024-12-31": {
        "Tax Effect Of Unusual Items": -5.32419,
        "Tax Rate For Calcs": 6.2e-05,
        "Normalized EBITDA": -2667585.0,
        "Total Unusual Items": -85555.0,
        "Total Unusual Items Excluding Goodwill": -85555.0,
        "Net Income From Continuing Operation Net Minority Interest": -3004737.0,
        "Reconciled Depreciation": 673379.0,
        "Reconciled Cost Of Revenue": 3933866.0,
        "EBITDA": -2753140.0,
        "EBIT": -3426519.0,
        "Net Interest Income": 461520.0,
        "Interest Expense": -421595.0,
        "Interest Income": 39925.0,
        "Normalized Income": -2919187.32419,
        "Net Income From Continuing And Discontinued Operation": -3004737.0,
        "Total Expenses": 6171328.0,
        "Total Operating Income As Reported": -2765337.0,
        "Diluted Average Shares": NaN,
        "Basic Average Shares": NaN,
        "Diluted EPS": NaN,
        "Basic EPS": NaN,
        "Diluted NI Availto Com Stockholders": -3004737.0,
        "Net Income Common Stockholders": -3004737.0,
        "Net Income": -3004737.0,
        "Minority Interests": NaN,
        "Net Income Including Noncontrolling Interests": -3004737.0,
        "Net Income Continuous Operations": -3004737.0,
        "Tax Provision": -187.0,
        "Pretax Income": -3004924.0,
        "Other Income Expense": -701107.0,
        "Special Income Charges": 1047.0,
        "Gain On Sale Of Ppe": 1047.0,
        "Gain On Sale Of Security": -86602.0,
        "Net Non Operating Interest Income Expense": 461520.0,
        "Interest Expense Non Operating": -421595.0,
        "Interest Income Non Operating": 39925.0,
        "Operating Income": -2765337.0,
        "Operating Expense": 2237462.0,
        "Research And Development": 411595.0,
        "Selling General And Administration": 1825867.0,
        "Selling And Marketing Expense": 741825.0,
        "General And Administrative Expense": 1084042.0,
        "Other Gand A": 1084042.0,
        "Gross Profit": -527875.0,
        "Cost Of Revenue": 3933866.0,
        "Total Revenue": 3405991.0,
        "Operating Revenue": 3405991.0
    },
    "2025-03-31": {
        "Tax Effect Of Unusual Items": -3.706652,
        "Tax Rate For Calcs": 0.000144,
        "Normalized EBITDA": -1539752.0,
        "Total Unusual Items": -25790.0,
        "Total Unusual Items Excluding Goodwill": -25790.0,
        "Net Income From Continuing Operation Net Minority Interest": -2351392.0,
        "Reconciled Depreciation": 576826.0,
        "Reconciled Cost Of Revenue": 4492485.0,
        "EBITDA": -1565542.0,
        "EBIT": -2142368.0,
        "Net Interest Income": -147562.0,
        "Interest Expense": 216313.0,
        "Interest Income": 68751.0,
        "Normalized Income": -2325605.706652,
        "Net Income From Continuing And Discontinued Operation": -2351392.0,
        "Total Expenses": 6802870.0,
        "Total Operating Income As Reported": -2185329.0,
        "Diluted Average Shares": 9602354.0,
        "Basic Average Shares": 9602354.0,
        "Diluted EPS": -0.25,
        "Basic EPS": -0.25,
        "Diluted NI Availto Com Stockholders": -2351392.0,
        "Net Income Common Stockholders": -2351392.0,
        "Net Income": -2351392.0,
        "Minority Interests": 6950.0,
        "Net Income Including Noncontrolling Interests": -2358342.0,
        "Net Income Continuous Operations": -2358342.0,
        "Tax Provision": -339.0,
        "Pretax Income": -2358681.0,
        "Other Income Expense": -25790.0,
        "Special Income Charges": -61306.0,
        "Gain On Sale Of Ppe": -61306.0,
        "Gain On Sale Of Security": 35516.0,
        "Net Non Operating Interest Income Expense": -147562.0,
        "Interest Expense Non Operating": 216313.0,
        "Interest Income Non Operating": 68751.0,
        "Operating Income": -2185329.0,
        "Operating Expense": 2310385.0,
        "Research And Development": 230123.0,
        "Selling General And Administration": 2080262.0,
        "Selling And Marketing Expense": 718016.0,
        "General And Administrative Expense": 1362246.0,
        "Other Gand A": 1362246.0,
        "Gross Profit": 125056.0,
        "Cost Of Revenue": 4492485.0,
        "Total Revenue": 4617541.0,
        "Operating Revenue": 4617541.0
    },
    "2025-06-30": {
        "Tax Effect Of Unusual Items": 5.314181,
        "Tax Rate For Calcs": 0.000167,
        "Normalized EBITDA": -1439685.0,
        "Total Unusual Items": 31902.0,
        "Total Unusual Items Excluding Goodwill": 31902.0,
        "Net Income From Continuing Operation Net Minority Interest": -2151885.0,
        "Reconciled Depreciation": 605579.0,
        "Reconciled Cost Of Revenue": 4472911.0,
        "EBITDA": -1407783.0,
        "EBIT": -2013362.0,
        "Net Interest Income": -83179.0,
        "Interest Expense": 147784.0,
        "Interest Income": 64605.0,
        "Normalized Income": -2183781.685819,
        "Net Income From Continuing And Discontinued Operation": -2151885.0,
        "Total Expenses": 7067358.0,
        "Total Operating Income As Reported": -2109869.0,
        "Diluted Average Shares": 9606902.0,
        "Basic Average Shares": 9606902.0,
        "Diluted EPS": -0.22,
        "Basic EPS": -0.22,
        "Diluted NI Availto Com Stockholders": -2151885.0,
        "Net Income Common Stockholders": -2151885.0,
        "Net Income": -2151885.0,
        "Minority Interests": 8901.0,
        "Net Income Including Noncontrolling Interests": -2160786.0,
        "Net Income Continuous Operations": -2160786.0,
        "Tax Provision": -360.0,
        "Pretax Income": -2161146.0,
        "Other Income Expense": 31902.0,
        "Special Income Charges": -2158.0,
        "Gain On Sale Of Ppe": -2158.0,
        "Gain On Sale Of Security": 34060.0,
        "Net Non Operating Interest Income Expense": -83179.0,
        "Interest Expense Non Operating": 147784.0,
        "Interest Income Non Operating": 64605.0,
        "Operating Income": -2109869.0,
        "Operating Expense": 2594447.0,
        "Research And Development": 242556.0,
        "Selling General And Administration": 2351891.0,
        "Selling And Marketing Expense": 812568.0,
        "General And Administrative Expense": 1539323.0,
        "Other Gand A": 1539323.0,
        "Gross Profit": 484578.0,
        "Cost Of Revenue": 4472911.0,
        "Total Revenue": 4957489.0,
        "Operating Revenue": 4957489.0
    },
    "2025-09-30": {
        "Tax Effect Of Unusual Items": -10.654137,
        "Tax Rate For Calcs": 0.000257,
        "Normalized EBITDA": -700074.0,
        "Total Unusual Items": -41484.0,
        "Total Unusual Items Excluding Goodwill": -41484.0,
        "Net Income From Continuing Operation Net Minority Interest": -1431913.0,
        "Reconciled Depreciation": 568574.0,
        "Reconciled Cost Of Revenue": 3059396.0,
        "EBITDA": -741558.0,
        "EBIT": -1310132.0,
        "Net Interest Income": -85651.0,
        "Interest Expense": 150005.0,
        "Interest Income": 64354.0,
        "Normalized Income": -1390439.654137,
        "Net Income From Continuing And Discontinued Operation": -1431913.0,
        "Total Expenses": 5140276.0,
        "Total Operating Income As Reported": -1333002.0,
        "Diluted Average Shares": 9616591.0,
        "Basic Average Shares": 9616591.0,
        "Diluted EPS": -0.15,
        "Basic EPS": -0.15,
        "Diluted NI Availto Com Stockholders": -1431913.0,
        "Net Income Common Stockholders": -1431913.0,
        "Net Income": -1431913.0,
        "Minority Interests": 27849.0,
        "Net Income Including Noncontrolling Interests": -1459762.0,
        "Net Income Continuous Operations": -1459762.0,
        "Tax Provision": -375.0,
        "Pretax Income": -1460137.0,
        "Other Income Expense": -41484.0,
        "Special Income Charges": -1552.0,
        "Gain On Sale Of Ppe": -1552.0,
        "Gain On Sale Of Security": -39932.0,
        "Net Non Operating Interest Income Expense": -85651.0,
        "Interest Expense Non Operating": 150005.0,
        "Interest Income Non Operating": 64354.0,
        "Operating Income": -1333002.0,
        "Operating Expense": 2080880.0,
        "Research And Development": 269426.0,
        "Selling General And Administration": 1811454.0,
        "Selling And Marketing Expense": 541259.0,
        "General And Administrative Expense": 1270195.0,
        "Other Gand A": 1270195.0,
        "Gross Profit": 747878.0,
        "Cost Of Revenue": 3059396.0,
        "Total Revenue": 3807274.0,
        "Operating Revenue": 3807274.0
    }
}