{
    "2025-03-31": {
        "Tax Effect Of Unusual Items": 0.0,
        "Tax Rate For Calcs": 0.0,
        "Normalized EBITDA": -2774000.0,
        "Total Unusual Items": 0.0,
        "Total Unusual Items Excluding Goodwill": 0.0,
        "Net Income From Continuing Operation Net Minority Interest": -2573000.0,
        "Reconciled Depreciation": 0.0,
        "EBITDA": -2774000.0,
        "EBIT": -2774000.0,
        "Net Interest Income": 202000.0,
        "Interest Income": 202000.0,
        "Normalized Income": -2573000.0,
        "Net Income From Continuing And Discontinued Operation": -2573000.0,
        "Total Expenses": 2774000.0,
        "Total Operating Income As Reported": -2774000.0,
        "Diluted Average Shares": 6663000.0,
        "Basic Average Shares": 6663000.0,
        "Diluted EPS": -0.39,
        "Basic EPS": -0.39,
        "Diluted NI Availto Com Stockholders": -2573000.0,
        "Net Income Common Stockholders": -2573000.0,
        "Net Income": -2573000.0,
        "Net Income Including Noncontrolling Interests": -2573000.0,
        "Net Income Continuous Operations": -2573000.0,
        "Pretax Income": -2573000.0,
        "Other Income Expense": -1000.0,
        "Other Non Operating Income Expenses": -1000.0,
        "Special Income Charges": 0.0,
        "Gain On Sale Of Ppe": 0.0,
        "Gain On Sale Of Security": NaN,
        "Net Non Operating Interest Income Expense": 202000.0,
        "Interest Income Non Operating": 202000.0,
        "Operating Income": -2774000.0,
        "Operating Expense": 2774000.0,
        "Research And Development": 369000.0,
        "Selling General And Administration": 2405000.0,
        "General And Administrative Expense": 2405000.0,
        "Other Gand A": 2405000.0,
        "Total Revenue": 0.0,
        "Operating Revenue": 0.0
    },
    "2024-12-31": {
        "Tax Effect Of Unusual Items": 0.0,
        "Tax Rate For Calcs": 0.0,
        "Normalized EBITDA": -3951000.0,
        "Total Unusual Items": 500000.0,
        "Total Unusual Items Excluding Goodwill": 500000.0,
        "Net Income From Continuing Operation Net Minority Interest": -2677000.0,
        "Reconciled Depreciation": 0.0,
        "EBITDA": -3451000.0,
        "EBIT": -3451000.0,
        "Net Interest Income": 279000.0,
        "Interest Income": 279000.0,
        "Normalized Income": -3177000.0,
        "Net Income From Continuing And Discontinued Operation": -2677000.0,
        "Total Expenses": 3451000.0,
        "Total Operating Income As Reported": -3451000.0,
        "Diluted Average Shares": 6663000.0,
        "Basic Average Shares": 6663000.0,
        "Diluted EPS": -0.4,
        "Basic EPS": -0.4,
        "Diluted NI Availto Com Stockholders": -2677000.0,
        "Net Income Common Stockholders": -2677000.0,
        "Net Income": -2677000.0,
        "Net Income Including Noncontrolling Interests": -2677000.0,
        "Net Income Continuous Operations": -2677000.0,
        "Pretax Income": -2677000.0,
        "Other Income Expense": 495000.0,
        "Other Non Operating Income Expenses": -5000.0,
        "Special Income Charges": 500000.0,
        "Gain On Sale Of Ppe": 500000.0,
        "Gain On Sale Of Security": NaN,
        "Net Non Operating Interest Income Expense": 279000.0,
        "Interest Income Non Operating": 279000.0,
        "Operating Income": -3451000.0,
        "Operating Expense": 3451000.0,
        "Research And Development": 308000.0,
        "Selling General And Administration": 3143000.0,
        "General And Administrative Expense": 3143000.0,
        "Other Gand A": 3143000.0,
        "Total Revenue": 0.0,
        "Operating Revenue": 0.0
    },
    "2024-09-30": {
        "Tax Effect Of Unusual Items": 0.0,
        "Tax Rate For Calcs": 0.0,
        "Normalized EBITDA": -7984000.0,
        "Total Unusual Items": NaN,
        "Total Unusual Items Excluding Goodwill": NaN,
        "Net Income From Continuing Operation Net Minority Interest": -8007000.0,
        "Reconciled Depreciation": 368000.0,
        "EBITDA": -7984000.0,
        "EBIT": -8352000.0,
        "Net Interest Income": 355000.0,
        "Interest Income": 355000.0,
        "Normalized Income": -8007000.0,
        "Net Income From Continuing And Discontinued Operation": -8007000.0,
        "Total Expenses": 8352000.0,
        "Total Operating Income As Reported": -8352000.0,
        "Diluted Average Shares": 6663000.0,
        "Basic Average Shares": 6663000.0,
        "Diluted EPS": -1.2,
        "Basic EPS": -1.2,
        "Diluted NI Availto Com Stockholders": -8007000.0,
        "Net Income Common Stockholders": -8007000.0,
        "Net Income": -8007000.0,
        "Net Income Including Noncontrolling Interests": -8007000.0,
        "Net Income Continuous Operations": -8007000.0,
        "Pretax Income": -8007000.0,
        "Other Income Expense": -10000.0,
        "Other Non Operating Income Expenses": -10000.0,
        "Special Income Charges": NaN,
        "Gain On Sale Of Ppe": NaN,
        "Gain On Sale Of Security": NaN,
        "Net Non Operating Interest Income Expense": 355000.0,
        "Interest Income Non Operating": 355000.0,
        "Operating Income": -8352000.0,
        "Operating Expense": 8352000.0,
        "Research And Development": 3163000.0,
        "Selling General And Administration": 5189000.0,
        "General And Administrative Expense": 5189000.0,
        "Other Gand A": 5189000.0,
        "Total Revenue": 0.0,
        "Operating Revenue": 0.0
    },
    "2024-06-30": {
        "Tax Effect Of Unusual Items": NaN,
        "Tax Rate For Calcs": NaN,
        "Normalized EBITDA": NaN,
        "Total Unusual Items": NaN,
        "Total Unusual Items Excluding Goodwill": NaN,
        "Net Income From Continuing Operation Net Minority Interest": NaN,
        "Reconciled Depreciation": NaN,
        "EBITDA": NaN,
        "EBIT": NaN,
        "Net Interest Income": NaN,
        "Interest Income": NaN,
        "Normalized Income": NaN,
        "Net Income From Continuing And Discontinued Operation": NaN,
        "Total Expenses": NaN,
        "Total Operating Income As Reported": NaN,
        "Diluted Average Shares": NaN,
        "Basic Average Shares": NaN,
        "Diluted EPS": NaN,
        "Basic EPS": NaN,
        "Diluted NI Availto Com Stockholders": NaN,
        "Net Income Common Stockholders": NaN,
        "Net Income": NaN,
        "Net Income Including Noncontrolling Interests": NaN,
        "Net Income Continuous Operations": NaN,
        "Pretax Income": NaN,
        "Other Income Expense": NaN,
        "Other Non Operating Income Expenses": -34000.0,
        "Special Income Charges": NaN,
        "Gain On Sale Of Ppe": NaN,
        "Gain On Sale Of Security": NaN,
        "Net Non Operating Interest Income Expense": NaN,
        "Interest Income Non Operating": NaN,
        "Operating Income": NaN,
        "Operating Expense": NaN,
        "Research And Development": NaN,
        "Selling General And Administration": NaN,
        "General And Administrative Expense": NaN,
        "Other Gand A": NaN,
        "Total Revenue": NaN,
        "Operating Revenue": NaN
    },
    "2024-03-31": {
        "Tax Effect Of Unusual Items": NaN,
        "Tax Rate For Calcs": NaN,
        "Normalized EBITDA": NaN,
        "Total Unusual Items": 0.0,
        "Total Unusual Items Excluding Goodwill": 0.0,
        "Net Income From Continuing Operation Net Minority Interest": NaN,
        "Reconciled Depreciation": NaN,
        "EBITDA": NaN,
        "EBIT": NaN,
        "Net Interest Income": NaN,
        "Interest Income": NaN,
        "Normalized Income": NaN,
        "Net Income From Continuing And Discontinued Operation": NaN,
        "Total Expenses": NaN,
        "Total Operating Income As Reported": NaN,
        "Diluted Average Shares": 6663000.0,
        "Basic Average Shares": 6663000.0,
        "Diluted EPS": -1.37,
        "Basic EPS": -1.37,
        "Diluted NI Availto Com Stockholders": NaN,
        "Net Income Common Stockholders": NaN,
        "Net Income": NaN,
        "Net Income Including Noncontrolling Interests": NaN,
        "Net Income Continuous Operations": NaN,
        "Pretax Income": NaN,
        "Other Income Expense": NaN,
        "Other Non Operating Income Expenses": NaN,
        "Special Income Charges": 0.0,
        "Gain On Sale Of Ppe": 0.0,
        "Gain On Sale Of Security": NaN,
        "Net Non Operating Interest Income Expense": NaN,
        "Interest Income Non Operating": NaN,
        "Operating Income": NaN,
        "Operating Expense": NaN,
        "Research And Development": NaN,
        "Selling General And Administration": NaN,
        "General And Administrative Expense": NaN,
        "Other Gand A": NaN,
        "Total Revenue": NaN,
        "Operating Revenue": NaN
    },
    "2023-12-31": {
        "Tax Effect Of Unusual Items": NaN,
        "Tax Rate For Calcs": NaN,
        "Normalized EBITDA": NaN,
        "Total Unusual Items": 0.0,
        "Total Unusual Items Excluding Goodwill": 0.0,
        "Net Income From Continuing Operation Net Minority Interest": NaN,
        "Reconciled Depreciation": NaN,
        "EBITDA": NaN,
        "EBIT": NaN,
        "Net Interest Income": NaN,
        "Interest Income": NaN,
        "Normalized Income": NaN,
        "Net Income From Continuing And Discontinued Operation": NaN,
        "Total Expenses": NaN,
        "Total Operating Income As Reported": NaN,
        "Diluted Average Shares": 6663000.0,
        "Basic Average Shares": 6663000.0,
        "Diluted EPS": -1.66,
        "Basic EPS": -1.66,
        "Diluted NI Availto Com Stockholders": NaN,
        "Net Income Common Stockholders": NaN,
        "Net Income": NaN,
        "Net Income Including Noncontrolling Interests": NaN,
        "Net Income Continuous Operations": NaN,
        "Pretax Income": NaN,
        "Other Income Expense": NaN,
        "Other Non Operating Income Expenses": NaN,
        "Special Income Charges": 0.0,
        "Gain On Sale Of Ppe": 0.0,
        "Net Non Operating Interest Income Expense": NaN,
        "Interest Income Non Operating": NaN,
        "Operating Income": NaN,
        "Operating Expense": NaN,
        "Research And Development": NaN,
        "Selling General And Administration": NaN,
        "General And Administrative Expense": NaN,
        "Other Gand A": NaN,
        "Total Revenue": NaN,
        "Operating Revenue": NaN
    },
    "2025-06-30": {
        "Tax Effect Of Unusual Items": 0.0,
        "Tax Rate For Calcs": 0.0,
        "Normalized EBITDA": -2878000.0,
        "Total Unusual Items": 0.0,
        "Total Unusual Items Excluding Goodwill": 0.0,
        "Net Income From Continuing Operation Net Minority Interest": -2688000.0,
        "Reconciled Depreciation": 0.0,
        "EBITDA": -2878000.0,
        "EBIT": -2878000.0,
        "Net Interest Income": 190000.0,
        "Interest Income": 190000.0,
        "Normalized Income": -2688000.0,
        "Net Income From Continuing And Discontinued Operation": -2688000.0,
        "Total Expenses": 2878000.0,
        "Total Operating Income As Reported": -2878000.0,
        "Diluted Average Shares": NaN,
        "Basic Average Shares": NaN,
        "Diluted EPS": NaN,
        "Basic EPS": NaN,
        "Diluted NI Availto Com Stockholders": -2688000.0,
        "Net Income Common Stockholders": -2688000.0,
        "Net Income": -2688000.0,
        "Net Income Including Noncontrolling Interests": -2688000.0,
        "Net Income Continuous Operations": -2688000.0,
        "Pretax Income": -2688000.0,
        "Other Income Expense": 0.0,
        "Other Non Operating Income Expenses": 0.0,
        "Special Income Charges": 0.0,
        "Gain On Sale Of Ppe": 0.0,
        "Gain On Sale Of Security": NaN,
        "Net Non Operating Interest Income Expense": 190000.0,
        "Interest Income Non Operating": 190000.0,
        "Operating Income": -2878000.0,
        "Operating Expense": 2878000.0,
        "Research And Development": 83000.0,
        "Selling General And Administration": 2795000.0,
        "General And Administrative Expense": 2795000.0,
        "Other Gand A": 2795000.0,
        "Total Revenue": 0.0,
        "Operating Revenue": 0.0
    },
    "2025-09-30": {
        "Tax Effect Of Unusual Items": 0.0,
        "Tax Rate For Calcs": 0.0,
        "Normalized EBITDA": -2477000.0,
        "Total Unusual Items": -631000.0,
        "Total Unusual Items Excluding Goodwill": -631000.0,
        "Net Income From Continuing Operation Net Minority Interest": -3639000.0,
        "Reconciled Depreciation": 0.0,
        "EBITDA": -3108000.0,
        "EBIT": -3108000.0,
        "Net Interest Income": 100000.0,
        "Interest Income": 100000.0,
        "Normalized Income": -3008000.0,
        "Net Income From Continuing And Discontinued Operation": -3639000.0,
        "Total Expenses": 3108000.0,
        "Total Operating Income As Reported": -3739000.0,
        "Diluted Average Shares": 29475000.0,
        "Basic Average Shares": 29475000.0,
        "Diluted EPS": -0.12,
        "Basic EPS": -0.12,
        "Diluted NI Availto Com Stockholders": -3639000.0,
        "Net Income Common Stockholders": -3639000.0,
        "Net Income": -3639000.0,
        "Net Income Including Noncontrolling Interests": -3639000.0,
        "Net Income Continuous Operations": -3639000.0,
        "Pretax Income": -3639000.0,
        "Other Income Expense": -631000.0,
        "Other Non Operating Income Expenses": NaN,
        "Special Income Charges": NaN,
        "Gain On Sale Of Ppe": NaN,
        "Gain On Sale Of Security": -631000.0,
        "Net Non Operating Interest Income Expense": 100000.0,
        "Interest Income Non Operating": 100000.0,
        "Operating Income": -3108000.0,
        "Operating Expense": 3108000.0,
        "Research And Development": 10000.0,
        "Selling General And Administration": 3098000.0,
        "General And Administrative Expense": 3098000.0,
        "Other Gand A": 3098000.0,
        "Total Revenue": 0.0,
        "Operating Revenue": 0.0
    }
}