{
    "2023-06-30": {
        "Tax Effect Of Unusual Items": NaN,
        "Tax Rate For Calcs": NaN,
        "Normalized EBITDA": NaN,
        "Total Unusual Items": NaN,
        "Total Unusual Items Excluding Goodwill": NaN,
        "Net Income From Continuing Operation Net Minority Interest": NaN,
        "Reconciled Depreciation": NaN,
        "Reconciled Cost Of Revenue": NaN,
        "EBITDA": NaN,
        "EBIT": NaN,
        "Net Interest Income": NaN,
        "Interest Expense": NaN,
        "Interest Income": NaN,
        "Normalized Income": NaN,
        "Net Income From Continuing And Discontinued Operation": NaN,
        "Total Expenses": NaN,
        "Total Operating Income As Reported": NaN,
        "Diluted Average Shares": NaN,
        "Basic Average Shares": NaN,
        "Diluted EPS": NaN,
        "Basic EPS": NaN,
        "Diluted NI Availto Com Stockholders": NaN,
        "Net Income Common Stockholders": NaN,
        "Net Income": NaN,
        "Minority Interests": NaN,
        "Net Income Including Noncontrolling Interests": NaN,
        "Net Income Discontinuous Operations": 0.0,
        "Net Income Continuous Operations": NaN,
        "Earnings From Equity Interest Net Of Tax": NaN,
        "Tax Provision": NaN,
        "Pretax Income": NaN,
        "Other Income Expense": NaN,
        "Special Income Charges": NaN,
        "Gain On Sale Of Business": 0.0,
        "Restructuring And Mergern Acquisition": NaN,
        "Gain On Sale Of Security": 23000000.0,
        "Net Non Operating Interest Income Expense": NaN,
        "Interest Expense Non Operating": NaN,
        "Interest Income Non Operating": NaN,
        "Operating Income": NaN,
        "Operating Expense": NaN,
        "Depreciation Amortization Depletion Income Statement": NaN,
        "Depreciation And Amortization In Income Statement": NaN,
        "Amortization": NaN,
        "Amortization Of Intangibles Income Statement": NaN,
        "Depreciation Income Statement": NaN,
        "Selling General And Administration": NaN,
        "Gross Profit": NaN,
        "Cost Of Revenue": NaN,
        "Total Revenue": NaN,
        "Operating Revenue": NaN
    },
    "2023-03-31": {
        "Tax Effect Of Unusual Items": NaN,
        "Tax Rate For Calcs": NaN,
        "Normalized EBITDA": NaN,
        "Total Unusual Items": NaN,
        "Total Unusual Items Excluding Goodwill": NaN,
        "Net Income From Continuing Operation Net Minority Interest": NaN,
        "Reconciled Depreciation": NaN,
        "Reconciled Cost Of Revenue": NaN,
        "EBITDA": NaN,
        "EBIT": NaN,
        "Net Interest Income": NaN,
        "Interest Expense": NaN,
        "Interest Income": NaN,
        "Normalized Income": NaN,
        "Net Income From Continuing And Discontinued Operation": NaN,
        "Total Expenses": NaN,
        "Total Operating Income As Reported": NaN,
        "Diluted Average Shares": NaN,
        "Basic Average Shares": NaN,
        "Diluted EPS": NaN,
        "Basic EPS": NaN,
        "Diluted NI Availto Com Stockholders": NaN,
        "Net Income Common Stockholders": NaN,
        "Net Income": NaN,
        "Minority Interests": NaN,
        "Net Income Including Noncontrolling Interests": NaN,
        "Net Income Discontinuous Operations": 0.0,
        "Net Income Continuous Operations": NaN,
        "Earnings From Equity Interest Net Of Tax": NaN,
        "Tax Provision": NaN,
        "Pretax Income": NaN,
        "Other Income Expense": NaN,
        "Special Income Charges": NaN,
        "Gain On Sale Of Business": NaN,
        "Restructuring And Mergern Acquisition": NaN,
        "Gain On Sale Of Security": 23000000.0,
        "Net Non Operating Interest Income Expense": NaN,
        "Interest Expense Non Operating": NaN,
        "Interest Income Non Operating": NaN,
        "Operating Income": NaN,
        "Operating Expense": NaN,
        "Depreciation Amortization Depletion Income Statement": NaN,
        "Depreciation And Amortization In Income Statement": NaN,
        "Amortization": NaN,
        "Amortization Of Intangibles Income Statement": NaN,
        "Depreciation Income Statement": NaN,
        "Selling General And Administration": NaN,
        "Gross Profit": NaN,
        "Cost Of Revenue": NaN,
        "Total Revenue": NaN,
        "Operating Revenue": NaN
    },
    "2022-12-31": {
        "Tax Effect Of Unusual Items": NaN,
        "Tax Rate For Calcs": NaN,
        "Normalized EBITDA": NaN,
        "Total Unusual Items": NaN,
        "Total Unusual Items Excluding Goodwill": NaN,
        "Net Income From Continuing Operation Net Minority Interest": NaN,
        "Reconciled Depreciation": NaN,
        "Reconciled Cost Of Revenue": NaN,
        "EBITDA": NaN,
        "EBIT": NaN,
        "Net Interest Income": NaN,
        "Interest Expense": NaN,
        "Interest Income": NaN,
        "Normalized Income": NaN,
        "Net Income From Continuing And Discontinued Operation": NaN,
        "Total Expenses": NaN,
        "Total Operating Income As Reported": NaN,
        "Diluted Average Shares": NaN,
        "Basic Average Shares": NaN,
        "Diluted EPS": NaN,
        "Basic EPS": NaN,
        "Diluted NI Availto Com Stockholders": NaN,
        "Net Income Common Stockholders": NaN,
        "Net Income": NaN,
        "Minority Interests": -1000000.0,
        "Net Income Including Noncontrolling Interests": NaN,
        "Net Income Discontinuous Operations": 1000000.0,
        "Net Income Continuous Operations": NaN,
        "Earnings From Equity Interest Net Of Tax": NaN,
        "Tax Provision": NaN,
        "Pretax Income": NaN,
        "Other Income Expense": NaN,
        "Special Income Charges": NaN,
        "Gain On Sale Of Business": 0.0,
        "Restructuring And Mergern Acquisition": NaN,
        "Gain On Sale Of Security": NaN,
        "Net Non Operating Interest Income Expense": NaN,
        "Interest Expense Non Operating": NaN,
        "Interest Income Non Operating": NaN,
        "Operating Income": NaN,
        "Operating Expense": NaN,
        "Depreciation Amortization Depletion Income Statement": NaN,
        "Depreciation And Amortization In Income Statement": NaN,
        "Amortization": NaN,
        "Amortization Of Intangibles Income Statement": NaN,
        "Depreciation Income Statement": NaN,
        "Selling General And Administration": NaN,
        "Gross Profit": NaN,
        "Cost Of Revenue": NaN,
        "Total Revenue": NaN,
        "Operating Revenue": NaN
    },
    "2022-09-30": {
        "Tax Effect Of Unusual Items": NaN,
        "Tax Rate For Calcs": NaN,
        "Normalized EBITDA": NaN,
        "Total Unusual Items": NaN,
        "Total Unusual Items Excluding Goodwill": NaN,
        "Net Income From Continuing Operation Net Minority Interest": NaN,
        "Reconciled Depreciation": NaN,
        "Reconciled Cost Of Revenue": NaN,
        "EBITDA": NaN,
        "EBIT": NaN,
        "Net Interest Income": NaN,
        "Interest Expense": NaN,
        "Interest Income": NaN,
        "Normalized Income": NaN,
        "Net Income From Continuing And Discontinued Operation": NaN,
        "Total Expenses": NaN,
        "Total Operating Income As Reported": NaN,
        "Diluted Average Shares": NaN,
        "Basic Average Shares": NaN,
        "Diluted EPS": NaN,
        "Basic EPS": NaN,
        "Diluted NI Availto Com Stockholders": NaN,
        "Net Income Common Stockholders": NaN,
        "Net Income": NaN,
        "Minority Interests": 0.0,
        "Net Income Including Noncontrolling Interests": NaN,
        "Net Income Discontinuous Operations": NaN,
        "Net Income Continuous Operations": NaN,
        "Earnings From Equity Interest Net Of Tax": NaN,
        "Tax Provision": NaN,
        "Pretax Income": NaN,
        "Other Income Expense": NaN,
        "Other Non Operating Income Expenses": 6000000.0,
        "Special Income Charges": NaN,
        "Gain On Sale Of Business": 4000000.0,
        "Restructuring And Mergern Acquisition": NaN,
        "Gain On Sale Of Security": NaN,
        "Net Non Operating Interest Income Expense": NaN,
        "Interest Expense Non Operating": NaN,
        "Interest Income Non Operating": NaN,
        "Operating Income": NaN,
        "Operating Expense": NaN,
        "Depreciation Amortization Depletion Income Statement": NaN,
        "Depreciation And Amortization In Income Statement": NaN,
        "Amortization": NaN,
        "Amortization Of Intangibles Income Statement": NaN,
        "Depreciation Income Statement": NaN,
        "Selling General And Administration": NaN,
        "Gross Profit": NaN,
        "Cost Of Revenue": NaN,
        "Total Revenue": NaN,
        "Operating Revenue": NaN
    },
    "2022-06-30": {
        "Tax Effect Of Unusual Items": 35316758.747698,
        "Tax Rate For Calcs": 0.233886,
        "Normalized EBITDA": 474000000.0,
        "Total Unusual Items": 151000000.0,
        "Total Unusual Items Excluding Goodwill": 151000000.0,
        "Net Income From Continuing Operation Net Minority Interest": 420000000.0,
        "Reconciled Depreciation": 68000000.0,
        "Reconciled Cost Of Revenue": 1967000000.0,
        "EBITDA": 625000000.0,
        "EBIT": 557000000.0,
        "Net Interest Income": -14000000.0,
        "Interest Expense": 14000000.0,
        "Interest Income": NaN,
        "Normalized Income": 304316758.747698,
        "Net Income From Continuing And Discontinued Operation": 420000000.0,
        "Total Expenses": 2933000000.0,
        "Total Operating Income As Reported": 559000000.0,
        "Diluted Average Shares": 282300000.0,
        "Basic Average Shares": 281400000.0,
        "Diluted EPS": 1.49,
        "Basic EPS": 1.49,
        "Diluted NI Availto Com Stockholders": 420000000.0,
        "Net Income Common Stockholders": 420000000.0,
        "Net Income": 420000000.0,
        "Minority Interests": 0.0,
        "Net Income Including Noncontrolling Interests": 420000000.0,
        "Net Income Discontinuous Operations": 0.0,
        "Net Income Continuous Operations": 420000000.0,
        "Earnings From Equity Interest Net Of Tax": 4000000.0,
        "Tax Provision": 127000000.0,
        "Pretax Income": 543000000.0,
        "Other Income Expense": 149000000.0,
        "Other Non Operating Income Expenses": -2000000.0,
        "Special Income Charges": 151000000.0,
        "Gain On Sale Of Business": 155000000.0,
        "Restructuring And Mergern Acquisition": 4000000.0,
        "Gain On Sale Of Security": NaN,
        "Net Non Operating Interest Income Expense": -14000000.0,
        "Interest Expense Non Operating": 14000000.0,
        "Interest Income Non Operating": NaN,
        "Operating Income": 408000000.0,
        "Operating Expense": 959000000.0,
        "Depreciation Amortization Depletion Income Statement": 61000000.0,
        "Depreciation And Amortization In Income Statement": 61000000.0,
        "Amortization": 27000000.0,
        "Amortization Of Intangibles Income Statement": 27000000.0,
        "Depreciation Income Statement": 34000000.0,
        "Selling General And Administration": 898000000.0,
        "General And Administrative Expense": 898000000.0,
        "Other Gand A": 898000000.0,
        "Gross Profit": 1367000000.0,
        "Cost Of Revenue": 1974000000.0,
        "Total Revenue": 3341000000.0,
        "Operating Revenue": 3092000000.0
    },
    "2022-03-31": {
        "Diluted EPS": 0.95,
        "Total Revenue": NaN,
        "Gross Profit": NaN,
        "Operating Income": 371,
        "EBIT": 436,
        "Net Income": 273
    },
    "2021-12-31": {
        "Diluted EPS": 0.81,
        "Total Revenue": NaN,
        "Gross Profit": NaN,
        "Operating Income": 280,
        "EBIT": 352,
        "Net Income": 236
    },
    "2021-09-30": {
        "Diluted EPS": 0.96,
        "Total Revenue": NaN,
        "Gross Profit": NaN,
        "Operating Income": 378,
        "EBIT": 448,
        "Net Income": 284
    },
    "2021-06-30": {
        "Diluted EPS": 1.01,
        "Total Revenue": NaN,
        "Gross Profit": NaN,
        "Operating Income": 445,
        "EBIT": 515,
        "Net Income": 305
    },
    "2021-03-31": {
        "Diluted EPS": 0.88,
        "Total Revenue": NaN,
        "Gross Profit": NaN,
        "Operating Income": 371,
        "EBIT": 443,
        "Net Income": 266
    },
    "2020-12-31": {
        "Diluted EPS": 0.59,
        "Total Revenue": NaN,
        "Gross Profit": NaN,
        "Operating Income": 268,
        "EBIT": 346,
        "Net Income": 181
    },
    "2020-09-30": {
        "Diluted EPS": 0.64,
        "Total Revenue": NaN,
        "Gross Profit": NaN,
        "Operating Income": 296,
        "EBIT": 372,
        "Net Income": 193
    },
    "2020-06-30": {
        "Diluted EPS": 0.39,
        "Total Revenue": NaN,
        "Gross Profit": NaN,
        "Operating Income": 180,
        "EBIT": 253,
        "Net Income": 119
    },
    "2020-03-31": {
        "Diluted EPS": 0.47,
        "Total Revenue": NaN,
        "Gross Profit": NaN,
        "Operating Income": 242,
        "EBIT": 313,
        "Net Income": 145
    },
    "2019-12-31": {
        "Diluted EPS": 0.45,
        "Total Revenue": NaN,
        "Gross Profit": NaN,
        "Operating Income": 207,
        "EBIT": 291,
        "Net Income": 140
    },
    "2019-09-30": {
        "Diluted EPS": 0.5,
        "Total Revenue": NaN,
        "Gross Profit": NaN,
        "Operating Income": 231,
        "EBIT": 309,
        "Net Income": 152
    },
    "2019-06-30": {
        "Diluted EPS": 0.48,
        "Total Revenue": NaN,
        "Gross Profit": NaN,
        "Operating Income": 236,
        "EBIT": 312,
        "Net Income": 151
    },
    "2019-03-31": {
        "Diluted EPS": 0.31,
        "Total Revenue": NaN,
        "Gross Profit": NaN,
        "Operating Income": 222,
        "EBIT": 299,
        "Net Income": 98
    },
    "2018-12-31": {
        "Diluted EPS": 0.11,
        "Total Revenue": NaN,
        "Gross Profit": NaN,
        "Operating Income": 164,
        "EBIT": 247,
        "Net Income": 36
    },
    "2018-09-30": {
        "Diluted EPS": 0.42,
        "Total Revenue": NaN,
        "Gross Profit": NaN,
        "Operating Income": 235,
        "EBIT": 316,
        "Net Income": 134
    },
    "2018-06-30": {
        "Diluted EPS": 0.5,
        "Total Revenue": NaN,
        "Gross Profit": NaN,
        "Operating Income": 257,
        "EBIT": 325,
        "Net Income": 157
    },
    "2018-03-31": {
        "Diluted EPS": 0.49,
        "Total Revenue": NaN,
        "Gross Profit": NaN,
        "Operating Income": 227,
        "EBIT": 288,
        "Net Income": 153
    },
    "2017-12-31": {
        "Diluted EPS": 0.4,
        "Total Revenue": NaN,
        "Gross Profit": 948,
        "Operating Income": 166,
        "EBIT": 229,
        "Net Income": 124
    },
    "2017-09-30": {
        "Diluted EPS": 0.39,
        "Total Revenue": NaN,
        "Gross Profit": 957,
        "Operating Income": 199,
        "EBIT": 259,
        "Net Income": 122
    },
    "2017-06-30": {
        "Diluted EPS": 0.49,
        "Total Revenue": NaN,
        "Gross Profit": 965,
        "Operating Income": 245,
        "EBIT": 301,
        "Net Income": 151
    },
    "2017-03-31": {
        "Diluted EPS": 0.44,
        "Total Revenue": NaN,
        "Gross Profit": 930,
        "Operating Income": 236,
        "EBIT": 286,
        "Net Income": 136
    },
    "2016-12-31": {
        "Diluted EPS": 0.28,
        "Total Revenue": NaN,
        "Gross Profit": 830,
        "Operating Income": 162,
        "EBIT": 218,
        "Net Income": 86
    },
    "2016-09-30": {
        "Diluted EPS": 0.4,
        "Total Revenue": NaN,
        "Gross Profit": 855,
        "Operating Income": 183,
        "EBIT": 243,
        "Net Income": 123
    },
    "2016-06-30": {
        "Diluted EPS": 0.46,
        "Total Revenue": NaN,
        "Gross Profit": 906,
        "Operating Income": 232,
        "EBIT": 290,
        "Net Income": 143
    },
    "2016-03-31": {
        "Diluted EPS": 0.36,
        "Total Revenue": NaN,
        "Gross Profit": 760,
        "Operating Income": 186,
        "EBIT": 219,
        "Net Income": 112
    },
    "2015-12-31": {
        "Diluted EPS": 0.31,
        "Total Revenue": NaN,
        "Gross Profit": 697,
        "Operating Income": 152,
        "EBIT": 185,
        "Net Income": 95
    },
    "2015-09-30": {
        "Diluted EPS": 0.33,
        "Total Revenue": NaN,
        "Gross Profit": 713,
        "Operating Income": 167,
        "EBIT": 200,
        "Net Income": 101
    },
    "2015-06-30": {
        "Diluted EPS": 0.39,
        "Total Revenue": NaN,
        "Gross Profit": 724,
        "Operating Income": 200,
        "EBIT": 231,
        "Net Income": 120
    },
    "2015-03-31": {
        "Diluted EPS": 0.35,
        "Total Revenue": NaN,
        "Gross Profit": 699,
        "Operating Income": 186,
        "EBIT": 217,
        "Net Income": 107
    },
    "2014-12-31": {
        "Diluted EPS": 0.27,
        "Total Revenue": NaN,
        "Gross Profit": 665,
        "Operating Income": 146,
        "EBIT": 181,
        "Net Income": 80
    },
    "2014-09-30": {
        "Diluted EPS": 0.3,
        "Total Revenue": NaN,
        "Gross Profit": 664,
        "Operating Income": 156,
        "EBIT": 188,
        "Net Income": 92
    },
    "2014-06-30": {
        "Diluted EPS": 0.34,
        "Total Revenue": NaN,
        "Gross Profit": 671,
        "Operating Income": 174,
        "EBIT": 205,
        "Net Income": 105
    },
    "2014-03-31": {
        "Diluted EPS": 0.34,
        "Total Revenue": NaN,
        "Gross Profit": 652,
        "Operating Income": 174,
        "EBIT": 202,
        "Net Income": 105
    },
    "2013-12-31": {
        "Diluted EPS": 0.25,
        "Total Revenue": NaN,
        "Gross Profit": 546,
        "Operating Income": 134,
        "EBIT": 158,
        "Net Income": 78
    },
    "2013-09-30": {
        "Diluted EPS": 0.24,
        "Total Revenue": NaN,
        "Gross Profit": 518,
        "Operating Income": 123,
        "EBIT": 146,
        "Net Income": 73
    },
    "2013-06-30": {
        "Diluted EPS": 0.25,
        "Total Revenue": NaN,
        "Gross Profit": 510,
        "Operating Income": 131,
        "EBIT": 152,
        "Net Income": 76
    },
    "2013-03-31": {
        "Diluted EPS": 0.28,
        "Total Revenue": NaN,
        "Gross Profit": 502,
        "Operating Income": 142,
        "EBIT": 161,
        "Net Income": 85
    },
    "2012-12-31": {
        "Diluted EPS": 0.21,
        "Total Revenue": NaN,
        "Gross Profit": 445,
        "Operating Income": 104,
        "EBIT": 123,
        "Net Income": 62
    },
    "2012-09-30": {
        "Diluted EPS": 0.18,
        "Total Revenue": NaN,
        "Gross Profit": 410,
        "Operating Income": 91,
        "EBIT": 110,
        "Net Income": 54
    },
    "2012-06-30": {
        "Diluted EPS": 0.21,
        "Total Revenue": NaN,
        "Gross Profit": 422,
        "Operating Income": 109,
        "EBIT": 126,
        "Net Income": 64
    },
    "2012-03-31": {
        "Diluted EPS": 0.27,
        "Total Revenue": NaN,
        "Gross Profit": 447,
        "Operating Income": 134,
        "EBIT": 150,
        "Net Income": 81
    },
    "2011-12-31": {
        "Diluted EPS": 0.19,
        "Total Revenue": 940,
        "Gross Profit": 392,
        "Operating Income": 90,
        "EBIT": 106,
        "Net Income": 56
    },
    "2011-09-30": {
        "Diluted EPS": 0.17,
        "Total Revenue": 784,
        "Gross Profit": 334,
        "Operating Income": 85,
        "EBIT": 99,
        "Net Income": 49
    },
    "2011-06-30": {
        "Diluted EPS": 0.16,
        "Total Revenue": 760,
        "Gross Profit": 322,
        "Operating Income": 78,
        "EBIT": 91,
        "Net Income": 47
    },
    "2011-03-31": {
        "Diluted EPS": 0.2,
        "Total Revenue": 787,
        "Gross Profit": 344,
        "Operating Income": 107,
        "EBIT": 119,
        "Net Income": 58
    },
    "2010-12-31": {
        "Diluted EPS": 0.14,
        "Total Revenue": 674,
        "Gross Profit": 288,
        "Operating Income": 73,
        "EBIT": 84,
        "Net Income": 41
    },
    "2010-09-30": {
        "Diluted EPS": 0.13,
        "Total Revenue": 608,
        "Gross Profit": 261,
        "Operating Income": 65,
        "EBIT": 76,
        "Net Income": 36
    },
    "2010-06-30": {
        "Diluted EPS": 0.13,
        "Total Revenue": 585,
        "Gross Profit": 261,
        "Operating Income": 70,
        "EBIT": 80,
        "Net Income": 38
    },
    "2010-03-31": {
        "Diluted EPS": 0.19,
        "Total Revenue": 604,
        "Gross Profit": 283,
        "Operating Income": 90,
        "EBIT": 100,
        "Net Income": 54
    },
    "2009-12-31": {
        "Diluted EPS": 0.13,
        "Total Revenue": 556,
        "Gross Profit": 253,
        "Operating Income": 60,
        "EBIT": 72,
        "Net Income": 37
    },
    "2009-09-30": {
        "Diluted EPS": 0.1,
        "Total Revenue": 495,
        "Gross Profit": 225,
        "Operating Income": 56,
        "EBIT": 65,
        "Net Income": 29
    },
    "2009-06-30": {
        "Diluted EPS": 0.1,
        "Total Revenue": 486,
        "Gross Profit": 220,
        "Operating Income": 55,
        "EBIT": 64,
        "Net Income": 29
    },
    "2009-03-31": {
        "Diluted EPS": 0.12,
        "Total Revenue": 511,
        "Gross Profit": 230,
        "Operating Income": 61,
        "EBIT": 70,
        "Net Income": 32
    },
    "2023-09-30": {
        "Tax Effect Of Unusual Items": NaN,
        "Tax Rate For Calcs": NaN,
        "Normalized EBITDA": NaN,
        "Total Unusual Items": NaN,
        "Total Unusual Items Excluding Goodwill": NaN,
        "Net Income From Continuing Operation Net Minority Interest": NaN,
        "Reconciled Depreciation": NaN,
        "Reconciled Cost Of Revenue": NaN,
        "EBITDA": NaN,
        "EBIT": NaN,
        "Net Interest Income": NaN,
        "Interest Expense": NaN,
        "Interest Income": NaN,
        "Normalized Income": NaN,
        "Net Income From Continuing And Discontinued Operation": NaN,
        "Total Expenses": NaN,
        "Total Operating Income As Reported": NaN,
        "Diluted Average Shares": NaN,
        "Basic Average Shares": NaN,
        "Diluted EPS": NaN,
        "Basic EPS": NaN,
        "Diluted NI Availto Com Stockholders": NaN,
        "Net Income Common Stockholders": NaN,
        "Net Income": NaN,
        "Minority Interests": 0.0,
        "Net Income Including Noncontrolling Interests": NaN,
        "Net Income Discontinuous Operations": 1000000.0,
        "Net Income Continuous Operations": NaN,
        "Earnings From Equity Interest Net Of Tax": NaN,
        "Tax Provision": NaN,
        "Pretax Income": NaN,
        "Other Income Expense": NaN,
        "Special Income Charges": NaN,
        "Gain On Sale Of Business": 0.0,
        "Restructuring And Mergern Acquisition": NaN,
        "Gain On Sale Of Security": 3000000.0,
        "Net Non Operating Interest Income Expense": NaN,
        "Interest Expense Non Operating": NaN,
        "Interest Income Non Operating": NaN,
        "Operating Income": NaN,
        "Operating Expense": NaN,
        "Depreciation Amortization Depletion Income Statement": NaN,
        "Depreciation And Amortization In Income Statement": NaN,
        "Amortization": 36000000.0,
        "Amortization Of Intangibles Income Statement": 36000000.0,
        "Depreciation Income Statement": 40000000.0,
        "Selling General And Administration": NaN,
        "Gross Profit": NaN,
        "Cost Of Revenue": NaN,
        "Total Revenue": NaN,
        "Operating Revenue": NaN
    },
    "2023-12-31": {
        "Tax Effect Of Unusual Items": NaN,
        "Tax Rate For Calcs": NaN,
        "Normalized EBITDA": NaN,
        "Total Unusual Items": NaN,
        "Total Unusual Items Excluding Goodwill": NaN,
        "Net Income From Continuing Operation Net Minority Interest": NaN,
        "Reconciled Depreciation": NaN,
        "Reconciled Cost Of Revenue": NaN,
        "EBITDA": NaN,
        "EBIT": NaN,
        "Net Interest Income": NaN,
        "Interest Expense": NaN,
        "Interest Income": NaN,
        "Normalized Income": NaN,
        "Net Income From Continuing And Discontinued Operation": NaN,
        "Total Expenses": NaN,
        "Total Operating Income As Reported": NaN,
        "Diluted Average Shares": NaN,
        "Basic Average Shares": NaN,
        "Diluted EPS": NaN,
        "Basic EPS": NaN,
        "Diluted NI Availto Com Stockholders": NaN,
        "Net Income Common Stockholders": NaN,
        "Net Income": NaN,
        "Minority Interests": -1000000.0,
        "Net Income Including Noncontrolling Interests": NaN,
        "Net Income Discontinuous Operations": -7000000.0,
        "Net Income Continuous Operations": NaN,
        "Earnings From Equity Interest Net Of Tax": NaN,
        "Tax Provision": NaN,
        "Pretax Income": NaN,
        "Other Income Expense": NaN,
        "Special Income Charges": NaN,
        "Gain On Sale Of Business": 0.0,
        "Restructuring And Mergern Acquisition": NaN,
        "Gain On Sale Of Security": 0.0,
        "Net Non Operating Interest Income Expense": NaN,
        "Interest Expense Non Operating": NaN,
        "Interest Income Non Operating": NaN,
        "Operating Income": NaN,
        "Operating Expense": NaN,
        "Depreciation Amortization Depletion Income Statement": NaN,
        "Depreciation And Amortization In Income Statement": NaN,
        "Amortization": 45000000.0,
        "Amortization Of Intangibles Income Statement": 45000000.0,
        "Depreciation Income Statement": 43000000.0,
        "Selling General And Administration": NaN,
        "Gross Profit": NaN,
        "Cost Of Revenue": NaN,
        "Total Revenue": NaN,
        "Operating Revenue": NaN
    },
    "2024-03-31": {
        "Tax Effect Of Unusual Items": NaN,
        "Tax Rate For Calcs": NaN,
        "Normalized EBITDA": NaN,
        "Total Unusual Items": NaN,
        "Total Unusual Items Excluding Goodwill": NaN,
        "Net Income From Continuing Operation Net Minority Interest": NaN,
        "Reconciled Depreciation": NaN,
        "Reconciled Cost Of Revenue": NaN,
        "EBITDA": NaN,
        "EBIT": NaN,
        "Net Interest Income": NaN,
        "Interest Expense": NaN,
        "Interest Income": NaN,
        "Normalized Income": NaN,
        "Net Income From Continuing And Discontinued Operation": NaN,
        "Total Expenses": NaN,
        "Total Operating Income As Reported": NaN,
        "Diluted Average Shares": NaN,
        "Basic Average Shares": NaN,
        "Diluted EPS": NaN,
        "Basic EPS": NaN,
        "Diluted NI Availto Com Stockholders": NaN,
        "Net Income Common Stockholders": NaN,
        "Net Income": NaN,
        "Minority Interests": NaN,
        "Net Income Including Noncontrolling Interests": NaN,
        "Net Income Discontinuous Operations": NaN,
        "Net Income Continuous Operations": NaN,
        "Earnings From Equity Interest Net Of Tax": NaN,
        "Tax Provision": NaN,
        "Pretax Income": NaN,
        "Other Income Expense": NaN,
        "Special Income Charges": NaN,
        "Gain On Sale Of Business": NaN,
        "Restructuring And Mergern Acquisition": NaN,
        "Gain On Sale Of Security": NaN,
        "Net Non Operating Interest Income Expense": NaN,
        "Interest Expense Non Operating": NaN,
        "Interest Income Non Operating": NaN,
        "Operating Income": NaN,
        "Operating Expense": NaN,
        "Depreciation Amortization Depletion Income Statement": NaN,
        "Depreciation And Amortization In Income Statement": NaN,
        "Amortization": 45000000.0,
        "Amortization Of Intangibles Income Statement": 45000000.0,
        "Depreciation Income Statement": 44000000.0,
        "Selling General And Administration": NaN,
        "Gross Profit": NaN,
        "Cost Of Revenue": NaN,
        "Total Revenue": NaN,
        "Operating Revenue": NaN
    },
    "2024-06-30": {
        "Tax Effect Of Unusual Items": -15141000.0,
        "Tax Rate For Calcs": 0.309,
        "Normalized EBITDA": 481000000.0,
        "Total Unusual Items": -49000000.0,
        "Total Unusual Items Excluding Goodwill": -49000000.0,
        "Net Income From Continuing Operation Net Minority Interest": 185000000.0,
        "Reconciled Depreciation": 100000000.0,
        "Reconciled Cost Of Revenue": 2257000000.0,
        "EBITDA": 432000000.0,
        "EBIT": 332000000.0,
        "Net Interest Income": -63000000.0,
        "Interest Expense": 66000000.0,
        "Interest Income": 3000000.0,
        "Normalized Income": 218859000.0,
        "Net Income From Continuing And Discontinued Operation": 185000000.0,
        "Total Expenses": 3333000000.0,
        "Total Operating Income As Reported": 329000000.0,
        "Diluted Average Shares": 265600000.0,
        "Basic Average Shares": 265300000.0,
        "Diluted EPS": 0.7,
        "Basic EPS": 0.7,
        "Diluted NI Availto Com Stockholders": 185000000.0,
        "Net Income Common Stockholders": 185000000.0,
        "Net Income": 185000000.0,
        "Minority Interests": -1000000.0,
        "Net Income Including Noncontrolling Interests": 186000000.0,
        "Net Income Discontinuous Operations": NaN,
        "Net Income Continuous Operations": 186000000.0,
        "Earnings From Equity Interest Net Of Tax": 2000000.0,
        "Tax Provision": 82000000.0,
        "Pretax Income": 266000000.0,
        "Other Income Expense": -49000000.0,
        "Special Income Charges": -49000000.0,
        "Gain On Sale Of Business": NaN,
        "Restructuring And Mergern Acquisition": 49000000.0,
        "Gain On Sale Of Security": NaN,
        "Net Non Operating Interest Income Expense": -63000000.0,
        "Interest Expense Non Operating": 66000000.0,
        "Interest Income Non Operating": 3000000.0,
        "Operating Income": 378000000.0,
        "Operating Expense": 1063000000.0,
        "Depreciation Amortization Depletion Income Statement": 87000000.0,
        "Depreciation And Amortization In Income Statement": 87000000.0,
        "Amortization": 44000000.0,
        "Amortization Of Intangibles Income Statement": 44000000.0,
        "Depreciation Income Statement": 43000000.0,
        "Selling General And Administration": 976000000.0,
        "Gross Profit": 1441000000.0,
        "Cost Of Revenue": 2270000000.0,
        "Total Revenue": 3711000000.0,
        "Operating Revenue": 3552000000.0
    },
    "2024-09-30": {
        "Tax Effect Of Unusual Items": -5000000.0,
        "Tax Rate For Calcs": 0.25,
        "Normalized EBITDA": 438000000.0,
        "Total Unusual Items": -20000000.0,
        "Total Unusual Items Excluding Goodwill": -20000000.0,
        "Net Income From Continuing Operation Net Minority Interest": 191000000.0,
        "Reconciled Depreciation": 100000000.0,
        "Reconciled Cost Of Revenue": 2183000000.0,
        "EBITDA": 418000000.0,
        "EBIT": 318000000.0,
        "Net Interest Income": -58000000.0,
        "Interest Expense": 66000000.0,
        "Interest Income": 8000000.0,
        "Normalized Income": 206000000.0,
        "Net Income From Continuing And Discontinued Operation": 191000000.0,
        "Total Expenses": 3254000000.0,
        "Total Operating Income As Reported": 310000000.0,
        "Diluted Average Shares": 262600000.0,
        "Basic Average Shares": 262300000.0,
        "Diluted EPS": 0.73,
        "Basic EPS": 0.73,
        "Diluted NI Availto Com Stockholders": 191000000.0,
        "Net Income Common Stockholders": 191000000.0,
        "Net Income": 191000000.0,
        "Minority Interests": -1000000.0,
        "Net Income Including Noncontrolling Interests": 192000000.0,
        "Net Income Discontinuous Operations": 0.0,
        "Net Income Continuous Operations": 192000000.0,
        "Earnings From Equity Interest Net Of Tax": 3000000.0,
        "Tax Provision": 63000000.0,
        "Pretax Income": 252000000.0,
        "Other Income Expense": -20000000.0,
        "Special Income Charges": -20000000.0,
        "Gain On Sale Of Business": NaN,
        "Restructuring And Mergern Acquisition": 20000000.0,
        "Gain On Sale Of Security": NaN,
        "Net Non Operating Interest Income Expense": -58000000.0,
        "Interest Expense Non Operating": 66000000.0,
        "Interest Income Non Operating": 8000000.0,
        "Operating Income": 330000000.0,
        "Operating Expense": 1063000000.0,
        "Depreciation Amortization Depletion Income Statement": 92000000.0,
        "Depreciation And Amortization In Income Statement": 92000000.0,
        "Amortization": 47000000.0,
        "Amortization Of Intangibles Income Statement": 47000000.0,
        "Depreciation Income Statement": 45000000.0,
        "Selling General And Administration": 971000000.0,
        "Gross Profit": 1393000000.0,
        "Cost Of Revenue": 2191000000.0,
        "Total Revenue": 3584000000.0,
        "Operating Revenue": 3427000000.0
    },
    "2024-12-31": {
        "Tax Effect Of Unusual Items": -9818181.818182,
        "Tax Rate For Calcs": 0.272727,
        "Normalized EBITDA": 417000000.0,
        "Total Unusual Items": -36000000.0,
        "Total Unusual Items Excluding Goodwill": -36000000.0,
        "Net Income From Continuing Operation Net Minority Interest": 156000000.0,
        "Reconciled Depreciation": 106000000.0,
        "Reconciled Cost Of Revenue": 2019000000.0,
        "EBITDA": 381000000.0,
        "EBIT": 275000000.0,
        "Net Interest Income": -62000000.0,
        "Interest Expense": 66000000.0,
        "Interest Income": 4000000.0,
        "Normalized Income": 182181818.181818,
        "Net Income From Continuing And Discontinued Operation": 156000000.0,
        "Total Expenses": 3050000000.0,
        "Total Operating Income As Reported": 271000000.0,
        "Diluted Average Shares": 259900000.0,
        "Basic Average Shares": 259600000.0,
        "Diluted EPS": 0.6,
        "Basic EPS": 0.6,
        "Diluted NI Availto Com Stockholders": 156000000.0,
        "Net Income Common Stockholders": 156000000.0,
        "Net Income": 156000000.0,
        "Minority Interests": -1000000.0,
        "Net Income Including Noncontrolling Interests": 157000000.0,
        "Net Income Discontinuous Operations": 0.0,
        "Net Income Continuous Operations": 157000000.0,
        "Earnings From Equity Interest Net Of Tax": 5000000.0,
        "Tax Provision": 57000000.0,
        "Pretax Income": 209000000.0,
        "Other Income Expense": -36000000.0,
        "Special Income Charges": -36000000.0,
        "Gain On Sale Of Business": NaN,
        "Restructuring And Mergern Acquisition": 36000000.0,
        "Gain On Sale Of Security": NaN,
        "Net Non Operating Interest Income Expense": -62000000.0,
        "Interest Expense Non Operating": 66000000.0,
        "Interest Income Non Operating": 4000000.0,
        "Operating Income": 307000000.0,
        "Operating Expense": 1018000000.0,
        "Depreciation Amortization Depletion Income Statement": 93000000.0,
        "Depreciation And Amortization In Income Statement": 93000000.0,
        "Amortization": NaN,
        "Amortization Of Intangibles Income Statement": NaN,
        "Depreciation Income Statement": NaN,
        "Selling General And Administration": 925000000.0,
        "Gross Profit": 1325000000.0,
        "Cost Of Revenue": 2032000000.0,
        "Total Revenue": 3357000000.0,
        "Operating Revenue": 3204000000.0
    },
    "2025-03-31": {
        "Tax Effect Of Unusual Items": -3047000.0,
        "Tax Rate For Calcs": 0.277,
        "Normalized EBITDA": 409000000.0,
        "Total Unusual Items": -11000000.0,
        "Total Unusual Items Excluding Goodwill": -11000000.0,
        "Net Income From Continuing Operation Net Minority Interest": 169000000.0,
        "Reconciled Depreciation": 100000000.0,
        "Reconciled Cost Of Revenue": 2076000000.0,
        "EBITDA": 398000000.0,
        "EBIT": 298000000.0,
        "Net Interest Income": -51000000.0,
        "Interest Expense": 62000000.0,
        "Interest Income": 11000000.0,
        "Normalized Income": 176953000.0,
        "Net Income From Continuing And Discontinued Operation": 169000000.0,
        "Total Expenses": 3165000000.0,
        "Total Operating Income As Reported": 287000000.0,
        "Diluted Average Shares": 259600000.0,
        "Basic Average Shares": 259100000.0,
        "Diluted EPS": 0.65,
        "Basic EPS": 0.65,
        "Diluted NI Availto Com Stockholders": 169000000.0,
        "Net Income Common Stockholders": 169000000.0,
        "Net Income": 169000000.0,
        "Minority Interests": NaN,
        "Net Income Including Noncontrolling Interests": 169000000.0,
        "Net Income Discontinuous Operations": NaN,
        "Net Income Continuous Operations": 169000000.0,
        "Earnings From Equity Interest Net Of Tax": -1000000.0,
        "Tax Provision": 66000000.0,
        "Pretax Income": 236000000.0,
        "Other Income Expense": -11000000.0,
        "Special Income Charges": -11000000.0,
        "Gain On Sale Of Business": NaN,
        "Restructuring And Mergern Acquisition": 11000000.0,
        "Gain On Sale Of Security": NaN,
        "Net Non Operating Interest Income Expense": -51000000.0,
        "Interest Expense Non Operating": 62000000.0,
        "Interest Income Non Operating": 11000000.0,
        "Operating Income": 298000000.0,
        "Operating Expense": 1079000000.0,
        "Depreciation Amortization Depletion Income Statement": 90000000.0,
        "Depreciation And Amortization In Income Statement": 90000000.0,
        "Amortization": NaN,
        "Amortization Of Intangibles Income Statement": NaN,
        "Depreciation Income Statement": NaN,
        "Selling General And Administration": 989000000.0,
        "Gross Profit": 1377000000.0,
        "Cost Of Revenue": 2086000000.0,
        "Total Revenue": 3463000000.0,
        "Operating Revenue": 3295000000.0
    },
    "2025-06-30": {
        "Tax Effect Of Unusual Items": -2104000.0,
        "Tax Rate For Calcs": 0.263,
        "Normalized EBITDA": 436000000.0,
        "Total Unusual Items": -8000000.0,
        "Total Unusual Items Excluding Goodwill": -8000000.0,
        "Net Income From Continuing Operation Net Minority Interest": 192000000.0,
        "Reconciled Depreciation": 105000000.0,
        "Reconciled Cost Of Revenue": 2219000000.0,
        "EBITDA": 428000000.0,
        "EBIT": 323000000.0,
        "Net Interest Income": -52000000.0,
        "Interest Expense": 63000000.0,
        "Interest Income": 11000000.0,
        "Normalized Income": 197896000.0,
        "Net Income From Continuing And Discontinued Operation": 192000000.0,
        "Total Expenses": 3322000000.0,
        "Total Operating Income As Reported": 312000000.0,
        "Diluted Average Shares": 258300000.0,
        "Basic Average Shares": 258100000.0,
        "Diluted EPS": 0.75,
        "Basic EPS": 0.75,
        "Diluted NI Availto Com Stockholders": 192000000.0,
        "Net Income Common Stockholders": 192000000.0,
        "Net Income": 192000000.0,
        "Minority Interests": -1000000.0,
        "Net Income Including Noncontrolling Interests": 193000000.0,
        "Net Income Discontinuous Operations": NaN,
        "Net Income Continuous Operations": 193000000.0,
        "Earnings From Equity Interest Net Of Tax": 1000000.0,
        "Tax Provision": 68000000.0,
        "Pretax Income": 260000000.0,
        "Other Income Expense": -8000000.0,
        "Special Income Charges": -8000000.0,
        "Gain On Sale Of Business": NaN,
        "Restructuring And Mergern Acquisition": 8000000.0,
        "Gain On Sale Of Security": NaN,
        "Net Non Operating Interest Income Expense": -52000000.0,
        "Interest Expense Non Operating": 63000000.0,
        "Interest Income Non Operating": 11000000.0,
        "Operating Income": 320000000.0,
        "Operating Expense": 1092000000.0,
        "Depreciation Amortization Depletion Income Statement": 94000000.0,
        "Depreciation And Amortization In Income Statement": 94000000.0,
        "Amortization": NaN,
        "Amortization Of Intangibles Income Statement": NaN,
        "Depreciation Income Statement": NaN,
        "Selling General And Administration": 998000000.0,
        "Gross Profit": 1412000000.0,
        "Cost Of Revenue": 2230000000.0,
        "Total Revenue": 3642000000.0,
        "Operating Revenue": 3477000000.0
    }
}