{
    "2023-03-31": {
        "Tax Effect Of Unusual Items": NaN,
        "Tax Rate For Calcs": NaN,
        "Normalized EBITDA": NaN,
        "Total Unusual Items": NaN,
        "Total Unusual Items Excluding Goodwill": NaN,
        "Net Income From Continuing Operation Net Minority Interest": NaN,
        "Reconciled Depreciation": NaN,
        "Reconciled Cost Of Revenue": NaN,
        "EBITDA": NaN,
        "EBIT": NaN,
        "Net Interest Income": NaN,
        "Interest Expense": NaN,
        "Interest Income": NaN,
        "Normalized Income": NaN,
        "Net Income From Continuing And Discontinued Operation": NaN,
        "Total Expenses": NaN,
        "Diluted Average Shares": NaN,
        "Basic Average Shares": NaN,
        "Diluted EPS": NaN,
        "Basic EPS": NaN,
        "Diluted NI Availto Com Stockholders": NaN,
        "Net Income Common Stockholders": NaN,
        "Net Income": NaN,
        "Net Income Including Noncontrolling Interests": NaN,
        "Net Income Continuous Operations": NaN,
        "Tax Provision": NaN,
        "Pretax Income": NaN,
        "Other Income Expense": NaN,
        "Other Non Operating Income Expenses": NaN,
        "Special Income Charges": NaN,
        "Other Special Charges": NaN,
        "Impairment Of Capital Assets": NaN,
        "Gain On Sale Of Security": NaN,
        "Net Non Operating Interest Income Expense": NaN,
        "Interest Expense Non Operating": NaN,
        "Interest Income Non Operating": NaN,
        "Operating Income": NaN,
        "Operating Expense": NaN,
        "Research And Development": NaN,
        "Selling General And Administration": NaN,
        "General And Administrative Expense": NaN,
        "Other Gand A": NaN,
        "Salaries And Wages": -115800000.0,
        "Gross Profit": NaN,
        "Cost Of Revenue": NaN,
        "Total Revenue": NaN,
        "Operating Revenue": NaN
    },
    "2022-12-31": {
        "Tax Effect Of Unusual Items": NaN,
        "Tax Rate For Calcs": NaN,
        "Normalized EBITDA": NaN,
        "Total Unusual Items": NaN,
        "Total Unusual Items Excluding Goodwill": NaN,
        "Net Income From Continuing Operation Net Minority Interest": NaN,
        "Reconciled Depreciation": NaN,
        "Reconciled Cost Of Revenue": NaN,
        "EBITDA": NaN,
        "EBIT": NaN,
        "Net Interest Income": NaN,
        "Interest Expense": NaN,
        "Interest Income": NaN,
        "Normalized Income": NaN,
        "Net Income From Continuing And Discontinued Operation": NaN,
        "Total Expenses": NaN,
        "Diluted Average Shares": NaN,
        "Basic Average Shares": NaN,
        "Diluted EPS": NaN,
        "Basic EPS": NaN,
        "Diluted NI Availto Com Stockholders": NaN,
        "Net Income Common Stockholders": NaN,
        "Net Income": NaN,
        "Net Income Including Noncontrolling Interests": NaN,
        "Net Income Continuous Operations": NaN,
        "Tax Provision": NaN,
        "Pretax Income": NaN,
        "Other Income Expense": NaN,
        "Other Non Operating Income Expenses": NaN,
        "Special Income Charges": NaN,
        "Other Special Charges": NaN,
        "Write Off": 15100000.0,
        "Impairment Of Capital Assets": NaN,
        "Restructuring And Mergern Acquisition": 23000000.0,
        "Gain On Sale Of Security": NaN,
        "Net Non Operating Interest Income Expense": NaN,
        "Interest Expense Non Operating": NaN,
        "Interest Income Non Operating": NaN,
        "Operating Income": NaN,
        "Operating Expense": NaN,
        "Research And Development": NaN,
        "Selling General And Administration": NaN,
        "General And Administrative Expense": NaN,
        "Other Gand A": NaN,
        "Salaries And Wages": NaN,
        "Gross Profit": NaN,
        "Cost Of Revenue": NaN,
        "Total Revenue": NaN,
        "Operating Revenue": NaN
    },
    "2022-09-30": {
        "Tax Effect Of Unusual Items": NaN,
        "Tax Rate For Calcs": NaN,
        "Normalized EBITDA": NaN,
        "Total Unusual Items": NaN,
        "Total Unusual Items Excluding Goodwill": NaN,
        "Net Income From Continuing Operation Net Minority Interest": NaN,
        "Reconciled Depreciation": NaN,
        "Reconciled Cost Of Revenue": NaN,
        "EBITDA": NaN,
        "EBIT": NaN,
        "Net Interest Income": NaN,
        "Interest Expense": NaN,
        "Interest Income": NaN,
        "Normalized Income": NaN,
        "Net Income From Continuing And Discontinued Operation": NaN,
        "Total Expenses": NaN,
        "Diluted Average Shares": NaN,
        "Basic Average Shares": NaN,
        "Diluted EPS": NaN,
        "Basic EPS": NaN,
        "Diluted NI Availto Com Stockholders": NaN,
        "Net Income Common Stockholders": NaN,
        "Net Income": NaN,
        "Net Income Including Noncontrolling Interests": NaN,
        "Net Income Continuous Operations": NaN,
        "Tax Provision": NaN,
        "Pretax Income": NaN,
        "Other Income Expense": NaN,
        "Other Non Operating Income Expenses": NaN,
        "Special Income Charges": NaN,
        "Other Special Charges": NaN,
        "Write Off": 206500000.0,
        "Impairment Of Capital Assets": 206500000.0,
        "Restructuring And Mergern Acquisition": 0.0,
        "Gain On Sale Of Security": NaN,
        "Net Non Operating Interest Income Expense": NaN,
        "Interest Expense Non Operating": NaN,
        "Interest Income Non Operating": NaN,
        "Operating Income": NaN,
        "Operating Expense": NaN,
        "Research And Development": NaN,
        "Selling General And Administration": NaN,
        "General And Administrative Expense": NaN,
        "Other Gand A": NaN,
        "Salaries And Wages": NaN,
        "Gross Profit": NaN,
        "Cost Of Revenue": NaN,
        "Total Revenue": NaN,
        "Operating Revenue": NaN
    },
    "2022-06-30": {
        "Tax Effect Of Unusual Items": -71031100.0,
        "Tax Rate For Calcs": 0.127,
        "Normalized EBITDA": 2080300000.0,
        "Total Unusual Items": -559300000.0,
        "Total Unusual Items Excluding Goodwill": -559300000.0,
        "Net Income From Continuing Operation Net Minority Interest": 952500000.0,
        "Reconciled Depreciation": 348900000.0,
        "Reconciled Cost Of Revenue": 1430500000.0,
        "EBITDA": 1521000000.0,
        "EBIT": 1172100000.0,
        "Net Interest Income": -71000000.0,
        "Interest Expense": 81200000.0,
        "Interest Income": 10200000.0,
        "Normalized Income": 1440768900.0,
        "Net Income From Continuing And Discontinued Operation": 952500000.0,
        "Total Expenses": 4837500000.0,
        "Total Operating Income As Reported": NaN,
        "Diluted Average Shares": 902900000.0,
        "Basic Average Shares": 900300000.0,
        "Diluted EPS": 1.05,
        "Basic EPS": 1.06,
        "Diluted NI Availto Com Stockholders": 952500000.0,
        "Net Income Common Stockholders": 952500000.0,
        "Net Income": 952500000.0,
        "Net Income Including Noncontrolling Interests": 952500000.0,
        "Net Income Continuous Operations": 952500000.0,
        "Tax Provision": 138400000.0,
        "Pretax Income": 1090900000.0,
        "Other Income Expense": -488600000.0,
        "Other Non Operating Income Expenses": 70700000.0,
        "Special Income Charges": -440400000.0,
        "Other Special Charges": 440400000.0,
        "Write Off": 0.0,
        "Impairment Of Capital Assets": NaN,
        "Restructuring And Mergern Acquisition": 0.0,
        "Gain On Sale Of Security": -118900000.0,
        "Net Non Operating Interest Income Expense": -71000000.0,
        "Total Other Finance Cost": NaN,
        "Interest Expense Non Operating": 81200000.0,
        "Interest Income Non Operating": 10200000.0,
        "Operating Income": 1650500000.0,
        "Operating Expense": 3407000000.0,
        "Research And Development": 1781900000.0,
        "Selling General And Administration": 1625100000.0,
        "General And Administrative Expense": 1530800000.0,
        "Other Gand A": 1625100000.0,
        "Salaries And Wages": -94300000.0,
        "Gross Profit": 5057500000.0,
        "Cost Of Revenue": 1430500000.0,
        "Total Revenue": 6488000000.0,
        "Operating Revenue": 6488000000.0
    },
    "2022-03-31": {
        "Diluted EPS": 2.1,
        "Total Revenue": NaN,
        "Gross Profit": NaN,
        "Operating Income": NaN,
        "EBIT": NaN,
        "Net Income": NaN
    },
    "2021-12-31": {
        "Diluted EPS": 1.88,
        "Total Revenue": NaN,
        "Gross Profit": NaN,
        "Operating Income": NaN,
        "EBIT": NaN,
        "Net Income": NaN
    },
    "2021-09-30": {
        "Diluted EPS": 1.22,
        "Total Revenue": NaN,
        "Gross Profit": NaN,
        "Operating Income": NaN,
        "EBIT": NaN,
        "Net Income": NaN
    },
    "2021-06-30": {
        "Diluted EPS": 1.53,
        "Total Revenue": NaN,
        "Gross Profit": NaN,
        "Operating Income": NaN,
        "EBIT": NaN,
        "Net Income": NaN
    },
    "2021-03-31": {
        "Diluted EPS": 1.49,
        "Total Revenue": NaN,
        "Gross Profit": NaN,
        "Operating Income": NaN,
        "EBIT": NaN,
        "Net Income": NaN
    },
    "2020-12-31": {
        "Diluted EPS": 2.31,
        "Total Revenue": NaN,
        "Gross Profit": NaN,
        "Operating Income": NaN,
        "EBIT": NaN,
        "Net Income": NaN
    },
    "2020-09-30": {
        "Diluted EPS": 1.33,
        "Total Revenue": NaN,
        "Gross Profit": NaN,
        "Operating Income": NaN,
        "EBIT": NaN,
        "Net Income": NaN
    },
    "2020-06-30": {
        "Diluted EPS": 1.55,
        "Total Revenue": NaN,
        "Gross Profit": NaN,
        "Operating Income": NaN,
        "EBIT": NaN,
        "Net Income": NaN
    },
    "2020-03-31": {
        "Diluted EPS": 1.6,
        "Total Revenue": NaN,
        "Gross Profit": NaN,
        "Operating Income": NaN,
        "EBIT": NaN,
        "Net Income": NaN
    },
    "2019-12-31": {
        "Diluted EPS": 1.77,
        "Total Revenue": NaN,
        "Gross Profit": NaN,
        "Operating Income": NaN,
        "EBIT": NaN,
        "Net Income": NaN
    },
    "2019-09-30": {
        "Diluted EPS": 1.37,
        "Total Revenue": NaN,
        "Gross Profit": NaN,
        "Operating Income": NaN,
        "EBIT": NaN,
        "Net Income": NaN
    },
    "2019-06-30": {
        "Diluted EPS": 1.44,
        "Total Revenue": NaN,
        "Gross Profit": NaN,
        "Operating Income": NaN,
        "EBIT": NaN,
        "Net Income": NaN
    },
    "2019-03-31": {
        "Diluted EPS": 4.31,
        "Total Revenue": NaN,
        "Gross Profit": NaN,
        "Operating Income": 645,
        "EBIT": NaN,
        "Net Income": NaN
    },
    "2018-12-31": {
        "Diluted EPS": 1.1,
        "Total Revenue": NaN,
        "Gross Profit": NaN,
        "Operating Income": 900,
        "EBIT": NaN,
        "Net Income": NaN
    },
    "2018-09-30": {
        "Diluted EPS": 1.12,
        "Total Revenue": NaN,
        "Gross Profit": NaN,
        "Operating Income": NaN,
        "EBIT": NaN,
        "Net Income": NaN
    },
    "2018-06-30": {
        "Diluted EPS": -0.25,
        "Total Revenue": NaN,
        "Gross Profit": NaN,
        "Operating Income": -5,
        "EBIT": 420,
        "Net Income": -260
    },
    "2018-03-31": {
        "Diluted EPS": 1.16,
        "Total Revenue": NaN,
        "Gross Profit": NaN,
        "Operating Income": NaN,
        "EBIT": NaN,
        "Net Income": NaN
    },
    "2017-12-31": {
        "Diluted EPS": -1.57,
        "Total Revenue": NaN,
        "Gross Profit": NaN,
        "Operating Income": 279,
        "EBIT": 691,
        "Net Income": NaN
    },
    "2017-09-30": {
        "Diluted EPS": 0.53,
        "Total Revenue": NaN,
        "Gross Profit": NaN,
        "Operating Income": 542,
        "EBIT": 915,
        "Net Income": 556
    },
    "2017-06-30": {
        "Diluted EPS": 0.95,
        "Total Revenue": NaN,
        "Gross Profit": NaN,
        "Operating Income": NaN,
        "EBIT": NaN,
        "Net Income": NaN
    },
    "2017-03-31": {
        "Diluted EPS": -0.1,
        "Total Revenue": NaN,
        "Gross Profit": NaN,
        "Operating Income": -17,
        "EBIT": 370,
        "Net Income": -111
    },
    "2016-12-31": {
        "Diluted EPS": 0.73,
        "Total Revenue": NaN,
        "Gross Profit": NaN,
        "Operating Income": 679,
        "EBIT": NaN,
        "Net Income": 772
    },
    "2016-09-30": {
        "Diluted EPS": 0.73,
        "Total Revenue": NaN,
        "Gross Profit": NaN,
        "Operating Income": 944,
        "EBIT": NaN,
        "Net Income": 778
    },
    "2016-06-30": {
        "Diluted EPS": 0.71,
        "Total Revenue": NaN,
        "Gross Profit": NaN,
        "Operating Income": 923,
        "EBIT": NaN,
        "Net Income": 748
    },
    "2016-03-31": {
        "Diluted EPS": 0.41,
        "Total Revenue": NaN,
        "Gross Profit": NaN,
        "Operating Income": 716,
        "EBIT": NaN,
        "Net Income": 440
    },
    "2015-12-31": {
        "Diluted EPS": 0.45,
        "Total Revenue": NaN,
        "Gross Profit": NaN,
        "Operating Income": 328,
        "EBIT": 671,
        "Net Income": 478
    },
    "2015-09-30": {
        "Diluted EPS": 0.75,
        "Total Revenue": NaN,
        "Gross Profit": NaN,
        "Operating Income": 961,
        "EBIT": NaN,
        "Net Income": 800
    },
    "2015-06-30": {
        "Diluted EPS": 0.56,
        "Total Revenue": NaN,
        "Gross Profit": NaN,
        "Operating Income": 875,
        "EBIT": NaN,
        "Net Income": 601
    },
    "2015-03-31": {
        "Diluted EPS": 0.5,
        "Total Revenue": NaN,
        "Gross Profit": NaN,
        "Operating Income": 525,
        "EBIT": 883,
        "Net Income": 530
    },
    "2014-12-31": {
        "Diluted EPS": 0.4,
        "Total Revenue": NaN,
        "Gross Profit": NaN,
        "Operating Income": 309,
        "EBIT": 648,
        "Net Income": 429
    },
    "2014-09-30": {
        "Diluted EPS": 0.47,
        "Total Revenue": NaN,
        "Gross Profit": NaN,
        "Operating Income": 598,
        "EBIT": 941,
        "Net Income": 501
    },
    "2014-06-30": {
        "Diluted EPS": 0.68,
        "Total Revenue": NaN,
        "Gross Profit": NaN,
        "Operating Income": 887,
        "EBIT": NaN,
        "Net Income": 734
    },
    "2014-03-31": {
        "Diluted EPS": 0.68,
        "Total Revenue": NaN,
        "Gross Profit": NaN,
        "Operating Income": 866,
        "EBIT": NaN,
        "Net Income": 728
    },
    "2013-12-31": {
        "Diluted EPS": 0.68,
        "Total Revenue": NaN,
        "Gross Profit": NaN,
        "Operating Income": 879,
        "EBIT": NaN,
        "Net Income": 728
    },
    "2013-09-30": {
        "Diluted EPS": 1.11,
        "Total Revenue": NaN,
        "Gross Profit": NaN,
        "Operating Income": NaN,
        "EBIT": NaN,
        "Net Income": NaN
    },
    "2013-06-30": {
        "Diluted EPS": 1.11,
        "Total Revenue": NaN,
        "Gross Profit": NaN,
        "Operating Income": NaN,
        "EBIT": NaN,
        "Net Income": NaN
    },
    "2013-03-31": {
        "Diluted EPS": 1.42,
        "Total Revenue": NaN,
        "Gross Profit": NaN,
        "Operating Income": NaN,
        "EBIT": NaN,
        "Net Income": NaN
    },
    "2012-12-31": {
        "Diluted EPS": 0.74,
        "Total Revenue": NaN,
        "Gross Profit": NaN,
        "Operating Income": NaN,
        "EBIT": NaN,
        "Net Income": 827
    },
    "2012-09-30": {
        "Diluted EPS": 1.18,
        "Total Revenue": NaN,
        "Gross Profit": NaN,
        "Operating Income": NaN,
        "EBIT": NaN,
        "Net Income": NaN
    },
    "2012-06-30": {
        "Diluted EPS": 0.83,
        "Total Revenue": NaN,
        "Gross Profit": NaN,
        "Operating Income": NaN,
        "EBIT": NaN,
        "Net Income": 924
    },
    "2012-03-31": {
        "Diluted EPS": 0.91,
        "Total Revenue": NaN,
        "Gross Profit": NaN,
        "Operating Income": NaN,
        "EBIT": NaN,
        "Net Income": NaN
    },
    "2011-12-31": {
        "Diluted EPS": 0.77,
        "Total Revenue": NaN,
        "Gross Profit": NaN,
        "Operating Income": 992,
        "EBIT": NaN,
        "Net Income": 858
    },
    "2011-09-30": {
        "Diluted EPS": 1.11,
        "Total Revenue": NaN,
        "Gross Profit": NaN,
        "Operating Income": NaN,
        "EBIT": NaN,
        "Net Income": NaN
    },
    "2011-06-30": {
        "Diluted EPS": 1.07,
        "Total Revenue": NaN,
        "Gross Profit": NaN,
        "Operating Income": NaN,
        "EBIT": NaN,
        "Net Income": NaN
    },
    "2011-03-31": {
        "Diluted EPS": 0.95,
        "Total Revenue": NaN,
        "Gross Profit": NaN,
        "Operating Income": NaN,
        "EBIT": NaN,
        "Net Income": NaN
    },
    "2010-12-31": {
        "Diluted EPS": 1.05,
        "Total Revenue": NaN,
        "Gross Profit": NaN,
        "Operating Income": NaN,
        "EBIT": NaN,
        "Net Income": NaN
    },
    "2010-09-30": {
        "Diluted EPS": 1.18,
        "Total Revenue": NaN,
        "Gross Profit": NaN,
        "Operating Income": NaN,
        "EBIT": NaN,
        "Net Income": NaN
    },
    "2010-06-30": {
        "Diluted EPS": 1.22,
        "Total Revenue": NaN,
        "Gross Profit": NaN,
        "Operating Income": NaN,
        "EBIT": NaN,
        "Net Income": NaN
    },
    "2010-03-31": {
        "Diluted EPS": 1.13,
        "Total Revenue": NaN,
        "Gross Profit": NaN,
        "Operating Income": NaN,
        "EBIT": NaN,
        "Net Income": NaN
    },
    "2009-12-31": {
        "Diluted EPS": 0.82,
        "Total Revenue": NaN,
        "Gross Profit": NaN,
        "Operating Income": 550,
        "EBIT": 926,
        "Net Income": 915
    },
    "2009-09-30": {
        "Diluted EPS": 0.86,
        "Total Revenue": NaN,
        "Gross Profit": NaN,
        "Operating Income": NaN,
        "EBIT": NaN,
        "Net Income": 942
    },
    "2009-06-30": {
        "Diluted EPS": 1.06,
        "Total Revenue": NaN,
        "Gross Profit": NaN,
        "Operating Income": NaN,
        "EBIT": NaN,
        "Net Income": NaN
    },
    "2009-03-31": {
        "Diluted EPS": 1.2,
        "Total Revenue": NaN,
        "Gross Profit": NaN,
        "Operating Income": NaN,
        "EBIT": NaN,
        "Net Income": NaN
    },
    "2023-06-30": {
        "Tax Effect Of Unusual Items": NaN,
        "Tax Rate For Calcs": NaN,
        "Normalized EBITDA": NaN,
        "Total Unusual Items": NaN,
        "Total Unusual Items Excluding Goodwill": NaN,
        "Net Income From Continuing Operation Net Minority Interest": NaN,
        "Reconciled Depreciation": NaN,
        "Reconciled Cost Of Revenue": NaN,
        "EBITDA": NaN,
        "EBIT": NaN,
        "Net Interest Income": NaN,
        "Interest Expense": NaN,
        "Interest Income": NaN,
        "Normalized Income": NaN,
        "Net Income From Continuing And Discontinued Operation": NaN,
        "Total Expenses": NaN,
        "Diluted Average Shares": NaN,
        "Basic Average Shares": NaN,
        "Diluted EPS": NaN,
        "Basic EPS": NaN,
        "Diluted NI Availto Com Stockholders": NaN,
        "Net Income Common Stockholders": NaN,
        "Net Income": NaN,
        "Net Income Including Noncontrolling Interests": NaN,
        "Net Income Continuous Operations": NaN,
        "Tax Provision": NaN,
        "Pretax Income": NaN,
        "Other Income Expense": NaN,
        "Other Non Operating Income Expenses": NaN,
        "Special Income Charges": NaN,
        "Other Special Charges": NaN,
        "Write Off": NaN,
        "Impairment Of Capital Assets": 0.0,
        "Gain On Sale Of Security": NaN,
        "Net Non Operating Interest Income Expense": NaN,
        "Interest Expense Non Operating": NaN,
        "Interest Income Non Operating": NaN,
        "Operating Income": NaN,
        "Operating Expense": NaN,
        "Research And Development": NaN,
        "Selling General And Administration": NaN,
        "General And Administrative Expense": NaN,
        "Other Gand A": NaN,
        "Salaries And Wages": -115600000.0,
        "Gross Profit": NaN,
        "Cost Of Revenue": NaN,
        "Total Revenue": NaN,
        "Operating Revenue": NaN
    },
    "2023-09-30": {
        "Tax Effect Of Unusual Items": NaN,
        "Tax Rate For Calcs": NaN,
        "Normalized EBITDA": NaN,
        "Total Unusual Items": NaN,
        "Total Unusual Items Excluding Goodwill": NaN,
        "Net Income From Continuing Operation Net Minority Interest": NaN,
        "Reconciled Depreciation": NaN,
        "Reconciled Cost Of Revenue": NaN,
        "EBITDA": NaN,
        "EBIT": NaN,
        "Net Interest Income": NaN,
        "Interest Expense": NaN,
        "Interest Income": NaN,
        "Normalized Income": NaN,
        "Net Income From Continuing And Discontinued Operation": NaN,
        "Total Expenses": NaN,
        "Diluted Average Shares": NaN,
        "Basic Average Shares": NaN,
        "Diluted EPS": NaN,
        "Basic EPS": NaN,
        "Diluted NI Availto Com Stockholders": NaN,
        "Net Income Common Stockholders": NaN,
        "Net Income": NaN,
        "Net Income Including Noncontrolling Interests": NaN,
        "Net Income Continuous Operations": NaN,
        "Tax Provision": NaN,
        "Pretax Income": NaN,
        "Other Income Expense": NaN,
        "Other Non Operating Income Expenses": NaN,
        "Special Income Charges": NaN,
        "Other Special Charges": NaN,
        "Write Off": NaN,
        "Impairment Of Capital Assets": 0.0,
        "Gain On Sale Of Security": NaN,
        "Net Non Operating Interest Income Expense": NaN,
        "Interest Expense Non Operating": NaN,
        "Interest Income Non Operating": NaN,
        "Operating Income": NaN,
        "Operating Expense": NaN,
        "Research And Development": NaN,
        "Selling General And Administration": NaN,
        "General And Administrative Expense": NaN,
        "Other Gand A": NaN,
        "Salaries And Wages": NaN,
        "Gross Profit": NaN,
        "Cost Of Revenue": NaN,
        "Total Revenue": NaN,
        "Operating Revenue": NaN
    },
    "2023-12-31": {
        "Tax Effect Of Unusual Items": -72372409.119898,
        "Tax Rate For Calcs": 0.127192,
        "Normalized EBITDA": 3603700000.0,
        "Total Unusual Items": -569000000.0,
        "Total Unusual Items Excluding Goodwill": -569000000.0,
        "Net Income From Continuing Operation Net Minority Interest": 2189700000.0,
        "Reconciled Depreciation": 387700000.0,
        "Reconciled Cost Of Revenue": 1788000000.0,
        "EBITDA": 3034700000.0,
        "EBIT": 2647000000.0,
        "Net Interest Income": -93700000.0,
        "Interest Expense": 138200000.0,
        "Interest Income": 44500000.0,
        "Normalized Income": 2686327590.880102,
        "Net Income From Continuing And Discontinued Operation": 2189700000.0,
        "Total Expenses": 6160300000.0,
        "Diluted Average Shares": 903980000.0,
        "Basic Average Shares": 899379000.0,
        "Diluted EPS": 2.42,
        "Basic EPS": 2.434569,
        "Diluted NI Availto Com Stockholders": 2189700000.0,
        "Net Income Common Stockholders": 2189700000.0,
        "Net Income": 2189700000.0,
        "Net Income Including Noncontrolling Interests": 2189700000.0,
        "Net Income Continuous Operations": 2189700000.0,
        "Tax Provision": 319100000.0,
        "Pretax Income": 2508800000.0,
        "Other Income Expense": -590600000.0,
        "Other Non Operating Income Expenses": -21600000.0,
        "Special Income Charges": -690300000.0,
        "Other Special Charges": 622600000.0,
        "Write Off": 22200000.0,
        "Impairment Of Capital Assets": NaN,
        "Gain On Sale Of Security": 121300000.0,
        "Net Non Operating Interest Income Expense": -93700000.0,
        "Interest Expense Non Operating": 138200000.0,
        "Interest Income Non Operating": 44500000.0,
        "Operating Income": 3193100000.0,
        "Operating Expense": 4372300000.0,
        "Research And Development": 2562700000.0,
        "Selling General And Administration": 1809600000.0,
        "General And Administrative Expense": 1809600000.0,
        "Other Gand A": 1924600000.0,
        "Salaries And Wages": -115000000.0,
        "Gross Profit": 7565400000.0,
        "Cost Of Revenue": 1788000000.0,
        "Total Revenue": 9353400000.0,
        "Operating Revenue": 9353400000.0
    },
    "2024-03-31": {
        "Tax Effect Of Unusual Items": -10925200.110406,
        "Tax Rate For Calcs": 0.115611,
        "Normalized EBITDA": 3210800000.0,
        "Total Unusual Items": -94500000.0,
        "Total Unusual Items Excluding Goodwill": -94500000.0,
        "Net Income From Continuing Operation Net Minority Interest": 2242900000.0,
        "Reconciled Depreciation": 400600000.0,
        "Reconciled Cost Of Revenue": 1673500000.0,
        "EBITDA": 3116300000.0,
        "EBIT": 2715700000.0,
        "Net Interest Income": -133800000.0,
        "Interest Expense": 179600000.0,
        "Interest Income": 45800000.0,
        "Normalized Income": 2326474799.889594,
        "Net Income From Continuing And Discontinued Operation": 2242900000.0,
        "Total Expenses": 6032400000.0,
        "Diluted Average Shares": 903800000.0,
        "Basic Average Shares": 900800000.0,
        "Diluted EPS": 2.48,
        "Basic EPS": 2.49,
        "Diluted NI Availto Com Stockholders": 2242900000.0,
        "Net Income Common Stockholders": 2242900000.0,
        "Net Income": 2242900000.0,
        "Net Income Including Noncontrolling Interests": 2242900000.0,
        "Net Income Continuous Operations": 2242900000.0,
        "Tax Provision": 293200000.0,
        "Pretax Income": 2536100000.0,
        "Other Income Expense": -65700000.0,
        "Other Non Operating Income Expenses": 28800000.0,
        "Special Income Charges": -110500000.0,
        "Other Special Charges": 110500000.0,
        "Write Off": 0.0,
        "Impairment Of Capital Assets": NaN,
        "Gain On Sale Of Security": 16000000.0,
        "Net Non Operating Interest Income Expense": -133800000.0,
        "Interest Expense Non Operating": 179600000.0,
        "Interest Income Non Operating": 45800000.0,
        "Operating Income": 2735600000.0,
        "Operating Expense": 4358900000.0,
        "Research And Development": 2522800000.0,
        "Selling General And Administration": 1836100000.0,
        "General And Administrative Expense": 1836100000.0,
        "Other Gand A": 1952200000.0,
        "Salaries And Wages": -116100000.0,
        "Gross Profit": 7094500000.0,
        "Cost Of Revenue": 1673500000.0,
        "Total Revenue": 8768000000.0,
        "Operating Revenue": 8768000000.0
    },
    "2024-06-30": {
        "Tax Effect Of Unusual Items": -116885431.593313,
        "Tax Rate For Calcs": 0.156431,
        "Normalized EBITDA": 4862400000.0,
        "Total Unusual Items": -747200000.0,
        "Total Unusual Items Excluding Goodwill": -747200000.0,
        "Net Income From Continuing Operation Net Minority Interest": 2967000000.0,
        "Reconciled Depreciation": 414400000.0,
        "Reconciled Cost Of Revenue": 2170200000.0,
        "EBITDA": 4115200000.0,
        "EBIT": 3700800000.0,
        "Net Interest Income": -146300000.0,
        "Interest Expense": 183600000.0,
        "Interest Income": 37300000.0,
        "Normalized Income": 3597314568.406687,
        "Net Income From Continuing And Discontinued Operation": 2967000000.0,
        "Total Expenses": 6884300000.0,
        "Diluted Average Shares": 904200000.0,
        "Basic Average Shares": 900900000.0,
        "Diluted EPS": 3.28,
        "Basic EPS": 3.29,
        "Diluted NI Availto Com Stockholders": 2967000000.0,
        "Net Income Common Stockholders": 2967000000.0,
        "Net Income": 2967000000.0,
        "Net Income Including Noncontrolling Interests": 2967000000.0,
        "Net Income Continuous Operations": 2967000000.0,
        "Tax Provision": 550200000.0,
        "Pretax Income": 3517200000.0,
        "Other Income Expense": -755000000.0,
        "Other Non Operating Income Expenses": -7800000.0,
        "Special Income Charges": -589300000.0,
        "Other Special Charges": 589300000.0,
        "Write Off": 435000000.0,
        "Impairment Of Capital Assets": 435000000.0,
        "Gain On Sale Of Security": -157900000.0,
        "Net Non Operating Interest Income Expense": -146300000.0,
        "Interest Expense Non Operating": 183600000.0,
        "Interest Income Non Operating": 37300000.0,
        "Operating Income": 4418500000.0,
        "Operating Expense": 4714100000.0,
        "Research And Development": 2711200000.0,
        "Selling General And Administration": 2002900000.0,
        "General And Administrative Expense": 2002900000.0,
        "Other Gand A": 2117300000.0,
        "Salaries And Wages": -114400000.0,
        "Gross Profit": 9132600000.0,
        "Cost Of Revenue": 2170200000.0,
        "Total Revenue": 11302800000.0,
        "Operating Revenue": 11302800000.0
    },
    "2024-09-30": {
        "Tax Effect Of Unusual Items": -1087488400.0,
        "Tax Rate For Calcs": 0.389,
        "Normalized EBITDA": 5043500000.0,
        "Total Unusual Items": -2795600000.0,
        "Total Unusual Items Excluding Goodwill": -2795600000.0,
        "Net Income From Continuing Operation Net Minority Interest": 970300000.0,
        "Reconciled Depreciation": 466800000.0,
        "Reconciled Cost Of Revenue": 2170800000.0,
        "EBITDA": 2247900000.0,
        "EBIT": 1781100000.0,
        "Net Interest Income": -144900000.0,
        "Interest Expense": 192700000.0,
        "Interest Income": 47800000.0,
        "Normalized Income": 2678411600.0,
        "Net Income From Continuing And Discontinued Operation": 970300000.0,
        "Total Expenses": 6889300000.0,
        "Diluted Average Shares": 905000000.0,
        "Basic Average Shares": 901000000.0,
        "Diluted EPS": 1.07,
        "Basic EPS": 1.08,
        "Diluted NI Availto Com Stockholders": 970300000.0,
        "Net Income Common Stockholders": 970300000.0,
        "Net Income": 970300000.0,
        "Net Income Including Noncontrolling Interests": 970300000.0,
        "Net Income Continuous Operations": 970300000.0,
        "Tax Provision": 618100000.0,
        "Pretax Income": 1588400000.0,
        "Other Income Expense": -2816500000.0,
        "Other Non Operating Income Expenses": -20900000.0,
        "Special Income Charges": -2908000000.0,
        "Other Special Charges": 2826400000.0,
        "Write Off": 81600000.0,
        "Impairment Of Capital Assets": 81600000.0,
        "Gain On Sale Of Security": 112400000.0,
        "Net Non Operating Interest Income Expense": -144900000.0,
        "Interest Expense Non Operating": 192700000.0,
        "Interest Income Non Operating": 47800000.0,
        "Operating Income": 4549800000.0,
        "Operating Expense": 4718500000.0,
        "Research And Development": 2734100000.0,
        "Selling General And Administration": 1984400000.0,
        "General And Administrative Expense": 1984400000.0,
        "Other Gand A": 2099800000.0,
        "Salaries And Wages": -115400000.0,
        "Gross Profit": 9268300000.0,
        "Cost Of Revenue": 2170800000.0,
        "Total Revenue": 11439100000.0,
        "Operating Revenue": 11439100000.0
    },
    "2024-12-31": {
        "Tax Effect Of Unusual Items": -69047071.66531,
        "Tax Rate For Calcs": 0.124814,
        "Normalized EBITDA": 6301400000.0,
        "Total Unusual Items": -553200000.0,
        "Total Unusual Items Excluding Goodwill": -553200000.0,
        "Net Income From Continuing Operation Net Minority Interest": 4409800000.0,
        "Reconciled Depreciation": 484800000.0,
        "Reconciled Cost Of Revenue": 2403800000.0,
        "EBITDA": 5748200000.0,
        "EBIT": 5263400000.0,
        "Net Interest Income": -180400000.0,
        "Interest Expense": 224700000.0,
        "Interest Income": 44300000.0,
        "Normalized Income": 4893952928.33469,
        "Net Income From Continuing And Discontinued Operation": 4409800000.0,
        "Total Expenses": 7735000000.0,
        "Diluted Average Shares": 903158000.0,
        "Basic Average Shares": 897538000.0,
        "Diluted EPS": 4.88,
        "Basic EPS": 4.913218,
        "Diluted NI Availto Com Stockholders": 4409800000.0,
        "Net Income Common Stockholders": 4409800000.0,
        "Net Income": 4409800000.0,
        "Net Income Including Noncontrolling Interests": 4409800000.0,
        "Net Income Continuous Operations": 4409800000.0,
        "Tax Provision": 628900000.0,
        "Pretax Income": 5038700000.0,
        "Other Income Expense": -578700000.0,
        "Other Non Operating Income Expenses": -25500000.0,
        "Special Income Charges": -533200000.0,
        "Other Special Charges": 624200000.0,
        "Write Off": -91000000.0,
        "Impairment Of Capital Assets": NaN,
        "Gain On Sale Of Security": -20000000.0,
        "Net Non Operating Interest Income Expense": -180400000.0,
        "Interest Expense Non Operating": 224700000.0,
        "Interest Income Non Operating": 44300000.0,
        "Operating Income": 5797800000.0,
        "Operating Expense": 5331200000.0,
        "Research And Development": 3022500000.0,
        "Selling General And Administration": 2308700000.0,
        "General And Administrative Expense": 2308700000.0,
        "Other Gand A": 2424500000.0,
        "Salaries And Wages": -115800000.0,
        "Gross Profit": 11129000000.0,
        "Cost Of Revenue": 2403800000.0,
        "Total Revenue": 13532800000.0,
        "Operating Revenue": 13532800000.0
    },
    "2025-03-31": {
        "Tax Effect Of Unusual Items": -354186800.0,
        "Tax Rate For Calcs": 0.202,
        "Normalized EBITDA": 5916000000.0,
        "Total Unusual Items": -1753400000.0,
        "Total Unusual Items Excluding Goodwill": -1753400000.0,
        "Net Income From Continuing Operation Net Minority Interest": 2759300000.0,
        "Reconciled Depreciation": 462800000.0,
        "Reconciled Cost Of Revenue": 2224200000.0,
        "EBITDA": 4162600000.0,
        "EBIT": 3699800000.0,
        "Net Interest Income": -195400000.0,
        "Interest Expense": 243700000.0,
        "Interest Income": 48300000.0,
        "Normalized Income": 4158513200.0,
        "Net Income From Continuing And Discontinued Operation": 2759300000.0,
        "Total Expenses": 7320100000.0,
        "Diluted Average Shares": 900604000.0,
        "Basic Average Shares": 897730000.0,
        "Diluted EPS": 3.06,
        "Basic EPS": 3.073641,
        "Diluted NI Availto Com Stockholders": 2759300000.0,
        "Net Income Common Stockholders": 2759300000.0,
        "Net Income": 2759300000.0,
        "Net Income Including Noncontrolling Interests": 2759300000.0,
        "Net Income Continuous Operations": 2759300000.0,
        "Tax Provision": 696800000.0,
        "Pretax Income": 3456100000.0,
        "Other Income Expense": -1756900000.0,
        "Other Non Operating Income Expenses": -3500000.0,
        "Special Income Charges": -1606700000.0,
        "Other Special Charges": 1571700000.0,
        "Write Off": 35000000.0,
        "Impairment Of Capital Assets": NaN,
        "Gain On Sale Of Security": -146700000.0,
        "Net Non Operating Interest Income Expense": -195400000.0,
        "Interest Expense Non Operating": 243700000.0,
        "Interest Income Non Operating": 48300000.0,
        "Operating Income": 5408400000.0,
        "Operating Expense": 5095900000.0,
        "Research And Development": 2733700000.0,
        "Selling General And Administration": 2362200000.0,
        "General And Administrative Expense": 2362200000.0,
        "Other Gand A": 2468800000.0,
        "Salaries And Wages": -106600000.0,
        "Gross Profit": 10504300000.0,
        "Cost Of Revenue": 2224200000.0,
        "Total Revenue": 12728500000.0,
        "Operating Revenue": 12728500000.0
    },
    "2025-06-30": {
        "Tax Effect Of Unusual Items": -6554043.444897,
        "Tax Rate For Calcs": 0.164674,
        "Normalized EBITDA": 7543700000.0,
        "Total Unusual Items": -39800000.0,
        "Total Unusual Items Excluding Goodwill": -39800000.0,
        "Net Income From Continuing Operation Net Minority Interest": 5660500000.0,
        "Reconciled Depreciation": 478500000.0,
        "Reconciled Cost Of Revenue": 2447800000.0,
        "EBITDA": 7503900000.0,
        "EBIT": 7025400000.0,
        "Net Interest Income": -209000000.0,
        "Interest Expense": 249000000.0,
        "Interest Income": 40000000.0,
        "Normalized Income": 5693745956.555103,
        "Net Income From Continuing And Discontinued Operation": 5660500000.0,
        "Total Expenses": 8431500000.0,
        "Diluted Average Shares": 899793000.0,
        "Basic Average Shares": 896833000.0,
        "Diluted EPS": 6.29,
        "Basic EPS": 6.311654,
        "Diluted NI Availto Com Stockholders": 5660500000.0,
        "Net Income Common Stockholders": 5660500000.0,
        "Net Income": 5660500000.0,
        "Net Income Including Noncontrolling Interests": 5660500000.0,
        "Net Income Continuous Operations": 5660500000.0,
        "Tax Provision": 1115900000.0,
        "Pretax Income": 6776400000.0,
        "Other Income Expense": -140800000.0,
        "Other Non Operating Income Expenses": -101000000.0,
        "Special Income Charges": -153800000.0,
        "Other Special Charges": 153800000.0,
        "Write Off": 0.0,
        "Impairment Of Capital Assets": NaN,
        "Gain On Sale Of Security": 114000000.0,
        "Net Non Operating Interest Income Expense": -209000000.0,
        "Interest Expense Non Operating": 249000000.0,
        "Interest Income Non Operating": 40000000.0,
        "Operating Income": 7126200000.0,
        "Operating Expense": 5983700000.0,
        "Research And Development": 3336100000.0,
        "Selling General And Administration": 2647600000.0,
        "General And Administrative Expense": 2647600000.0,
        "Other Gand A": 2753000000.0,
        "Salaries And Wages": -105400000.0,
        "Gross Profit": 13109900000.0,
        "Cost Of Revenue": 2447800000.0,
        "Total Revenue": 15557700000.0,
        "Operating Revenue": 15557700000.0
    }
}