{
    "2023-03-31": {
        "Tax Effect Of Unusual Items": NaN,
        "Tax Rate For Calcs": NaN,
        "Total Unusual Items": NaN,
        "Total Unusual Items Excluding Goodwill": NaN,
        "Net Income From Continuing Operation Net Minority Interest": NaN,
        "Reconciled Depreciation": NaN,
        "Net Interest Income": NaN,
        "Interest Expense": NaN,
        "Interest Income": NaN,
        "Normalized Income": NaN,
        "Net Income From Continuing And Discontinued Operation": NaN,
        "Diluted Average Shares": NaN,
        "Basic Average Shares": NaN,
        "Diluted EPS": NaN,
        "Basic EPS": NaN,
        "Diluted NI Availto Com Stockholders": NaN,
        "Net Income Common Stockholders": NaN,
        "Net Income": NaN,
        "Minority Interests": NaN,
        "Net Income Including Noncontrolling Interests": NaN,
        "Net Income Continuous Operations": NaN,
        "Tax Provision": NaN,
        "Pretax Income": NaN,
        "Special Income Charges": NaN,
        "Other Special Charges": -1917.0,
        "Write Off": NaN,
        "Impairment Of Capital Assets": NaN,
        "Gain On Sale Of Security": NaN,
        "Depreciation Amortization Depletion Income Statement": NaN,
        "Depreciation And Amortization In Income Statement": NaN,
        "Selling General And Administration": NaN,
        "Selling And Marketing Expense": NaN,
        "General And Administrative Expense": NaN,
        "Salaries And Wages": NaN,
        "Total Revenue": NaN,
        "Operating Revenue": NaN,
        "Professional Expense And Contract Services Expense": NaN,
        "Other Non Interest Expense": NaN
    },
    "2022-12-31": {
        "Tax Effect Of Unusual Items": NaN,
        "Tax Rate For Calcs": NaN,
        "Total Unusual Items": NaN,
        "Total Unusual Items Excluding Goodwill": NaN,
        "Net Income From Continuing Operation Net Minority Interest": NaN,
        "Reconciled Depreciation": NaN,
        "Net Interest Income": NaN,
        "Interest Expense": 4416.0,
        "Interest Income": NaN,
        "Normalized Income": NaN,
        "Net Income From Continuing And Discontinued Operation": NaN,
        "Diluted Average Shares": NaN,
        "Basic Average Shares": NaN,
        "Diluted EPS": NaN,
        "Basic EPS": NaN,
        "Diluted NI Availto Com Stockholders": NaN,
        "Net Income Common Stockholders": NaN,
        "Net Income": NaN,
        "Minority Interests": NaN,
        "Net Income Including Noncontrolling Interests": NaN,
        "Net Income Continuous Operations": NaN,
        "Tax Provision": NaN,
        "Pretax Income": NaN,
        "Special Income Charges": NaN,
        "Other Special Charges": -20254.0,
        "Write Off": NaN,
        "Impairment Of Capital Assets": NaN,
        "Gain On Sale Of Security": NaN,
        "Depreciation Amortization Depletion Income Statement": NaN,
        "Depreciation And Amortization In Income Statement": NaN,
        "Selling General And Administration": NaN,
        "Selling And Marketing Expense": NaN,
        "General And Administrative Expense": NaN,
        "Salaries And Wages": NaN,
        "Total Revenue": NaN,
        "Operating Revenue": NaN,
        "Professional Expense And Contract Services Expense": NaN,
        "Other Non Interest Expense": NaN
    },
    "2022-09-30": {
        "Tax Effect Of Unusual Items": NaN,
        "Tax Rate For Calcs": NaN,
        "Total Unusual Items": NaN,
        "Total Unusual Items Excluding Goodwill": NaN,
        "Net Income From Continuing Operation Net Minority Interest": NaN,
        "Reconciled Depreciation": NaN,
        "Net Interest Income": NaN,
        "Interest Expense": 0.0,
        "Interest Income": NaN,
        "Normalized Income": NaN,
        "Net Income From Continuing And Discontinued Operation": NaN,
        "Diluted Average Shares": 2181980.0,
        "Basic Average Shares": 2181980.0,
        "Diluted EPS": -3.06,
        "Basic EPS": -3.06,
        "Diluted NI Availto Com Stockholders": NaN,
        "Net Income Common Stockholders": NaN,
        "Net Income": NaN,
        "Minority Interests": NaN,
        "Net Income Including Noncontrolling Interests": NaN,
        "Net Income Continuous Operations": NaN,
        "Tax Provision": NaN,
        "Pretax Income": NaN,
        "Special Income Charges": NaN,
        "Other Special Charges": NaN,
        "Write Off": 0.0,
        "Impairment Of Capital Assets": NaN,
        "Gain On Sale Of Security": NaN,
        "Depreciation Amortization Depletion Income Statement": NaN,
        "Depreciation And Amortization In Income Statement": NaN,
        "Selling General And Administration": NaN,
        "Selling And Marketing Expense": NaN,
        "General And Administrative Expense": NaN,
        "Salaries And Wages": NaN,
        "Total Revenue": NaN,
        "Operating Revenue": NaN
    },
    "2022-06-30": {
        "Tax Effect Of Unusual Items": 0.0,
        "Tax Rate For Calcs": 0.0,
        "Total Unusual Items": -377707.0,
        "Total Unusual Items Excluding Goodwill": -377707.0,
        "Net Income From Continuing Operation Net Minority Interest": 2844340.0,
        "Reconciled Depreciation": 2007.0,
        "Net Interest Income": 193115.0,
        "Interest Expense": 0.0,
        "Interest Income": 193115.0,
        "Normalized Income": 3222047.0,
        "Net Income From Continuing And Discontinued Operation": 2844340.0,
        "Diluted Average Shares": 13091882.0,
        "Basic Average Shares": 13091882.0,
        "Diluted EPS": 0.22,
        "Basic EPS": 0.22,
        "Diluted NI Availto Com Stockholders": 2844340.0,
        "Net Income Common Stockholders": 2844340.0,
        "Net Income": 2844340.0,
        "Minority Interests": -3723797.0,
        "Net Income Including Noncontrolling Interests": 6568137.0,
        "Net Income Continuous Operations": 6568137.0,
        "Tax Provision": 0.0,
        "Pretax Income": 6568137.0,
        "Special Income Charges": -377707.0,
        "Other Special Charges": NaN,
        "Impairment Of Capital Assets": 377707.0,
        "Gain On Sale Of Security": 12237382.0,
        "Depreciation Amortization Depletion Income Statement": 2007.0,
        "Depreciation And Amortization In Income Statement": 2007.0,
        "Selling General And Administration": 4418966.0,
        "Selling And Marketing Expense": 122271.0,
        "General And Administrative Expense": 4296695.0,
        "Salaries And Wages": 4296695.0,
        "Total Revenue": 12562171.0,
        "Operating Revenue": 12562171.0
    },
    "2022-03-31": {
        "Diluted EPS": -0.44,
        "Total Revenue": 0,
        "Gross Profit": 0,
        "Operating Income": -5,
        "EBIT": -5,
        "Net Income": -6
    },
    "2021-12-31": {
        "Diluted EPS": -1.24,
        "Total Revenue": 0,
        "Gross Profit": 0,
        "Operating Income": -4,
        "EBIT": -4,
        "Net Income": -5
    },
    "2021-09-30": {
        "Diluted EPS": -1.01,
        "Total Revenue": 0,
        "Gross Profit": 0,
        "Operating Income": -2,
        "EBIT": -2,
        "Net Income": -5
    },
    "2021-06-30": {
        "Diluted EPS": 2.05,
        "Total Revenue": 0,
        "Gross Profit": 0,
        "Operating Income": 0,
        "EBIT": 0,
        "Net Income": 11
    },
    "2021-03-31": {
        "Diluted EPS": 0.8,
        "Total Revenue": 0,
        "Gross Profit": 0,
        "Operating Income": -2,
        "EBIT": -2,
        "Net Income": 4
    },
    "2020-12-31": {
        "Diluted EPS": 0.33,
        "Total Revenue": 0,
        "Gross Profit": 0,
        "Operating Income": 0,
        "EBIT": 0,
        "Net Income": 0
    },
    "2020-09-30": {
        "Diluted EPS": -1.41,
        "Total Revenue": 0,
        "Gross Profit": 0,
        "Operating Income": -3,
        "EBIT": -3,
        "Net Income": -3
    },
    "2020-06-30": {
        "Diluted EPS": -0.56,
        "Total Revenue": 0,
        "Gross Profit": 0,
        "Operating Income": 0,
        "EBIT": 0,
        "Net Income": 0
    },
    "2020-03-31": {
        "Diluted EPS": -0.85,
        "Total Revenue": 0,
        "Gross Profit": 0,
        "Operating Income": -1,
        "EBIT": -1,
        "Net Income": -1
    },
    "2019-12-31": {
        "Diluted EPS": -2.9,
        "Total Revenue": 1,
        "Gross Profit": 1,
        "Operating Income": -2,
        "EBIT": 0,
        "Net Income": -2
    },
    "2019-09-30": {
        "Diluted EPS": -0.45,
        "Total Revenue": 1,
        "Gross Profit": 1,
        "Operating Income": 0,
        "EBIT": 0,
        "Net Income": 0
    },
    "2019-06-30": {
        "Diluted EPS": -0.7,
        "Total Revenue": 1,
        "Gross Profit": 1,
        "Operating Income": 0,
        "EBIT": 0,
        "Net Income": 0
    },
    "2019-03-31": {
        "Diluted EPS": -0.75,
        "Total Revenue": 1,
        "Gross Profit": 1,
        "Operating Income": 0,
        "EBIT": 0,
        "Net Income": 0
    },
    "2018-12-31": {
        "Diluted EPS": -1.25,
        "Total Revenue": 1,
        "Gross Profit": 1,
        "Operating Income": 0,
        "EBIT": 0,
        "Net Income": 0
    },
    "2018-09-30": {
        "Diluted EPS": -4.7,
        "Total Revenue": 1,
        "Gross Profit": 1,
        "Operating Income": 0,
        "EBIT": 0,
        "Net Income": -1
    },
    "2018-06-30": {
        "Diluted EPS": 3.65,
        "Total Revenue": 1,
        "Gross Profit": 1,
        "Operating Income": 0,
        "EBIT": 0,
        "Net Income": 0
    },
    "2018-03-31": {
        "Diluted EPS": -0.05,
        "Total Revenue": 1,
        "Gross Profit": 1,
        "Operating Income": 0,
        "EBIT": 0,
        "Net Income": 0
    },
    "2017-12-31": {
        "Diluted EPS": -39.15,
        "Total Revenue": 1,
        "Gross Profit": 1,
        "Operating Income": -2,
        "EBIT": -2,
        "Net Income": -3
    },
    "2017-09-30": {
        "Diluted EPS": -71.25,
        "Total Revenue": 1,
        "Gross Profit": 1,
        "Operating Income": 0,
        "EBIT": 0,
        "Net Income": -5
    },
    "2017-06-30": {
        "Diluted EPS": -12.0,
        "Total Revenue": 1,
        "Gross Profit": 1,
        "Operating Income": -1,
        "EBIT": -1,
        "Net Income": -1
    },
    "2017-03-31": {
        "Diluted EPS": -6.0,
        "Total Revenue": 1,
        "Gross Profit": 1,
        "Operating Income": -1,
        "EBIT": 0,
        "Net Income": 0
    },
    "2016-12-31": {
        "Diluted EPS": -8.0,
        "Total Revenue": 1,
        "Gross Profit": 1,
        "Operating Income": -1,
        "EBIT": -1,
        "Net Income": -1
    },
    "2016-09-30": {
        "Diluted EPS": -14.0,
        "Total Revenue": 1,
        "Gross Profit": 1,
        "Operating Income": -1,
        "EBIT": -1,
        "Net Income": -1
    },
    "2016-06-30": {
        "Diluted EPS": -7.5,
        "Total Revenue": 1,
        "Gross Profit": 1,
        "Operating Income": -1,
        "EBIT": -1,
        "Net Income": 0
    },
    "2016-03-31": {
        "Diluted EPS": -6.5,
        "Total Revenue": 2,
        "Gross Profit": 2,
        "Operating Income": -1,
        "EBIT": -1,
        "Net Income": 0
    },
    "2015-12-31": {
        "Diluted EPS": 0.0,
        "Total Revenue": 2,
        "Gross Profit": 2,
        "Operating Income": 0,
        "EBIT": 0,
        "Net Income": NaN
    },
    "2015-09-30": {
        "Diluted EPS": 0.0,
        "Total Revenue": 2,
        "Gross Profit": 2,
        "Operating Income": 1,
        "EBIT": 1,
        "Net Income": NaN
    },
    "2015-06-30": {
        "Diluted EPS": 0.0,
        "Total Revenue": 2,
        "Gross Profit": 2,
        "Operating Income": 1,
        "EBIT": 1,
        "Net Income": NaN
    },
    "2015-03-31": {
        "Diluted EPS": 0.0,
        "Total Revenue": 2,
        "Gross Profit": 2,
        "Operating Income": 1,
        "EBIT": 1,
        "Net Income": NaN
    },
    "2014-12-31": {
        "Diluted EPS": 0.0,
        "Total Revenue": NaN,
        "Gross Profit": NaN,
        "Operating Income": NaN,
        "EBIT": NaN,
        "Net Income": NaN
    },
    "2014-09-30": {
        "Diluted EPS": 0.0,
        "Total Revenue": 2,
        "Gross Profit": 2,
        "Operating Income": 1,
        "EBIT": 1,
        "Net Income": 1
    },
    "2023-06-30": {
        "Tax Effect Of Unusual Items": NaN,
        "Tax Rate For Calcs": NaN,
        "Total Unusual Items": NaN,
        "Total Unusual Items Excluding Goodwill": NaN,
        "Net Income From Continuing Operation Net Minority Interest": NaN,
        "Reconciled Depreciation": NaN,
        "Net Interest Income": NaN,
        "Interest Expense": 0.0,
        "Interest Income": NaN,
        "Normalized Income": NaN,
        "Net Income From Continuing And Discontinued Operation": NaN,
        "Diluted Average Shares": 2189123.0,
        "Basic Average Shares": 2189123.0,
        "Diluted EPS": -2.08,
        "Basic EPS": -2.08,
        "Diluted NI Availto Com Stockholders": NaN,
        "Net Income Common Stockholders": NaN,
        "Net Income": NaN,
        "Minority Interests": NaN,
        "Net Income Including Noncontrolling Interests": NaN,
        "Net Income Continuous Operations": NaN,
        "Tax Provision": NaN,
        "Pretax Income": NaN,
        "Special Income Charges": NaN,
        "Other Special Charges": 10000.0,
        "Write Off": NaN,
        "Impairment Of Capital Assets": NaN,
        "Gain On Sale Of Security": NaN,
        "Depreciation Amortization Depletion Income Statement": NaN,
        "Depreciation And Amortization In Income Statement": NaN,
        "Selling General And Administration": NaN,
        "Selling And Marketing Expense": NaN,
        "General And Administrative Expense": NaN,
        "Salaries And Wages": NaN,
        "Total Revenue": NaN,
        "Operating Revenue": NaN,
        "Professional Expense And Contract Services Expense": NaN,
        "Other Non Interest Expense": NaN
    },
    "2023-09-30": {
        "Tax Effect Of Unusual Items": 0.0,
        "Tax Rate For Calcs": 0.0,
        "Total Unusual Items": -1134175.0,
        "Total Unusual Items Excluding Goodwill": -1134175.0,
        "Net Income From Continuing Operation Net Minority Interest": -4416976.0,
        "Reconciled Depreciation": 1516873.0,
        "Net Interest Income": 39657.0,
        "Interest Expense": 0.0,
        "Interest Income": 39657.0,
        "Normalized Income": -3282801.0,
        "Net Income From Continuing And Discontinued Operation": -4416976.0,
        "Diluted Average Shares": 2246745.0,
        "Basic Average Shares": 2246745.0,
        "Diluted EPS": -1.97,
        "Basic EPS": -1.97,
        "Diluted NI Availto Com Stockholders": -4416976.0,
        "Net Income Common Stockholders": -4416976.0,
        "Net Income": -4416976.0,
        "Minority Interests": 250880.0,
        "Net Income Including Noncontrolling Interests": -4667856.0,
        "Net Income Continuous Operations": -4667856.0,
        "Tax Provision": 0.0,
        "Pretax Income": -4667856.0,
        "Special Income Charges": -1134175.0,
        "Other Special Charges": NaN,
        "Write Off": 750678.0,
        "Impairment Of Capital Assets": 383497.0,
        "Gain On Sale Of Security": -535385.0,
        "Depreciation Amortization Depletion Income Statement": 1516873.0,
        "Depreciation And Amortization In Income Statement": 1516873.0,
        "Selling General And Administration": 1541816.0,
        "Selling And Marketing Expense": 201151.0,
        "General And Administrative Expense": 1340665.0,
        "Salaries And Wages": 1340665.0,
        "Total Revenue": 2925842.0,
        "Operating Revenue": 2925842.0,
        "Professional Expense And Contract Services Expense": 419173.0,
        "Other Non Interest Expense": 2981661.0
    },
    "2023-12-31": {
        "Tax Effect Of Unusual Items": -78462.93,
        "Tax Rate For Calcs": 0.21,
        "Total Unusual Items": -373633.0,
        "Total Unusual Items Excluding Goodwill": -373633.0,
        "Net Income From Continuing Operation Net Minority Interest": -1591767.0,
        "Reconciled Depreciation": 1495614.0,
        "Net Interest Income": 38705.0,
        "Interest Expense": NaN,
        "Interest Income": 38705.0,
        "Normalized Income": -1296596.93,
        "Net Income From Continuing And Discontinued Operation": -1591767.0,
        "Diluted Average Shares": NaN,
        "Basic Average Shares": NaN,
        "Diluted EPS": NaN,
        "Basic EPS": NaN,
        "Diluted NI Availto Com Stockholders": -1591767.0,
        "Net Income Common Stockholders": -1591767.0,
        "Net Income": -1591767.0,
        "Minority Interests": -189208.0,
        "Net Income Including Noncontrolling Interests": -1402559.0,
        "Net Income Continuous Operations": -1402559.0,
        "Tax Provision": 60571.0,
        "Pretax Income": -1341988.0,
        "Special Income Charges": -364244.0,
        "Other Special Charges": 0.0,
        "Write Off": 0.0,
        "Impairment Of Capital Assets": 364244.0,
        "Gain On Sale Of Security": 1317199.0,
        "Depreciation Amortization Depletion Income Statement": 1495614.0,
        "Depreciation And Amortization In Income Statement": 1495614.0,
        "Selling General And Administration": 1290428.0,
        "Selling And Marketing Expense": 168632.0,
        "General And Administrative Expense": 1121796.0,
        "Salaries And Wages": 1121796.0,
        "Total Revenue": 5389587.0,
        "Operating Revenue": 5389587.0,
        "Professional Expense And Contract Services Expense": 634535.0,
        "Other Non Interest Expense": 2983445.0
    },
    "2024-03-31": {
        "Tax Effect Of Unusual Items": 0.0,
        "Tax Rate For Calcs": 0.0,
        "Total Unusual Items": -1196228.0,
        "Total Unusual Items Excluding Goodwill": -1196228.0,
        "Net Income From Continuing Operation Net Minority Interest": 1489745.0,
        "Reconciled Depreciation": 2426068.0,
        "Net Interest Income": -61701.0,
        "Interest Expense": 70826.0,
        "Interest Income": 9125.0,
        "Normalized Income": 2685973.0,
        "Net Income From Continuing And Discontinued Operation": 1489745.0,
        "Diluted Average Shares": 2428203.0,
        "Basic Average Shares": 2428203.0,
        "Diluted EPS": 0.61,
        "Basic EPS": 0.61,
        "Diluted NI Availto Com Stockholders": 1489745.0,
        "Net Income Common Stockholders": 1489745.0,
        "Net Income": 1489745.0,
        "Minority Interests": -414221.0,
        "Net Income Including Noncontrolling Interests": 1903966.0,
        "Net Income Continuous Operations": 1903966.0,
        "Tax Provision": 0.0,
        "Pretax Income": 1903966.0,
        "Special Income Charges": -1188058.0,
        "Other Special Charges": NaN,
        "Write Off": NaN,
        "Impairment Of Capital Assets": 1188058.0,
        "Gain On Sale Of Security": 5664260.0,
        "Depreciation Amortization Depletion Income Statement": 2426068.0,
        "Depreciation And Amortization In Income Statement": 2426068.0,
        "Selling General And Administration": 1420932.0,
        "Selling And Marketing Expense": 177906.0,
        "General And Administrative Expense": 1243026.0,
        "Salaries And Wages": 1243026.0,
        "Total Revenue": 10345557.0,
        "Operating Revenue": 10345557.0,
        "Professional Expense And Contract Services Expense": 509893.0,
        "Other Non Interest Expense": 2896640.0
    },
    "2024-06-30": {
        "Tax Effect Of Unusual Items": 0.0,
        "Tax Rate For Calcs": 0.0,
        "Total Unusual Items": -33887.0,
        "Total Unusual Items Excluding Goodwill": -33887.0,
        "Net Income From Continuing Operation Net Minority Interest": -6072855.0,
        "Reconciled Depreciation": 2339702.0,
        "Net Interest Income": -19665.0,
        "Interest Expense": 36893.0,
        "Interest Income": 17228.0,
        "Normalized Income": -6038968.0,
        "Net Income From Continuing And Discontinued Operation": -6072855.0,
        "Diluted Average Shares": 2485822.0,
        "Basic Average Shares": 2485822.0,
        "Diluted EPS": -2.44,
        "Basic EPS": -2.44,
        "Diluted NI Availto Com Stockholders": -6072855.0,
        "Net Income Common Stockholders": -6072855.0,
        "Net Income": -6072855.0,
        "Minority Interests": 574474.0,
        "Net Income Including Noncontrolling Interests": -6647329.0,
        "Net Income Continuous Operations": -6647329.0,
        "Tax Provision": 0.0,
        "Pretax Income": -6647329.0,
        "Special Income Charges": 0.0,
        "Other Special Charges": NaN,
        "Write Off": NaN,
        "Impairment Of Capital Assets": 0.0,
        "Gain On Sale Of Security": -3115782.0,
        "Depreciation Amortization Depletion Income Statement": 2339702.0,
        "Depreciation And Amortization In Income Statement": 2339702.0,
        "Selling General And Administration": 1033569.0,
        "Selling And Marketing Expense": 195681.0,
        "General And Administrative Expense": 837888.0,
        "Salaries And Wages": 837888.0,
        "Total Revenue": -178403.0,
        "Operating Revenue": -178403.0,
        "Professional Expense And Contract Services Expense": 484335.0,
        "Other Non Interest Expense": 2611320.0
    },
    "2024-09-30": {
        "Tax Effect Of Unusual Items": 0.0,
        "Tax Rate For Calcs": 0.0,
        "Total Unusual Items": -25390.0,
        "Total Unusual Items Excluding Goodwill": -25390.0,
        "Net Income From Continuing Operation Net Minority Interest": -4698074.0,
        "Reconciled Depreciation": 2349634.0,
        "Net Interest Income": -25692.0,
        "Interest Expense": 124035.0,
        "Interest Income": 98343.0,
        "Normalized Income": -4672684.0,
        "Net Income From Continuing And Discontinued Operation": -4698074.0,
        "Diluted Average Shares": 2659974.0,
        "Basic Average Shares": 2659974.0,
        "Diluted EPS": -2.41,
        "Basic EPS": -2.41,
        "Diluted NI Availto Com Stockholders": -4698074.0,
        "Net Income Common Stockholders": -4698074.0,
        "Net Income": -4698074.0,
        "Minority Interests": 105043.0,
        "Net Income Including Noncontrolling Interests": -4803117.0,
        "Net Income Continuous Operations": -4803117.0,
        "Tax Provision": 0.0,
        "Pretax Income": -4803117.0,
        "Special Income Charges": -12941.0,
        "Other Special Charges": NaN,
        "Write Off": 0.0,
        "Impairment Of Capital Assets": 12941.0,
        "Gain On Sale Of Security": -245418.0,
        "Depreciation Amortization Depletion Income Statement": 2349634.0,
        "Depreciation And Amortization In Income Statement": 2349634.0,
        "Selling General And Administration": 1777072.0,
        "Selling And Marketing Expense": 209088.0,
        "General And Administrative Expense": 1567984.0,
        "Salaries And Wages": 1567984.0,
        "Total Revenue": 956860.0,
        "Operating Revenue": 956860.0,
        "Professional Expense And Contract Services Expense": 628686.0,
        "Other Non Interest Expense": 991644.0
    }
}