{
    "2023-06-30": {
        "Tax Effect Of Unusual Items": NaN,
        "Tax Rate For Calcs": NaN,
        "Normalized EBITDA": NaN,
        "Net Income From Continuing Operation Net Minority Interest": NaN,
        "Reconciled Depreciation": NaN,
        "Reconciled Cost Of Revenue": NaN,
        "EBITDA": NaN,
        "EBIT": NaN,
        "Net Interest Income": NaN,
        "Interest Expense": NaN,
        "Normalized Income": NaN,
        "Net Income From Continuing And Discontinued Operation": NaN,
        "Total Expenses": NaN,
        "Total Operating Income As Reported": NaN,
        "Diluted Average Shares": NaN,
        "Basic Average Shares": NaN,
        "Diluted EPS": NaN,
        "Basic EPS": NaN,
        "Diluted NI Availto Com Stockholders": NaN,
        "Net Income Common Stockholders": NaN,
        "Net Income": NaN,
        "Net Income Including Noncontrolling Interests": NaN,
        "Net Income Continuous Operations": NaN,
        "Tax Provision": NaN,
        "Pretax Income": NaN,
        "Other Income Expense": NaN,
        "Other Non Operating Income Expenses": NaN,
        "Net Non Operating Interest Income Expense": NaN,
        "Interest Expense Non Operating": NaN,
        "Operating Income": NaN,
        "Operating Expense": NaN,
        "Other Operating Expenses": NaN,
        "Selling General And Administration": -111000000.0,
        "General And Administrative Expense": -111000000.0,
        "Salaries And Wages": -111000000.0,
        "Gross Profit": NaN,
        "Cost Of Revenue": NaN,
        "Total Revenue": NaN,
        "Operating Revenue": NaN
    },
    "2023-03-31": {
        "Tax Effect Of Unusual Items": NaN,
        "Tax Rate For Calcs": NaN,
        "Normalized EBITDA": NaN,
        "Net Income From Continuing Operation Net Minority Interest": NaN,
        "Reconciled Depreciation": NaN,
        "Reconciled Cost Of Revenue": NaN,
        "EBITDA": NaN,
        "EBIT": NaN,
        "Net Interest Income": NaN,
        "Interest Expense": NaN,
        "Normalized Income": NaN,
        "Net Income From Continuing And Discontinued Operation": NaN,
        "Total Expenses": NaN,
        "Total Operating Income As Reported": NaN,
        "Diluted Average Shares": NaN,
        "Basic Average Shares": NaN,
        "Diluted EPS": NaN,
        "Basic EPS": NaN,
        "Diluted NI Availto Com Stockholders": NaN,
        "Net Income Common Stockholders": NaN,
        "Net Income": NaN,
        "Net Income Including Noncontrolling Interests": NaN,
        "Net Income Continuous Operations": NaN,
        "Tax Provision": NaN,
        "Pretax Income": NaN,
        "Other Income Expense": NaN,
        "Other Non Operating Income Expenses": NaN,
        "Net Non Operating Interest Income Expense": NaN,
        "Interest Expense Non Operating": NaN,
        "Operating Income": NaN,
        "Operating Expense": NaN,
        "Other Operating Expenses": NaN,
        "Selling General And Administration": -110000000.0,
        "General And Administrative Expense": -110000000.0,
        "Salaries And Wages": -110000000.0,
        "Gross Profit": NaN,
        "Cost Of Revenue": NaN,
        "Total Revenue": NaN,
        "Operating Revenue": NaN
    },
    "2022-12-31": {
        "Tax Effect Of Unusual Items": 0.0,
        "Tax Rate For Calcs": 0.126941,
        "Normalized EBITDA": 2831000000.0,
        "Net Income From Continuing Operation Net Minority Interest": 1912000000.0,
        "Reconciled Depreciation": 439000000.0,
        "Reconciled Cost Of Revenue": 16689000000.0,
        "EBITDA": 2831000000.0,
        "EBIT": 2392000000.0,
        "Net Interest Income": -202000000.0,
        "Interest Expense": 202000000.0,
        "Normalized Income": 1912000000.0,
        "Net Income From Continuing And Discontinued Operation": 1912000000.0,
        "Total Expenses": 16628000000.0,
        "Total Operating Income As Reported": 2293000000.0,
        "Diluted Average Shares": 258300000.0,
        "Basic Average Shares": 257100000.0,
        "Diluted EPS": 7.4,
        "Basic EPS": 7.44,
        "Diluted NI Availto Com Stockholders": 1912000000.0,
        "Net Income Common Stockholders": 1912000000.0,
        "Net Income": 1912000000.0,
        "Net Income Including Noncontrolling Interests": 1912000000.0,
        "Net Income Continuous Operations": 1912000000.0,
        "Tax Provision": 278000000.0,
        "Pretax Income": 2190000000.0,
        "Other Income Expense": 29000000.0,
        "Other Non Operating Income Expenses": 29000000.0,
        "Net Non Operating Interest Income Expense": -202000000.0,
        "Interest Expense Non Operating": 202000000.0,
        "Operating Income": 2363000000.0,
        "Operating Expense": NaN,
        "Other Operating Expenses": NaN,
        "Gross Profit": 2302000000.0,
        "Cost Of Revenue": 16689000000.0,
        "Total Revenue": 18991000000.0,
        "Operating Revenue": 18991000000.0
    },
    "2022-09-30": {
        "Tax Effect Of Unusual Items": 0.0,
        "Tax Rate For Calcs": 0.153,
        "Normalized EBITDA": 2537000000.0,
        "Net Income From Continuing Operation Net Minority Interest": 1778000000.0,
        "Reconciled Depreciation": 293000000.0,
        "Reconciled Cost Of Revenue": 14463000000.0,
        "EBITDA": 2537000000.0,
        "EBIT": 2244000000.0,
        "Net Interest Income": -145000000.0,
        "Interest Expense": 145000000.0,
        "Normalized Income": 1778000000.0,
        "Net Income From Continuing And Discontinued Operation": 1778000000.0,
        "Total Expenses": 14463000000.0,
        "Total Operating Income As Reported": 2159000000.0,
        "Diluted Average Shares": 265100000.0,
        "Basic Average Shares": 264100000.0,
        "Diluted EPS": 6.71,
        "Basic EPS": 6.73,
        "Diluted NI Availto Com Stockholders": 1778000000.0,
        "Net Income Common Stockholders": 1778000000.0,
        "Net Income": 1778000000.0,
        "Net Income Including Noncontrolling Interests": 1778000000.0,
        "Net Income Continuous Operations": 1778000000.0,
        "Tax Provision": 321000000.0,
        "Pretax Income": 2099000000.0,
        "Other Income Expense": 124000000.0,
        "Other Non Operating Income Expenses": 124000000.0,
        "Net Non Operating Interest Income Expense": -145000000.0,
        "Interest Expense Non Operating": 145000000.0,
        "Operating Income": 2120000000.0,
        "Operating Expense": NaN,
        "Other Operating Expenses": NaN,
        "Gross Profit": 2120000000.0,
        "Cost Of Revenue": 14463000000.0,
        "Total Revenue": 16583000000.0,
        "Operating Revenue": 16583000000.0
    },
    "2022-06-30": {
        "Tax Effect Of Unusual Items": 0.0,
        "Tax Rate For Calcs": 0.064,
        "Normalized EBITDA": 814000000.0,
        "Net Income From Continuing Operation Net Minority Interest": 309000000.0,
        "Reconciled Depreciation": 343000000.0,
        "Reconciled Cost Of Revenue": 13490000000.0,
        "EBITDA": 814000000.0,
        "EBIT": 471000000.0,
        "Net Interest Income": -141000000.0,
        "Interest Expense": 141000000.0,
        "Normalized Income": 309000000.0,
        "Net Income From Continuing And Discontinued Operation": 309000000.0,
        "Total Expenses": 13483000000.0,
        "Total Operating Income As Reported": 1963000000.0,
        "Diluted Average Shares": 266700000.0,
        "Basic Average Shares": 265800000.0,
        "Diluted EPS": 1.16,
        "Basic EPS": 1.16,
        "Diluted NI Availto Com Stockholders": 309000000.0,
        "Net Income Common Stockholders": 309000000.0,
        "Net Income": 309000000.0,
        "Net Income Including Noncontrolling Interests": 309000000.0,
        "Net Income Continuous Operations": 309000000.0,
        "Tax Provision": 21000000.0,
        "Pretax Income": 330000000.0,
        "Other Income Expense": -1492000000.0,
        "Other Non Operating Income Expenses": -1492000000.0,
        "Net Non Operating Interest Income Expense": -141000000.0,
        "Interest Expense Non Operating": 141000000.0,
        "Operating Income": 1963000000.0,
        "Operating Expense": -7000000.0,
        "Other Operating Expenses": -7000000.0,
        "Gross Profit": 1956000000.0,
        "Cost Of Revenue": 13490000000.0,
        "Total Revenue": 15446000000.0,
        "Operating Revenue": 15446000000.0
    },
    "2022-03-31": {
        "Diluted EPS": 6.44,
        "Total Revenue": NaN,
        "Gross Profit": NaN,
        "Operating Income": NaN,
        "EBIT": NaN,
        "Net Income": NaN
    },
    "2021-12-31": {
        "Diluted EPS": 7.47,
        "Total Revenue": NaN,
        "Gross Profit": NaN,
        "Operating Income": NaN,
        "EBIT": NaN,
        "Net Income": NaN
    },
    "2021-09-30": {
        "Diluted EPS": 2.21,
        "Total Revenue": NaN,
        "Gross Profit": NaN,
        "Operating Income": NaN,
        "EBIT": NaN,
        "Net Income": 614
    },
    "2021-06-30": {
        "Diluted EPS": 6.52,
        "Total Revenue": NaN,
        "Gross Profit": NaN,
        "Operating Income": NaN,
        "EBIT": NaN,
        "Net Income": NaN
    },
    "2021-03-31": {
        "Diluted EPS": 6.56,
        "Total Revenue": NaN,
        "Gross Profit": NaN,
        "Operating Income": NaN,
        "EBIT": NaN,
        "Net Income": NaN
    },
    "2020-12-31": {
        "Diluted EPS": 6.38,
        "Total Revenue": NaN,
        "Gross Profit": NaN,
        "Operating Income": NaN,
        "EBIT": NaN,
        "Net Income": NaN
    },
    "2020-09-30": {
        "Diluted EPS": 6.05,
        "Total Revenue": NaN,
        "Gross Profit": NaN,
        "Operating Income": NaN,
        "EBIT": NaN,
        "Net Income": NaN
    },
    "2020-06-30": {
        "Diluted EPS": 5.79,
        "Total Revenue": NaN,
        "Gross Profit": NaN,
        "Operating Income": NaN,
        "EBIT": NaN,
        "Net Income": NaN
    },
    "2020-03-31": {
        "Diluted EPS": 6.08,
        "Total Revenue": NaN,
        "Gross Profit": NaN,
        "Operating Income": NaN,
        "EBIT": NaN,
        "Net Income": NaN
    },
    "2019-12-31": {
        "Diluted EPS": 5.3,
        "Total Revenue": NaN,
        "Gross Profit": NaN,
        "Operating Income": NaN,
        "EBIT": NaN,
        "Net Income": NaN
    },
    "2019-09-30": {
        "Diluted EPS": 5.66,
        "Total Revenue": NaN,
        "Gross Profit": NaN,
        "Operating Income": NaN,
        "EBIT": NaN,
        "Net Income": NaN
    },
    "2019-06-30": {
        "Diluted EPS": 5.0,
        "Total Revenue": NaN,
        "Gross Profit": NaN,
        "Operating Income": NaN,
        "EBIT": NaN,
        "Net Income": NaN
    },
    "2019-03-31": {
        "Diluted EPS": 5.99,
        "Total Revenue": NaN,
        "Gross Profit": NaN,
        "Operating Income": NaN,
        "EBIT": NaN,
        "Net Income": NaN
    },
    "2018-12-31": {
        "Diluted EPS": 4.38,
        "Total Revenue": NaN,
        "Gross Profit": NaN,
        "Operating Income": NaN,
        "EBIT": NaN,
        "Net Income": NaN
    },
    "2018-09-30": {
        "Diluted EPS": 5.14,
        "Total Revenue": NaN,
        "Gross Profit": NaN,
        "Operating Income": NaN,
        "EBIT": NaN,
        "Net Income": NaN
    },
    "2018-06-30": {
        "Diluted EPS": 4.05,
        "Total Revenue": NaN,
        "Gross Profit": NaN,
        "Operating Income": NaN,
        "EBIT": NaN,
        "Net Income": NaN
    },
    "2018-03-31": {
        "Diluted EPS": 4.02,
        "Total Revenue": NaN,
        "Gross Profit": NaN,
        "Operating Income": NaN,
        "EBIT": NaN,
        "Net Income": NaN
    },
    "2017-12-31": {
        "Diluted EPS": -2.54,
        "Total Revenue": NaN,
        "Gross Profit": NaN,
        "Operating Income": NaN,
        "EBIT": NaN,
        "Net Income": -744
    },
    "2017-09-30": {
        "Diluted EPS": 3.32,
        "Total Revenue": NaN,
        "Gross Profit": NaN,
        "Operating Income": NaN,
        "EBIT": NaN,
        "Net Income": 963
    },
    "2017-06-30": {
        "Diluted EPS": 3.28,
        "Total Revenue": NaN,
        "Gross Profit": NaN,
        "Operating Income": NaN,
        "EBIT": NaN,
        "Net Income": 955
    },
    "2017-03-31": {
        "Diluted EPS": 2.69,
        "Total Revenue": NaN,
        "Gross Profit": NaN,
        "Operating Income": NaN,
        "EBIT": NaN,
        "Net Income": 789
    },
    "2016-12-31": {
        "Diluted EPS": 2.91,
        "Total Revenue": NaN,
        "Gross Profit": NaN,
        "Operating Income": NaN,
        "EBIT": NaN,
        "Net Income": 859
    },
    "2016-09-30": {
        "Diluted EPS": 7.93,
        "Total Revenue": NaN,
        "Gross Profit": NaN,
        "Operating Income": NaN,
        "EBIT": NaN,
        "Net Income": NaN
    },
    "2016-06-30": {
        "Diluted EPS": 3.32,
        "Total Revenue": NaN,
        "Gross Profit": NaN,
        "Operating Income": NaN,
        "EBIT": NaN,
        "Net Income": NaN
    },
    "2016-03-31": {
        "Diluted EPS": 2.91,
        "Total Revenue": NaN,
        "Gross Profit": NaN,
        "Operating Income": NaN,
        "EBIT": NaN,
        "Net Income": 898
    },
    "2015-12-31": {
        "Diluted EPS": 3.01,
        "Total Revenue": NaN,
        "Gross Profit": 761,
        "Operating Income": 719,
        "EBIT": NaN,
        "Net Income": 933
    },
    "2015-09-30": {
        "Diluted EPS": 2.77,
        "Total Revenue": NaN,
        "Gross Profit": NaN,
        "Operating Income": NaN,
        "EBIT": NaN,
        "Net Income": 865
    },
    "2015-06-30": {
        "Diluted EPS": 2.94,
        "Total Revenue": NaN,
        "Gross Profit": NaN,
        "Operating Income": NaN,
        "EBIT": NaN,
        "Net Income": 929
    },
    "2015-03-31": {
        "Diluted EPS": 2.74,
        "Total Revenue": NaN,
        "Gross Profit": NaN,
        "Operating Income": NaN,
        "EBIT": NaN,
        "Net Income": 878
    },
    "2014-12-31": {
        "Diluted EPS": 2.82,
        "Total Revenue": NaN,
        "Gross Profit": 696,
        "Operating Income": 762,
        "EBIT": NaN,
        "Net Income": 904
    },
    "2014-09-30": {
        "Diluted EPS": 2.76,
        "Total Revenue": NaN,
        "Gross Profit": NaN,
        "Operating Income": NaN,
        "EBIT": NaN,
        "Net Income": 888
    },
    "2014-06-30": {
        "Diluted EPS": 2.76,
        "Total Revenue": NaN,
        "Gross Profit": NaN,
        "Operating Income": NaN,
        "EBIT": NaN,
        "Net Income": 889
    },
    "2014-03-31": {
        "Diluted EPS": 2.87,
        "Total Revenue": NaN,
        "Gross Profit": NaN,
        "Operating Income": NaN,
        "EBIT": NaN,
        "Net Income": 933
    },
    "2013-12-31": {
        "Diluted EPS": 1.5,
        "Total Revenue": NaN,
        "Gross Profit": 738,
        "Operating Income": 834,
        "EBIT": NaN,
        "Net Income": 488
    },
    "2013-09-30": {
        "Diluted EPS": 2.66,
        "Total Revenue": NaN,
        "Gross Profit": NaN,
        "Operating Income": NaN,
        "EBIT": NaN,
        "Net Income": 873
    },
    "2013-06-30": {
        "Diluted EPS": 2.64,
        "Total Revenue": NaN,
        "Gross Profit": NaN,
        "Operating Income": NaN,
        "EBIT": NaN,
        "Net Income": 859
    },
    "2013-03-31": {
        "Diluted EPS": 2.33,
        "Total Revenue": NaN,
        "Gross Profit": NaN,
        "Operating Income": NaN,
        "EBIT": NaN,
        "Net Income": 761
    },
    "2012-12-31": {
        "Diluted EPS": 1.74,
        "Total Revenue": NaN,
        "Gross Profit": 995,
        "Operating Income": NaN,
        "EBIT": NaN,
        "Net Income": 569
    },
    "2012-09-30": {
        "Diluted EPS": 2.21,
        "Total Revenue": NaN,
        "Gross Profit": NaN,
        "Operating Income": NaN,
        "EBIT": NaN,
        "Net Income": 727
    },
    "2012-06-30": {
        "Diluted EPS": 2.38,
        "Total Revenue": NaN,
        "Gross Profit": NaN,
        "Operating Income": NaN,
        "EBIT": NaN,
        "Net Income": 781
    },
    "2012-03-31": {
        "Diluted EPS": 2.03,
        "Total Revenue": NaN,
        "Gross Profit": NaN,
        "Operating Income": NaN,
        "EBIT": NaN,
        "Net Income": 668
    },
    "2011-12-31": {
        "Diluted EPS": 2.07,
        "Total Revenue": NaN,
        "Gross Profit": NaN,
        "Operating Income": NaN,
        "EBIT": NaN,
        "Net Income": 683
    },
    "2011-09-30": {
        "Diluted EPS": 2.1,
        "Total Revenue": NaN,
        "Gross Profit": 996,
        "Operating Income": NaN,
        "EBIT": NaN,
        "Net Income": 700
    },
    "2011-06-30": {
        "Diluted EPS": 2.14,
        "Total Revenue": NaN,
        "Gross Profit": 906,
        "Operating Income": 993,
        "EBIT": NaN,
        "Net Income": 742
    },
    "2011-03-31": {
        "Diluted EPS": 1.5,
        "Total Revenue": NaN,
        "Gross Profit": 814,
        "Operating Income": 864,
        "EBIT": NaN,
        "Net Income": 530
    },
    "2010-12-31": {
        "Diluted EPS": 2.64,
        "Total Revenue": NaN,
        "Gross Profit": NaN,
        "Operating Income": NaN,
        "EBIT": NaN,
        "Net Income": 961
    },
    "2010-09-30": {
        "Diluted EPS": 1.54,
        "Total Revenue": NaN,
        "Gross Profit": 789,
        "Operating Income": 877,
        "EBIT": NaN,
        "Net Income": 560
    },
    "2010-06-30": {
        "Diluted EPS": 2.22,
        "Total Revenue": NaN,
        "Gross Profit": NaN,
        "Operating Income": NaN,
        "EBIT": NaN,
        "Net Income": 824
    },
    "2010-03-31": {
        "Diluted EPS": 1.41,
        "Total Revenue": NaN,
        "Gross Profit": 896,
        "Operating Income": 938,
        "EBIT": NaN,
        "Net Income": 533
    },
    "2009-12-31": {
        "Diluted EPS": 2.01,
        "Total Revenue": NaN,
        "Gross Profit": NaN,
        "Operating Income": NaN,
        "EBIT": NaN,
        "Net Income": 776
    },
    "2009-09-30": {
        "Diluted EPS": 2.07,
        "Total Revenue": NaN,
        "Gross Profit": 986,
        "Operating Income": NaN,
        "EBIT": NaN,
        "Net Income": 797
    },
    "2009-06-30": {
        "Diluted EPS": 1.88,
        "Total Revenue": NaN,
        "Gross Profit": NaN,
        "Operating Income": NaN,
        "EBIT": NaN,
        "Net Income": 734
    },
    "2009-03-31": {
        "Diluted EPS": 1.68,
        "Total Revenue": NaN,
        "Gross Profit": NaN,
        "Operating Income": NaN,
        "EBIT": NaN,
        "Net Income": 666
    },
    "2023-09-30": {
        "Tax Effect Of Unusual Items": NaN,
        "Tax Rate For Calcs": NaN,
        "Normalized EBITDA": NaN,
        "Net Income From Continuing Operation Net Minority Interest": NaN,
        "Reconciled Depreciation": NaN,
        "Reconciled Cost Of Revenue": NaN,
        "EBITDA": NaN,
        "EBIT": NaN,
        "Net Interest Income": NaN,
        "Interest Expense": NaN,
        "Normalized Income": NaN,
        "Net Income From Continuing And Discontinued Operation": NaN,
        "Total Expenses": NaN,
        "Total Operating Income As Reported": NaN,
        "Diluted Average Shares": 250200000.0,
        "Basic Average Shares": 249300000.0,
        "Diluted EPS": 6.73,
        "Basic EPS": 6.75,
        "Diluted NI Availto Com Stockholders": NaN,
        "Net Income Common Stockholders": NaN,
        "Net Income": NaN,
        "Net Income Including Noncontrolling Interests": NaN,
        "Net Income Continuous Operations": NaN,
        "Tax Provision": NaN,
        "Pretax Income": NaN,
        "Other Income Expense": NaN,
        "Other Non Operating Income Expenses": NaN,
        "Net Non Operating Interest Income Expense": NaN,
        "Interest Expense Non Operating": NaN,
        "Operating Income": NaN,
        "Operating Expense": NaN,
        "Other Operating Expenses": NaN,
        "Selling General And Administration": NaN,
        "General And Administrative Expense": NaN,
        "Salaries And Wages": NaN,
        "Gross Profit": NaN,
        "Cost Of Revenue": NaN,
        "Total Revenue": NaN,
        "Operating Revenue": NaN
    },
    "2023-12-31": {
        "Tax Effect Of Unusual Items": 0.0,
        "Tax Rate For Calcs": 0.13007,
        "Normalized EBITDA": 2820000000.0,
        "Net Income From Continuing Operation Net Minority Interest": 1866000000.0,
        "Reconciled Depreciation": 421000000.0,
        "Reconciled Cost Of Revenue": 16579000000.0,
        "EBITDA": 2820000000.0,
        "EBIT": 2399000000.0,
        "Net Interest Income": -254000000.0,
        "Interest Expense": 254000000.0,
        "Normalized Income": 1866000000.0,
        "Net Income From Continuing And Discontinued Operation": 1866000000.0,
        "Total Expenses": 16581000000.0,
        "Total Operating Income As Reported": 2293000000.0,
        "Diluted Average Shares": 246100000.0,
        "Basic Average Shares": 245200000.0,
        "Diluted EPS": 7.58,
        "Basic EPS": 7.61,
        "Diluted NI Availto Com Stockholders": 1866000000.0,
        "Net Income Common Stockholders": 1866000000.0,
        "Net Income": 1866000000.0,
        "Net Income Including Noncontrolling Interests": 1866000000.0,
        "Net Income Continuous Operations": 1866000000.0,
        "Tax Provision": 279000000.0,
        "Pretax Income": 2145000000.0,
        "Other Income Expense": 106000000.0,
        "Other Non Operating Income Expenses": 106000000.0,
        "Net Non Operating Interest Income Expense": -254000000.0,
        "Interest Expense Non Operating": 254000000.0,
        "Operating Income": 2293000000.0,
        "Operating Expense": 2000000.0,
        "Other Operating Expenses": 2000000.0,
        "Selling General And Administration": NaN,
        "General And Administrative Expense": NaN,
        "Salaries And Wages": NaN,
        "Gross Profit": 2295000000.0,
        "Cost Of Revenue": 16579000000.0,
        "Total Revenue": 18874000000.0,
        "Operating Revenue": 18874000000.0
    },
    "2024-03-31": {
        "Tax Effect Of Unusual Items": NaN,
        "Tax Rate For Calcs": NaN,
        "Normalized EBITDA": NaN,
        "Net Income From Continuing Operation Net Minority Interest": NaN,
        "Reconciled Depreciation": NaN,
        "Reconciled Cost Of Revenue": NaN,
        "EBITDA": NaN,
        "EBIT": NaN,
        "Net Interest Income": NaN,
        "Interest Expense": NaN,
        "Normalized Income": NaN,
        "Net Income From Continuing And Discontinued Operation": NaN,
        "Total Expenses": NaN,
        "Total Operating Income As Reported": NaN,
        "Diluted Average Shares": NaN,
        "Basic Average Shares": NaN,
        "Diluted EPS": NaN,
        "Basic EPS": NaN,
        "Diluted NI Availto Com Stockholders": NaN,
        "Net Income Common Stockholders": NaN,
        "Net Income": NaN,
        "Net Income Including Noncontrolling Interests": NaN,
        "Net Income Continuous Operations": NaN,
        "Tax Provision": NaN,
        "Pretax Income": NaN,
        "Other Income Expense": NaN,
        "Other Non Operating Income Expenses": NaN,
        "Net Non Operating Interest Income Expense": NaN,
        "Interest Expense Non Operating": NaN,
        "Operating Income": NaN,
        "Operating Expense": NaN,
        "Other Operating Expenses": NaN,
        "Selling General And Administration": -16000000.0,
        "General And Administrative Expense": -16000000.0,
        "Salaries And Wages": -16000000.0,
        "Gross Profit": NaN,
        "Cost Of Revenue": NaN,
        "Total Revenue": NaN,
        "Operating Revenue": NaN
    },
    "2024-06-30": {
        "Tax Effect Of Unusual Items": NaN,
        "Tax Rate For Calcs": NaN,
        "Normalized EBITDA": NaN,
        "Net Income From Continuing Operation Net Minority Interest": NaN,
        "Reconciled Depreciation": NaN,
        "Reconciled Cost Of Revenue": NaN,
        "EBITDA": NaN,
        "EBIT": NaN,
        "Net Interest Income": NaN,
        "Interest Expense": NaN,
        "Normalized Income": NaN,
        "Net Income From Continuing And Discontinued Operation": NaN,
        "Total Expenses": NaN,
        "Total Operating Income As Reported": NaN,
        "Diluted Average Shares": NaN,
        "Basic Average Shares": NaN,
        "Diluted EPS": NaN,
        "Basic EPS": NaN,
        "Diluted NI Availto Com Stockholders": NaN,
        "Net Income Common Stockholders": NaN,
        "Net Income": NaN,
        "Net Income Including Noncontrolling Interests": NaN,
        "Net Income Continuous Operations": NaN,
        "Tax Provision": NaN,
        "Pretax Income": NaN,
        "Other Income Expense": NaN,
        "Other Non Operating Income Expenses": NaN,
        "Net Non Operating Interest Income Expense": NaN,
        "Interest Expense Non Operating": NaN,
        "Operating Income": NaN,
        "Operating Expense": NaN,
        "Other Operating Expenses": NaN,
        "Selling General And Administration": -15000000.0,
        "General And Administrative Expense": -15000000.0,
        "Salaries And Wages": -15000000.0,
        "Gross Profit": NaN,
        "Cost Of Revenue": NaN,
        "Total Revenue": NaN,
        "Operating Revenue": NaN
    },
    "2024-09-30": {
        "Tax Effect Of Unusual Items": 0.0,
        "Tax Rate For Calcs": 0.153806,
        "Normalized EBITDA": 2564000000.0,
        "Net Income From Continuing Operation Net Minority Interest": 1623000000.0,
        "Reconciled Depreciation": 390000000.0,
        "Reconciled Cost Of Revenue": 14987000000.0,
        "EBITDA": 2564000000.0,
        "EBIT": 2174000000.0,
        "Net Interest Income": -256000000.0,
        "Interest Expense": 256000000.0,
        "Normalized Income": 1623000000.0,
        "Net Income From Continuing And Discontinued Operation": 1623000000.0,
        "Total Expenses": 14964000000.0,
        "Total Operating Income As Reported": 2140000000.0,
        "Diluted Average Shares": 238600000.0,
        "Basic Average Shares": 237500000.0,
        "Diluted EPS": 6.8,
        "Basic EPS": 6.83,
        "Diluted NI Availto Com Stockholders": 1623000000.0,
        "Net Income Common Stockholders": 1623000000.0,
        "Net Income": 1623000000.0,
        "Net Income Including Noncontrolling Interests": 1623000000.0,
        "Net Income Continuous Operations": 1623000000.0,
        "Tax Provision": 295000000.0,
        "Pretax Income": 1918000000.0,
        "Other Income Expense": 34000000.0,
        "Other Non Operating Income Expenses": 34000000.0,
        "Net Non Operating Interest Income Expense": -256000000.0,
        "Interest Expense Non Operating": 256000000.0,
        "Operating Income": 2140000000.0,
        "Operating Expense": -23000000.0,
        "Other Operating Expenses": -23000000.0,
        "Selling General And Administration": NaN,
        "General And Administrative Expense": NaN,
        "Salaries And Wages": NaN,
        "Gross Profit": 2117000000.0,
        "Cost Of Revenue": 14987000000.0,
        "Total Revenue": 17104000000.0,
        "Operating Revenue": 17104000000.0
    },
    "2024-12-31": {
        "Tax Effect Of Unusual Items": 0.0,
        "Tax Rate For Calcs": 0.21,
        "Normalized EBITDA": 1242000000.0,
        "Net Income From Continuing Operation Net Minority Interest": 527000000.0,
        "Reconciled Depreciation": 459000000.0,
        "Reconciled Cost Of Revenue": 17932000000.0,
        "EBITDA": 1242000000.0,
        "EBIT": 783000000.0,
        "Net Interest Income": -264000000.0,
        "Interest Expense": 264000000.0,
        "Normalized Income": 527000000.0,
        "Net Income From Continuing And Discontinued Operation": 527000000.0,
        "Total Expenses": 17926000000.0,
        "Total Operating Income As Reported": 696000000.0,
        "Diluted Average Shares": 237000000.0,
        "Basic Average Shares": 236000000.0,
        "Diluted EPS": 2.22,
        "Basic EPS": 2.23,
        "Diluted NI Availto Com Stockholders": 527000000.0,
        "Net Income Common Stockholders": 527000000.0,
        "Net Income": 527000000.0,
        "Net Income Including Noncontrolling Interests": 527000000.0,
        "Net Income Continuous Operations": 527000000.0,
        "Tax Provision": -8000000.0,
        "Pretax Income": 519000000.0,
        "Other Income Expense": 87000000.0,
        "Other Non Operating Income Expenses": 87000000.0,
        "Net Non Operating Interest Income Expense": -264000000.0,
        "Interest Expense Non Operating": 264000000.0,
        "Operating Income": 696000000.0,
        "Operating Expense": -6000000.0,
        "Other Operating Expenses": -6000000.0,
        "Selling General And Administration": NaN,
        "General And Administrative Expense": NaN,
        "Salaries And Wages": NaN,
        "Gross Profit": 690000000.0,
        "Cost Of Revenue": 17932000000.0,
        "Total Revenue": 18622000000.0,
        "Operating Revenue": 18622000000.0
    },
    "2025-03-31": {
        "Tax Effect Of Unusual Items": 0.0,
        "Tax Rate For Calcs": 0.159,
        "Normalized EBITDA": 2701000000.0,
        "Net Income From Continuing Operation Net Minority Interest": 1712000000.0,
        "Reconciled Depreciation": 397000000.0,
        "Reconciled Cost Of Revenue": 15640000000.0,
        "EBITDA": 2701000000.0,
        "EBIT": 2304000000.0,
        "Net Interest Income": -268000000.0,
        "Interest Expense": 268000000.0,
        "Normalized Income": 1712000000.0,
        "Net Income From Continuing And Discontinued Operation": 1712000000.0,
        "Total Expenses": 15591000000.0,
        "Total Operating Income As Reported": 2372000000.0,
        "Diluted Average Shares": 235300000.0,
        "Basic Average Shares": 234400000.0,
        "Diluted EPS": 7.28,
        "Basic EPS": 7.3,
        "Diluted NI Availto Com Stockholders": 1712000000.0,
        "Net Income Common Stockholders": 1712000000.0,
        "Net Income": 1712000000.0,
        "Net Income Including Noncontrolling Interests": 1712000000.0,
        "Net Income Continuous Operations": 1712000000.0,
        "Tax Provision": 324000000.0,
        "Pretax Income": 2036000000.0,
        "Other Income Expense": -68000000.0,
        "Other Non Operating Income Expenses": -68000000.0,
        "Net Non Operating Interest Income Expense": -268000000.0,
        "Interest Expense Non Operating": 268000000.0,
        "Operating Income": 2372000000.0,
        "Operating Expense": -49000000.0,
        "Other Operating Expenses": -49000000.0,
        "Selling General And Administration": NaN,
        "General And Administrative Expense": NaN,
        "Salaries And Wages": NaN,
        "Gross Profit": 2323000000.0,
        "Cost Of Revenue": 15640000000.0,
        "Total Revenue": 17963000000.0,
        "Operating Revenue": 17963000000.0
    },
    "2025-06-30": {
        "Tax Effect Of Unusual Items": 0.0,
        "Tax Rate For Calcs": 0.179856,
        "Normalized EBITDA": 1090000000.0,
        "Net Income From Continuing Operation Net Minority Interest": 342000000.0,
        "Reconciled Depreciation": 399000000.0,
        "Reconciled Cost Of Revenue": 17421000000.0,
        "EBITDA": 1090000000.0,
        "EBIT": 691000000.0,
        "Net Interest Income": -274000000.0,
        "Interest Expense": 274000000.0,
        "Normalized Income": 342000000.0,
        "Net Income From Continuing And Discontinued Operation": 342000000.0,
        "Total Expenses": 17407000000.0,
        "Total Operating Income As Reported": 748000000.0,
        "Diluted Average Shares": 234300000.0,
        "Basic Average Shares": 233500000.0,
        "Diluted EPS": 1.46,
        "Basic EPS": 1.46,
        "Diluted NI Availto Com Stockholders": 342000000.0,
        "Net Income Common Stockholders": 342000000.0,
        "Net Income": 342000000.0,
        "Net Income Including Noncontrolling Interests": 342000000.0,
        "Net Income Continuous Operations": 342000000.0,
        "Tax Provision": 75000000.0,
        "Pretax Income": 417000000.0,
        "Other Income Expense": -57000000.0,
        "Other Non Operating Income Expenses": -57000000.0,
        "Net Non Operating Interest Income Expense": -274000000.0,
        "Interest Expense Non Operating": 274000000.0,
        "Operating Income": 748000000.0,
        "Operating Expense": -14000000.0,
        "Other Operating Expenses": -14000000.0,
        "Selling General And Administration": 99000000.0,
        "General And Administrative Expense": 99000000.0,
        "Salaries And Wages": 99000000.0,
        "Gross Profit": 734000000.0,
        "Cost Of Revenue": 17421000000.0,
        "Total Revenue": 18155000000.0,
        "Operating Revenue": 18155000000.0
    },
    "2025-09-30": {
        "Tax Effect Of Unusual Items": 0.0,
        "Tax Rate For Calcs": 0.164603,
        "Normalized EBITDA": 2652000000.0,
        "Net Income From Continuing Operation Net Minority Interest": 1619000000.0,
        "Reconciled Depreciation": 428000000.0,
        "Reconciled Cost Of Revenue": 16369000000.0,
        "EBITDA": 2652000000.0,
        "EBIT": 2224000000.0,
        "Net Interest Income": -286000000.0,
        "Interest Expense": 286000000.0,
        "Normalized Income": 1619000000.0,
        "Net Income From Continuing And Discontinued Operation": 1619000000.0,
        "Total Expenses": 16329000000.0,
        "Total Operating Income As Reported": 2280000000.0,
        "Diluted Average Shares": 232800000.0,
        "Basic Average Shares": 231900000.0,
        "Diluted EPS": 6.95,
        "Basic EPS": 6.98,
        "Diluted NI Availto Com Stockholders": 1619000000.0,
        "Net Income Common Stockholders": 1619000000.0,
        "Net Income": 1619000000.0,
        "Net Income Including Noncontrolling Interests": 1619000000.0,
        "Net Income Continuous Operations": 1619000000.0,
        "Tax Provision": 319000000.0,
        "Pretax Income": 1938000000.0,
        "Other Income Expense": -56000000.0,
        "Other Non Operating Income Expenses": -56000000.0,
        "Net Non Operating Interest Income Expense": -286000000.0,
        "Interest Expense Non Operating": 286000000.0,
        "Operating Income": 2280000000.0,
        "Operating Expense": -40000000.0,
        "Other Operating Expenses": -40000000.0,
        "Selling General And Administration": NaN,
        "General And Administrative Expense": NaN,
        "Salaries And Wages": NaN,
        "Gross Profit": 2240000000.0,
        "Cost Of Revenue": 16369000000.0,
        "Total Revenue": 18609000000.0,
        "Operating Revenue": 18609000000.0
    }
}