{
    "2023-03-31": {
        "Tax Effect Of Unusual Items": NaN,
        "Tax Rate For Calcs": NaN,
        "Total Unusual Items": NaN,
        "Total Unusual Items Excluding Goodwill": NaN,
        "Net Income From Continuing Operation Net Minority Interest": NaN,
        "EBIT": NaN,
        "Net Interest Income": NaN,
        "Interest Expense": NaN,
        "Normalized Income": NaN,
        "Net Income From Continuing And Discontinued Operation": NaN,
        "Total Expenses": NaN,
        "Diluted Average Shares": NaN,
        "Basic Average Shares": NaN,
        "Diluted EPS": NaN,
        "Basic EPS": NaN,
        "Diluted NI Availto Com Stockholders": NaN,
        "Average Dilution Earnings": -3000000.0,
        "Net Income Common Stockholders": NaN,
        "Otherunder Preferred Stock Dividend": 1254690000.0,
        "Preferred Stock Dividends": NaN,
        "Net Income": NaN,
        "Net Income Including Noncontrolling Interests": NaN,
        "Net Income Continuous Operations": NaN,
        "Tax Provision": NaN,
        "Pretax Income": NaN,
        "Other Income Expense": NaN,
        "Special Income Charges": NaN,
        "Other Special Charges": NaN,
        "Impairment Of Capital Assets": NaN,
        "Net Non Operating Interest Income Expense": NaN,
        "Interest Expense Non Operating": NaN,
        "Other Operating Expenses": NaN,
        "Total Revenue": NaN,
        "Operating Revenue": NaN,
        "Loss Adjustment Expense": NaN,
        "Net Policyholder Benefits And Claims": NaN,
        "Policyholder Benefits Gross": NaN
    },
    "2022-12-31": {
        "Tax Effect Of Unusual Items": NaN,
        "Tax Rate For Calcs": NaN,
        "Total Unusual Items": 0.0,
        "Total Unusual Items Excluding Goodwill": 0.0,
        "Net Income From Continuing Operation Net Minority Interest": NaN,
        "EBIT": NaN,
        "Net Interest Income": NaN,
        "Interest Expense": NaN,
        "Normalized Income": NaN,
        "Net Income From Continuing And Discontinued Operation": NaN,
        "Total Expenses": NaN,
        "Diluted Average Shares": NaN,
        "Basic Average Shares": NaN,
        "Diluted EPS": NaN,
        "Basic EPS": NaN,
        "Diluted NI Availto Com Stockholders": NaN,
        "Average Dilution Earnings": NaN,
        "Net Income Common Stockholders": NaN,
        "Otherunder Preferred Stock Dividend": NaN,
        "Preferred Stock Dividends": NaN,
        "Net Income": NaN,
        "Net Income Including Noncontrolling Interests": NaN,
        "Net Income Continuous Operations": NaN,
        "Tax Provision": NaN,
        "Pretax Income": NaN,
        "Other Income Expense": NaN,
        "Special Income Charges": 0.0,
        "Other Special Charges": NaN,
        "Impairment Of Capital Assets": 0.0,
        "Net Non Operating Interest Income Expense": NaN,
        "Interest Expense Non Operating": NaN,
        "Other Operating Expenses": NaN,
        "Total Revenue": NaN,
        "Operating Revenue": NaN,
        "Loss Adjustment Expense": NaN,
        "Net Policyholder Benefits And Claims": NaN,
        "Policyholder Benefits Gross": NaN
    },
    "2022-09-30": {
        "Tax Effect Of Unusual Items": NaN,
        "Tax Rate For Calcs": NaN,
        "Total Unusual Items": -634000000.0,
        "Total Unusual Items Excluding Goodwill": -634000000.0,
        "Net Income From Continuing Operation Net Minority Interest": NaN,
        "EBIT": NaN,
        "Net Interest Income": NaN,
        "Interest Expense": NaN,
        "Normalized Income": NaN,
        "Net Income From Continuing And Discontinued Operation": NaN,
        "Total Expenses": NaN,
        "Diluted Average Shares": NaN,
        "Basic Average Shares": NaN,
        "Diluted EPS": NaN,
        "Basic EPS": NaN,
        "Diluted NI Availto Com Stockholders": NaN,
        "Average Dilution Earnings": NaN,
        "Net Income Common Stockholders": NaN,
        "Otherunder Preferred Stock Dividend": 1000000.0,
        "Preferred Stock Dividends": NaN,
        "Net Income": NaN,
        "Net Income Including Noncontrolling Interests": NaN,
        "Net Income Continuous Operations": NaN,
        "Tax Provision": NaN,
        "Pretax Income": NaN,
        "Other Income Expense": NaN,
        "Special Income Charges": -634000000.0,
        "Impairment Of Capital Assets": 634000000.0,
        "Net Non Operating Interest Income Expense": NaN,
        "Interest Expense Non Operating": NaN,
        "Other Operating Expenses": NaN,
        "Total Revenue": NaN,
        "Operating Revenue": NaN
    },
    "2022-06-30": {
        "Tax Effect Of Unusual Items": 0.0,
        "Tax Rate For Calcs": 0.115242,
        "Total Unusual Items": NaN,
        "Total Unusual Items Excluding Goodwill": NaN,
        "Net Income From Continuing Operation Net Minority Interest": 238000000.0,
        "EBIT": 337000000.0,
        "Net Interest Income": -68000000.0,
        "Interest Expense": 68000000.0,
        "Normalized Income": 238000000.0,
        "Net Income From Continuing And Discontinued Operation": 238000000.0,
        "Total Expenses": 4835000000.0,
        "Diluted Average Shares": 172706993.0,
        "Basic Average Shares": 171130192.0,
        "Diluted EPS": 4.83,
        "Basic EPS": 4.91,
        "Diluted NI Availto Com Stockholders": 231000000.0,
        "Average Dilution Earnings": -7000000.0,
        "Net Income Common Stockholders": 238000000.0,
        "Otherunder Preferred Stock Dividend": NaN,
        "Preferred Stock Dividends": NaN,
        "Net Income": 238000000.0,
        "Net Income Including Noncontrolling Interests": 238000000.0,
        "Net Income Continuous Operations": 238000000.0,
        "Tax Provision": 31000000.0,
        "Pretax Income": 269000000.0,
        "Other Income Expense": 209000000.0,
        "Special Income Charges": NaN,
        "Impairment Of Capital Assets": NaN,
        "Net Non Operating Interest Income Expense": -68000000.0,
        "Interest Expense Non Operating": 68000000.0,
        "Other Operating Expenses": 44000000.0,
        "Total Revenue": 5104000000.0,
        "Operating Revenue": 5104000000.0
    },
    "2023-06-30": {
        "Tax Effect Of Unusual Items": NaN,
        "Tax Rate For Calcs": NaN,
        "Total Unusual Items": NaN,
        "Total Unusual Items Excluding Goodwill": NaN,
        "Net Income From Continuing Operation Net Minority Interest": NaN,
        "EBIT": NaN,
        "Net Interest Income": NaN,
        "Interest Expense": NaN,
        "Normalized Income": NaN,
        "Net Income From Continuing And Discontinued Operation": NaN,
        "Total Expenses": NaN,
        "Diluted Average Shares": NaN,
        "Basic Average Shares": NaN,
        "Diluted EPS": NaN,
        "Basic EPS": NaN,
        "Diluted NI Availto Com Stockholders": NaN,
        "Average Dilution Earnings": NaN,
        "Net Income Common Stockholders": NaN,
        "Otherunder Preferred Stock Dividend": -2000000.0,
        "Preferred Stock Dividends": NaN,
        "Net Income": NaN,
        "Net Income Including Noncontrolling Interests": NaN,
        "Net Income Continuous Operations": NaN,
        "Tax Provision": NaN,
        "Pretax Income": NaN,
        "Other Income Expense": NaN,
        "Special Income Charges": NaN,
        "Other Special Charges": NaN,
        "Impairment Of Capital Assets": NaN,
        "Net Non Operating Interest Income Expense": NaN,
        "Interest Expense Non Operating": NaN,
        "Other Operating Expenses": NaN,
        "Total Revenue": NaN,
        "Operating Revenue": NaN,
        "Loss Adjustment Expense": NaN,
        "Net Policyholder Benefits And Claims": NaN,
        "Policyholder Benefits Gross": NaN
    },
    "2022-03-31": {
        "Diluted EPS": 8.39,
        "Total Revenue": NaN,
        "Gross Profit": NaN,
        "Operating Income": NaN,
        "EBIT": NaN,
        "Net Income": NaN
    },
    "2021-12-31": {
        "Diluted EPS": 3.8,
        "Total Revenue": NaN,
        "Gross Profit": 945,
        "Operating Income": 914,
        "EBIT": 903,
        "Net Income": 702
    },
    "2021-09-30": {
        "Diluted EPS": 1.68,
        "Total Revenue": NaN,
        "Gross Profit": 463,
        "Operating Income": 441,
        "EBIT": 431,
        "Net Income": 318
    },
    "2021-06-30": {
        "Diluted EPS": 3.34,
        "Total Revenue": NaN,
        "Gross Profit": 858,
        "Operating Income": 837,
        "EBIT": 829,
        "Net Income": 642
    },
    "2021-03-31": {
        "Diluted EPS": 1.16,
        "Total Revenue": NaN,
        "Gross Profit": 340,
        "Operating Income": 327,
        "EBIT": 318,
        "Net Income": 225
    },
    "2020-12-31": {
        "Diluted EPS": 0.89,
        "Total Revenue": NaN,
        "Gross Profit": 178,
        "Operating Income": 156,
        "EBIT": 147,
        "Net Income": 143
    },
    "2020-09-30": {
        "Diluted EPS": 2.01,
        "Total Revenue": NaN,
        "Gross Profit": 546,
        "Operating Income": 526,
        "EBIT": 516,
        "Net Income": 398
    },
    "2020-06-30": {
        "Diluted EPS": -0.49,
        "Total Revenue": NaN,
        "Gross Profit": -63,
        "Operating Income": -77,
        "EBIT": -88,
        "Net Income": -94
    },
    "2020-03-31": {
        "Diluted EPS": 0.15,
        "Total Revenue": NaN,
        "Gross Profit": 114,
        "Operating Income": 102,
        "EBIT": 91,
        "Net Income": 52
    },
    "2019-12-31": {
        "Diluted EPS": 2.2,
        "Total Revenue": NaN,
        "Gross Profit": -980,
        "Operating Income": NaN,
        "EBIT": NaN,
        "Net Income": 432
    },
    "2019-09-30": {
        "Diluted EPS": -0.83,
        "Total Revenue": NaN,
        "Gross Profit": NaN,
        "Operating Income": NaN,
        "EBIT": NaN,
        "Net Income": -161
    },
    "2019-06-30": {
        "Diluted EPS": 1.79,
        "Total Revenue": NaN,
        "Gross Profit": 506,
        "Operating Income": 491,
        "EBIT": 484,
        "Net Income": 363
    },
    "2019-03-31": {
        "Diluted EPS": 1.22,
        "Total Revenue": NaN,
        "Gross Profit": 354,
        "Operating Income": 339,
        "EBIT": 331,
        "Net Income": 252
    },
    "2018-12-31": {
        "Diluted EPS": 1.82,
        "Total Revenue": NaN,
        "Gross Profit": 563,
        "Operating Income": 536,
        "EBIT": 528,
        "Net Income": 399
    },
    "2018-09-30": {
        "Diluted EPS": 2.24,
        "Total Revenue": NaN,
        "Gross Profit": 619,
        "Operating Income": 601,
        "EBIT": 601,
        "Net Income": 490
    },
    "2018-06-30": {
        "Diluted EPS": 1.7,
        "Total Revenue": NaN,
        "Gross Profit": 535,
        "Operating Income": 519,
        "EBIT": 519,
        "Net Income": 385
    },
    "2018-03-31": {
        "Diluted EPS": 1.64,
        "Total Revenue": NaN,
        "Gross Profit": 541,
        "Operating Income": 526,
        "EBIT": 526,
        "Net Income": 367
    },
    "2017-12-31": {
        "Diluted EPS": 3.65,
        "Total Revenue": NaN,
        "Gross Profit": 590,
        "Operating Income": -325,
        "EBIT": -326,
        "Net Income": 815
    },
    "2017-09-30": {
        "Diluted EPS": 1.87,
        "Total Revenue": NaN,
        "Gross Profit": 583,
        "Operating Income": 573,
        "EBIT": 573,
        "Net Income": 418
    },
    "2017-06-30": {
        "Diluted EPS": 1.81,
        "Total Revenue": NaN,
        "Gross Profit": 610,
        "Operating Income": 596,
        "EBIT": 592,
        "Net Income": 411
    },
    "2017-03-31": {
        "Diluted EPS": 1.89,
        "Total Revenue": NaN,
        "Gross Profit": 548,
        "Operating Income": 539,
        "EBIT": 521,
        "Net Income": 435
    },
    "2016-12-31": {
        "Diluted EPS": 0.85,
        "Total Revenue": NaN,
        "Gross Profit": 334,
        "Operating Income": 326,
        "EBIT": 308,
        "Net Income": 189
    },
    "2016-09-30": {
        "Diluted EPS": 2.0,
        "Total Revenue": NaN,
        "Gross Profit": 678,
        "Operating Income": 678,
        "EBIT": 660,
        "Net Income": 467
    },
    "2016-06-30": {
        "Diluted EPS": 1.35,
        "Total Revenue": NaN,
        "Gross Profit": 482,
        "Operating Income": 482,
        "EBIT": 463,
        "Net Income": 325
    },
    "2016-03-31": {
        "Diluted EPS": 0.83,
        "Total Revenue": NaN,
        "Gross Profit": 303,
        "Operating Income": 303,
        "EBIT": 285,
        "Net Income": 211
    },
    "2015-12-31": {
        "Diluted EPS": 1.14,
        "Total Revenue": NaN,
        "Gross Profit": 419,
        "Operating Income": 419,
        "EBIT": 400,
        "Net Income": 283
    },
    "2015-09-30": {
        "Diluted EPS": 0.87,
        "Total Revenue": NaN,
        "Gross Profit": 335,
        "Operating Income": 335,
        "EBIT": 317,
        "Net Income": 227
    },
    "2015-06-30": {
        "Diluted EPS": 1.35,
        "Total Revenue": NaN,
        "Gross Profit": 518,
        "Operating Income": 518,
        "EBIT": 499,
        "Net Income": 344
    },
    "2015-03-31": {
        "Diluted EPS": 1.15,
        "Total Revenue": NaN,
        "Gross Profit": 430,
        "Operating Income": 430,
        "EBIT": 412,
        "Net Income": 300
    },
    "2014-12-31": {
        "Diluted EPS": 1.33,
        "Total Revenue": NaN,
        "Gross Profit": 498,
        "Operating Income": 498,
        "EBIT": 479,
        "Net Income": 349
    },
    "2014-09-30": {
        "Diluted EPS": 1.65,
        "Total Revenue": NaN,
        "Gross Profit": 668,
        "Operating Income": 668,
        "EBIT": 650,
        "Net Income": 439
    },
    "2014-06-30": {
        "Diluted EPS": 1.48,
        "Total Revenue": NaN,
        "Gross Profit": 604,
        "Operating Income": 604,
        "EBIT": 586,
        "Net Income": 398
    },
    "2014-03-31": {
        "Diluted EPS": 1.21,
        "Total Revenue": NaN,
        "Gross Profit": 494,
        "Operating Income": 494,
        "EBIT": 475,
        "Net Income": 329
    },
    "2013-12-31": {
        "Diluted EPS": 1.28,
        "Total Revenue": NaN,
        "Gross Profit": 535,
        "Operating Income": 535,
        "EBIT": 517,
        "Net Income": 351
    },
    "2013-09-30": {
        "Diluted EPS": 1.23,
        "Total Revenue": NaN,
        "Gross Profit": 509,
        "Operating Income": 509,
        "EBIT": 490,
        "Net Income": 337
    },
    "2013-06-30": {
        "Diluted EPS": 1.15,
        "Total Revenue": NaN,
        "Gross Profit": 483,
        "Operating Income": 483,
        "EBIT": 465,
        "Net Income": 317
    },
    "2013-03-31": {
        "Diluted EPS": 0.86,
        "Total Revenue": NaN,
        "Gross Profit": 369,
        "Operating Income": 369,
        "EBIT": 350,
        "Net Income": 239
    },
    "2012-12-31": {
        "Diluted EPS": 1.14,
        "Total Revenue": NaN,
        "Gross Profit": 469,
        "Operating Income": 469,
        "EBIT": 451,
        "Net Income": 321
    },
    "2012-09-30": {
        "Diluted EPS": 1.51,
        "Total Revenue": NaN,
        "Gross Profit": 486,
        "Operating Income": 486,
        "EBIT": 467,
        "Net Income": 428
    },
    "2012-06-30": {
        "Diluted EPS": 1.09,
        "Total Revenue": NaN,
        "Gross Profit": 510,
        "Operating Income": 510,
        "EBIT": 492,
        "Net Income": 321
    },
    "2012-03-31": {
        "Diluted EPS": 0.82,
        "Total Revenue": NaN,
        "Gross Profit": 376,
        "Operating Income": 376,
        "EBIT": 357,
        "Net Income": 243
    },
    "2011-12-31": {
        "Diluted EPS": -1.7,
        "Total Revenue": NaN,
        "Gross Profit": 328,
        "Operating Income": -419,
        "EBIT": -438,
        "Net Income": -550
    },
    "2011-09-30": {
        "Diluted EPS": 0.47,
        "Total Revenue": NaN,
        "Gross Profit": 234,
        "Operating Income": 234,
        "EBIT": 215,
        "Net Income": 153
    },
    "2011-06-30": {
        "Diluted EPS": 0.95,
        "Total Revenue": NaN,
        "Gross Profit": 481,
        "Operating Income": 481,
        "EBIT": 463,
        "Net Income": 304
    },
    "2011-03-31": {
        "Diluted EPS": 0.97,
        "Total Revenue": NaN,
        "Gross Profit": 501,
        "Operating Income": 501,
        "EBIT": 482,
        "Net Income": 314
    },
    "2010-12-31": {
        "Diluted EPS": 0.37,
        "Total Revenue": NaN,
        "Gross Profit": 234,
        "Operating Income": 234,
        "EBIT": 215,
        "Net Income": 118
    },
    "2010-09-30": {
        "Diluted EPS": 0.75,
        "Total Revenue": NaN,
        "Gross Profit": 377,
        "Operating Income": 377,
        "EBIT": 359,
        "Net Income": 246
    },
    "2010-06-30": {
        "Diluted EPS": 0.33,
        "Total Revenue": NaN,
        "Gross Profit": 399,
        "Operating Income": 399,
        "EBIT": 380,
        "Net Income": 106
    },
    "2010-03-31": {
        "Diluted EPS": 0.85,
        "Total Revenue": NaN,
        "Gross Profit": 416,
        "Operating Income": 416,
        "EBIT": 397,
        "Net Income": 265
    },
    "2009-12-31": {
        "Diluted EPS": 0.6,
        "Total Revenue": NaN,
        "Gross Profit": 329,
        "Operating Income": 201,
        "EBIT": 181,
        "Net Income": 83
    },
    "2009-09-30": {
        "Diluted EPS": 0.44,
        "Total Revenue": NaN,
        "Gross Profit": 129,
        "Operating Income": 130,
        "EBIT": 111,
        "Net Income": 137
    },
    "2009-06-30": {
        "Diluted EPS": -0.62,
        "Total Revenue": NaN,
        "Gross Profit": 7,
        "Operating Income": 8,
        "EBIT": -10,
        "Net Income": -161
    },
    "2009-03-31": {
        "Diluted EPS": -2.27,
        "Total Revenue": NaN,
        "Gross Profit": -59,
        "Operating Income": -663,
        "EBIT": -682,
        "Net Income": -579
    },
    "2023-09-30": {
        "Tax Effect Of Unusual Items": NaN,
        "Tax Rate For Calcs": NaN,
        "Total Unusual Items": 0.0,
        "Total Unusual Items Excluding Goodwill": 0.0,
        "Net Income From Continuing Operation Net Minority Interest": NaN,
        "EBIT": NaN,
        "Net Interest Income": NaN,
        "Interest Expense": NaN,
        "Normalized Income": NaN,
        "Net Income From Continuing And Discontinued Operation": NaN,
        "Total Expenses": NaN,
        "Diluted Average Shares": NaN,
        "Basic Average Shares": NaN,
        "Diluted EPS": NaN,
        "Basic EPS": NaN,
        "Diluted NI Availto Com Stockholders": NaN,
        "Average Dilution Earnings": NaN,
        "Net Income Common Stockholders": NaN,
        "Preferred Stock Dividends": NaN,
        "Net Income": NaN,
        "Net Income Including Noncontrolling Interests": NaN,
        "Net Income Continuous Operations": NaN,
        "Tax Provision": NaN,
        "Pretax Income": NaN,
        "Other Income Expense": NaN,
        "Special Income Charges": 0.0,
        "Other Special Charges": NaN,
        "Impairment Of Capital Assets": 0.0,
        "Net Non Operating Interest Income Expense": NaN,
        "Interest Expense Non Operating": NaN,
        "Other Operating Expenses": NaN,
        "Total Revenue": NaN,
        "Operating Revenue": NaN,
        "Loss Adjustment Expense": NaN,
        "Net Policyholder Benefits And Claims": NaN,
        "Policyholder Benefits Gross": NaN
    },
    "2023-12-31": {
        "Tax Effect Of Unusual Items": NaN,
        "Tax Rate For Calcs": NaN,
        "Total Unusual Items": -34000000.0,
        "Total Unusual Items Excluding Goodwill": -34000000.0,
        "Net Income From Continuing Operation Net Minority Interest": NaN,
        "EBIT": NaN,
        "Net Interest Income": NaN,
        "Interest Expense": NaN,
        "Interest Income": NaN,
        "Normalized Income": NaN,
        "Net Income From Continuing And Discontinued Operation": NaN,
        "Total Expenses": NaN,
        "Diluted Average Shares": NaN,
        "Basic Average Shares": NaN,
        "Diluted EPS": NaN,
        "Basic EPS": NaN,
        "Diluted NI Availto Com Stockholders": NaN,
        "Average Dilution Earnings": NaN,
        "Net Income Common Stockholders": NaN,
        "Preferred Stock Dividends": NaN,
        "Net Income": NaN,
        "Net Income Including Noncontrolling Interests": NaN,
        "Net Income Continuous Operations": NaN,
        "Tax Provision": NaN,
        "Pretax Income": NaN,
        "Other Income Expense": NaN,
        "Special Income Charges": -34000000.0,
        "Other Special Charges": NaN,
        "Impairment Of Capital Assets": 0.0,
        "Net Non Operating Interest Income Expense": NaN,
        "Interest Expense Non Operating": NaN,
        "Interest Income Non Operating": NaN,
        "Other Operating Expenses": NaN,
        "Total Revenue": NaN,
        "Operating Revenue": NaN,
        "Loss Adjustment Expense": NaN,
        "Net Policyholder Benefits And Claims": NaN,
        "Policyholder Benefits Gross": NaN
    },
    "2024-03-31": {
        "Tax Effect Of Unusual Items": NaN,
        "Tax Rate For Calcs": NaN,
        "Total Unusual Items": NaN,
        "Total Unusual Items Excluding Goodwill": NaN,
        "Net Income From Continuing Operation Net Minority Interest": NaN,
        "EBIT": 1609000000.0,
        "Net Interest Income": NaN,
        "Interest Expense": 81000000.0,
        "Interest Income": NaN,
        "Normalized Income": NaN,
        "Net Income From Continuing And Discontinued Operation": NaN,
        "Total Expenses": NaN,
        "Diluted Average Shares": NaN,
        "Basic Average Shares": NaN,
        "Diluted EPS": NaN,
        "Basic EPS": NaN,
        "Diluted NI Availto Com Stockholders": NaN,
        "Average Dilution Earnings": 3000000.0,
        "Net Income Common Stockholders": NaN,
        "Preferred Stock Dividends": NaN,
        "Net Income": NaN,
        "Net Income Including Noncontrolling Interests": NaN,
        "Net Income Continuous Operations": NaN,
        "Tax Provision": NaN,
        "Pretax Income": NaN,
        "Other Income Expense": NaN,
        "Special Income Charges": NaN,
        "Other Special Charges": NaN,
        "Impairment Of Capital Assets": NaN,
        "Net Non Operating Interest Income Expense": NaN,
        "Interest Expense Non Operating": 81000000.0,
        "Interest Income Non Operating": NaN,
        "Other Operating Expenses": NaN,
        "Total Revenue": NaN,
        "Operating Revenue": NaN,
        "Loss Adjustment Expense": NaN,
        "Net Policyholder Benefits And Claims": NaN,
        "Policyholder Benefits Gross": NaN
    },
    "2024-06-30": {
        "Tax Effect Of Unusual Items": 105120000.0,
        "Tax Rate For Calcs": 0.18,
        "Total Unusual Items": 584000000.0,
        "Total Unusual Items Excluding Goodwill": 584000000.0,
        "Net Income From Continuing Operation Net Minority Interest": 895000000.0,
        "EBIT": 1182000000.0,
        "Net Interest Income": -86000000.0,
        "Interest Expense": 86000000.0,
        "Interest Income": NaN,
        "Normalized Income": 416120000.0,
        "Net Income From Continuing And Discontinued Operation": 895000000.0,
        "Total Expenses": 3497000000.0,
        "Diluted Average Shares": 172892566.0,
        "Basic Average Shares": 170620161.0,
        "Diluted EPS": 5.11,
        "Basic EPS": 5.18,
        "Diluted NI Availto Com Stockholders": 884000000.0,
        "Average Dilution Earnings": NaN,
        "Net Income Common Stockholders": 884000000.0,
        "Preferred Stock Dividends": 11000000.0,
        "Net Income": 895000000.0,
        "Net Income Including Noncontrolling Interests": 895000000.0,
        "Net Income Continuous Operations": 895000000.0,
        "Tax Provision": 201000000.0,
        "Pretax Income": 1096000000.0,
        "Other Income Expense": 194000000.0,
        "Special Income Charges": 584000000.0,
        "Other Special Charges": -584000000.0,
        "Impairment Of Capital Assets": NaN,
        "Net Non Operating Interest Income Expense": -86000000.0,
        "Interest Expense Non Operating": 86000000.0,
        "Interest Income Non Operating": NaN,
        "Other Operating Expenses": -102000000.0,
        "Total Revenue": 4593000000.0,
        "Operating Revenue": 4593000000.0,
        "Loss Adjustment Expense": 1903000000.0,
        "Net Policyholder Benefits And Claims": 1903000000.0,
        "Policyholder Benefits Gross": 1903000000.0
    },
    "2024-09-30": {
        "Tax Effect Of Unusual Items": -500000.0,
        "Tax Rate For Calcs": 0.25,
        "Total Unusual Items": -2000000.0,
        "Total Unusual Items Excluding Goodwill": -2000000.0,
        "Net Income From Continuing Operation Net Minority Interest": -528000000.0,
        "EBIT": -617000000.0,
        "Net Interest Income": -86000000.0,
        "Interest Expense": 86000000.0,
        "Interest Income": NaN,
        "Normalized Income": -526500000.0,
        "Net Income From Continuing And Discontinued Operation": -528000000.0,
        "Total Expenses": 4901000000.0,
        "Diluted Average Shares": 172848870.0,
        "Basic Average Shares": 170773438.0,
        "Diluted EPS": -3.29,
        "Basic EPS": -3.29,
        "Diluted NI Availto Com Stockholders": -562000000.0,
        "Average Dilution Earnings": NaN,
        "Net Income Common Stockholders": -562000000.0,
        "Preferred Stock Dividends": 34000000.0,
        "Net Income": -528000000.0,
        "Net Income Including Noncontrolling Interests": -528000000.0,
        "Net Income Continuous Operations": -528000000.0,
        "Tax Provision": -175000000.0,
        "Pretax Income": -703000000.0,
        "Other Income Expense": 165000000.0,
        "Special Income Charges": -2000000.0,
        "Other Special Charges": 2000000.0,
        "Impairment Of Capital Assets": NaN,
        "Net Non Operating Interest Income Expense": -86000000.0,
        "Interest Expense Non Operating": 86000000.0,
        "Interest Income Non Operating": NaN,
        "Other Operating Expenses": 745000000.0,
        "Total Revenue": 4198000000.0,
        "Operating Revenue": 4198000000.0,
        "Loss Adjustment Expense": 1887000000.0,
        "Net Policyholder Benefits And Claims": 1887000000.0,
        "Policyholder Benefits Gross": 1887000000.0
    },
    "2024-12-31": {
        "Tax Effect Of Unusual Items": -7866666.666667,
        "Tax Rate For Calcs": 0.196667,
        "Total Unusual Items": -40000000.0,
        "Total Unusual Items Excluding Goodwill": -40000000.0,
        "Net Income From Continuing Operation Net Minority Interest": 1687000000.0,
        "EBIT": 2183000000.0,
        "Net Interest Income": -208000000.0,
        "Interest Expense": 83000000.0,
        "Interest Income": NaN,
        "Normalized Income": 1719133333.333333,
        "Net Income From Continuing And Discontinued Operation": 1687000000.0,
        "Total Expenses": 2984000000.0,
        "Diluted Average Shares": 174000000.0,
        "Basic Average Shares": 170900000.0,
        "Diluted EPS": 9.63,
        "Basic EPS": 9.801053,
        "Diluted NI Availto Com Stockholders": 1676000000.0,
        "Average Dilution Earnings": NaN,
        "Net Income Common Stockholders": 1673000000.0,
        "Preferred Stock Dividends": 11000000.0,
        "Net Income": 1687000000.0,
        "Net Income Including Noncontrolling Interests": 1687000000.0,
        "Net Income Continuous Operations": 1687000000.0,
        "Tax Provision": 413000000.0,
        "Pretax Income": 2100000000.0,
        "Other Income Expense": 184000000.0,
        "Special Income Charges": -40000000.0,
        "Other Special Charges": 0.0,
        "Impairment Of Capital Assets": NaN,
        "Net Non Operating Interest Income Expense": -208000000.0,
        "Interest Expense Non Operating": 83000000.0,
        "Interest Income Non Operating": NaN,
        "Other Operating Expenses": -896000000.0,
        "Total Revenue": 5084000000.0,
        "Operating Revenue": 5084000000.0,
        "Loss Adjustment Expense": 1946000000.0,
        "Net Policyholder Benefits And Claims": 1946000000.0,
        "Policyholder Benefits Gross": 4885000000.0
    },
    "2025-03-31": {
        "Tax Effect Of Unusual Items": 0.0,
        "Tax Rate For Calcs": 0.24,
        "Total Unusual Items": NaN,
        "Total Unusual Items Excluding Goodwill": NaN,
        "Net Income From Continuing Operation Net Minority Interest": -722000000.0,
        "EBIT": -869000000.0,
        "Net Interest Income": -80000000.0,
        "Interest Expense": 80000000.0,
        "Interest Income": NaN,
        "Normalized Income": -722000000.0,
        "Net Income From Continuing And Discontinued Operation": -722000000.0,
        "Total Expenses": 5665000000.0,
        "Diluted Average Shares": 174700000.0,
        "Basic Average Shares": 171300000.0,
        "Diluted EPS": -4.41331,
        "Basic EPS": -4.41331,
        "Diluted NI Availto Com Stockholders": -756000000.0,
        "Average Dilution Earnings": 0.0,
        "Net Income Common Stockholders": -756000000.0,
        "Preferred Stock Dividends": 34000000.0,
        "Net Income": -722000000.0,
        "Net Income Including Noncontrolling Interests": -722000000.0,
        "Net Income Continuous Operations": -722000000.0,
        "Tax Provision": -227000000.0,
        "Pretax Income": -949000000.0,
        "Other Income Expense": 182000000.0,
        "Special Income Charges": NaN,
        "Other Special Charges": NaN,
        "Impairment Of Capital Assets": NaN,
        "Net Non Operating Interest Income Expense": -80000000.0,
        "Interest Expense Non Operating": 80000000.0,
        "Interest Income Non Operating": NaN,
        "Other Operating Expenses": 1321000000.0,
        "Total Revenue": 4716000000.0,
        "Operating Revenue": 4716000000.0,
        "Loss Adjustment Expense": 2009000000.0,
        "Net Policyholder Benefits And Claims": 2009000000.0,
        "Policyholder Benefits Gross": 2009000000.0
    },
    "2025-06-30": {
        "Tax Effect Of Unusual Items": 0.0,
        "Tax Rate For Calcs": 0.18,
        "Total Unusual Items": 0.0,
        "Total Unusual Items Excluding Goodwill": 0.0,
        "Net Income From Continuing Operation Net Minority Interest": 699000000.0,
        "EBIT": NaN,
        "Net Interest Income": 13000000.0,
        "Interest Expense": NaN,
        "Interest Income": 13000000.0,
        "Normalized Income": 699000000.0,
        "Net Income From Continuing And Discontinued Operation": 699000000.0,
        "Total Expenses": 3217000000.0,
        "Diluted Average Shares": 180600000.0,
        "Basic Average Shares": 177200000.0,
        "Diluted EPS": 3.8,
        "Basic EPS": 3.882619,
        "Diluted NI Availto Com Stockholders": 688000000.0,
        "Average Dilution Earnings": NaN,
        "Net Income Common Stockholders": 688000000.0,
        "Preferred Stock Dividends": 11000000.0,
        "Net Income": 699000000.0,
        "Net Income Including Noncontrolling Interests": 699000000.0,
        "Net Income Continuous Operations": 699000000.0,
        "Tax Provision": 149000000.0,
        "Pretax Income": 848000000.0,
        "Other Income Expense": 197000000.0,
        "Special Income Charges": 0.0,
        "Other Special Charges": NaN,
        "Impairment Of Capital Assets": NaN,
        "Net Non Operating Interest Income Expense": 13000000.0,
        "Interest Expense Non Operating": NaN,
        "Interest Income Non Operating": 13000000.0,
        "Other Operating Expenses": -916000000.0,
        "Total Revenue": 4065000000.0,
        "Operating Revenue": 4065000000.0,
        "Loss Adjustment Expense": 1906000000.0,
        "Net Policyholder Benefits And Claims": 1906000000.0,
        "Policyholder Benefits Gross": 1906000000.0
    }
}