{
    "2024-06-30": {
        "Tax Effect Of Unusual Items": -1377551.020408,
        "Tax Rate For Calcs": 0.153061,
        "Normalized EBITDA": 1942000000.0,
        "Total Unusual Items": -9000000.0,
        "Total Unusual Items Excluding Goodwill": -9000000.0,
        "Net Income From Continuing Operation Net Minority Interest": 880000000.0,
        "Reconciled Depreciation": 304000000.0,
        "Reconciled Cost Of Revenue": 1551000000.0,
        "EBITDA": 1933000000.0,
        "EBIT": 1629000000.0,
        "Net Interest Income": -210000000.0,
        "Interest Expense": 257000000.0,
        "Interest Income": 47000000.0,
        "Normalized Income": 887622448.979592,
        "Net Income From Continuing And Discontinued Operation": 880000000.0,
        "Total Expenses": 1663000000.0,
        "Total Operating Income As Reported": 1588000000.0,
        "Diluted Average Shares": 228900000.0,
        "Basic Average Shares": 228400000.0,
        "Diluted EPS": 3.84,
        "Basic EPS": 3.85,
        "Diluted NI Availto Com Stockholders": 880000000.0,
        "Net Income Common Stockholders": 880000000.0,
        "Net Income": 880000000.0,
        "Minority Interests": -282000000.0,
        "Net Income Including Noncontrolling Interests": 1162000000.0,
        "Net Income Continuous Operations": 1162000000.0,
        "Tax Provision": 210000000.0,
        "Pretax Income": 1372000000.0,
        "Other Income Expense": -6000000.0,
        "Other Non Operating Income Expenses": 3000000.0,
        "Special Income Charges": -9000000.0,
        "Other Special Charges": 9000000.0,
        "Net Non Operating Interest Income Expense": -210000000.0,
        "Interest Expense Non Operating": 257000000.0,
        "Interest Income Non Operating": 47000000.0,
        "Operating Income": 1588000000.0,
        "Operating Expense": 112000000.0,
        "Other Operating Expenses": 13000000.0,
        "Selling General And Administration": 99000000.0,
        "Gross Profit": 1700000000.0,
        "Cost Of Revenue": 1551000000.0,
        "Total Revenue": 3251000000.0,
        "Operating Revenue": 3076000000.0
    },
    "2024-03-31": {
        "Tax Effect Of Unusual Items": NaN,
        "Tax Rate For Calcs": NaN,
        "Normalized EBITDA": NaN,
        "Total Unusual Items": 0.0,
        "Total Unusual Items Excluding Goodwill": 0.0,
        "Net Income From Continuing Operation Net Minority Interest": NaN,
        "Reconciled Depreciation": NaN,
        "Reconciled Cost Of Revenue": NaN,
        "EBITDA": NaN,
        "EBIT": NaN,
        "Net Interest Income": NaN,
        "Interest Expense": NaN,
        "Interest Income": NaN,
        "Normalized Income": NaN,
        "Net Income From Continuing And Discontinued Operation": NaN,
        "Total Expenses": NaN,
        "Total Operating Income As Reported": NaN,
        "Diluted Average Shares": NaN,
        "Basic Average Shares": NaN,
        "Diluted EPS": NaN,
        "Basic EPS": NaN,
        "Diluted NI Availto Com Stockholders": NaN,
        "Net Income Common Stockholders": NaN,
        "Net Income": NaN,
        "Minority Interests": NaN,
        "Net Income Including Noncontrolling Interests": NaN,
        "Net Income Continuous Operations": NaN,
        "Tax Provision": NaN,
        "Pretax Income": NaN,
        "Other Income Expense": NaN,
        "Other Non Operating Income Expenses": NaN,
        "Special Income Charges": 0.0,
        "Other Special Charges": NaN,
        "Net Non Operating Interest Income Expense": NaN,
        "Interest Expense Non Operating": NaN,
        "Interest Income Non Operating": NaN,
        "Operating Income": NaN,
        "Operating Expense": NaN,
        "Other Operating Expenses": NaN,
        "Selling General And Administration": NaN,
        "Gross Profit": NaN,
        "Cost Of Revenue": NaN,
        "Total Revenue": NaN,
        "Operating Revenue": NaN
    },
    "2023-12-31": {
        "Tax Effect Of Unusual Items": NaN,
        "Tax Rate For Calcs": NaN,
        "Normalized EBITDA": NaN,
        "Total Unusual Items": NaN,
        "Total Unusual Items Excluding Goodwill": NaN,
        "Net Income From Continuing Operation Net Minority Interest": NaN,
        "Reconciled Depreciation": NaN,
        "Reconciled Cost Of Revenue": NaN,
        "EBITDA": NaN,
        "EBIT": NaN,
        "Net Interest Income": NaN,
        "Interest Expense": NaN,
        "Interest Income": NaN,
        "Normalized Income": NaN,
        "Net Income From Continuing And Discontinued Operation": NaN,
        "Total Expenses": NaN,
        "Total Operating Income As Reported": NaN,
        "Diluted Average Shares": NaN,
        "Basic Average Shares": NaN,
        "Diluted EPS": NaN,
        "Basic EPS": NaN,
        "Diluted NI Availto Com Stockholders": NaN,
        "Net Income Common Stockholders": NaN,
        "Net Income": NaN,
        "Minority Interests": NaN,
        "Net Income Including Noncontrolling Interests": NaN,
        "Net Income Continuous Operations": NaN,
        "Tax Provision": NaN,
        "Pretax Income": NaN,
        "Other Income Expense": NaN,
        "Other Non Operating Income Expenses": NaN,
        "Special Income Charges": NaN,
        "Other Special Charges": 0.0,
        "Net Non Operating Interest Income Expense": NaN,
        "Interest Expense Non Operating": NaN,
        "Interest Income Non Operating": NaN,
        "Operating Income": NaN,
        "Operating Expense": NaN,
        "Other Operating Expenses": NaN,
        "Selling General And Administration": NaN,
        "Gross Profit": NaN,
        "Cost Of Revenue": NaN,
        "Total Revenue": NaN,
        "Operating Revenue": NaN
    },
    "2023-09-30": {
        "Tax Effect Of Unusual Items": NaN,
        "Tax Rate For Calcs": NaN,
        "Normalized EBITDA": NaN,
        "Total Unusual Items": NaN,
        "Total Unusual Items Excluding Goodwill": NaN,
        "Net Income From Continuing Operation Net Minority Interest": NaN,
        "Reconciled Depreciation": NaN,
        "Reconciled Cost Of Revenue": NaN,
        "EBITDA": NaN,
        "EBIT": NaN,
        "Net Interest Income": NaN,
        "Interest Expense": NaN,
        "Interest Income": NaN,
        "Normalized Income": NaN,
        "Net Income From Continuing And Discontinued Operation": NaN,
        "Total Expenses": NaN,
        "Total Operating Income As Reported": NaN,
        "Diluted Average Shares": NaN,
        "Basic Average Shares": NaN,
        "Diluted EPS": NaN,
        "Basic EPS": NaN,
        "Diluted NI Availto Com Stockholders": NaN,
        "Net Income Common Stockholders": NaN,
        "Net Income": NaN,
        "Minority Interests": NaN,
        "Net Income Including Noncontrolling Interests": NaN,
        "Net Income Continuous Operations": NaN,
        "Tax Provision": NaN,
        "Pretax Income": NaN,
        "Other Income Expense": NaN,
        "Other Non Operating Income Expenses": NaN,
        "Special Income Charges": NaN,
        "Other Special Charges": 3000000.0,
        "Net Non Operating Interest Income Expense": NaN,
        "Interest Expense Non Operating": NaN,
        "Interest Income Non Operating": NaN,
        "Operating Income": NaN,
        "Operating Expense": NaN,
        "Other Operating Expenses": NaN,
        "Selling General And Administration": NaN,
        "Gross Profit": NaN,
        "Cost Of Revenue": NaN,
        "Total Revenue": NaN,
        "Operating Revenue": NaN
    },
    "2023-06-30": {
        "Tax Effect Of Unusual Items": NaN,
        "Tax Rate For Calcs": NaN,
        "Normalized EBITDA": NaN,
        "Total Unusual Items": NaN,
        "Total Unusual Items Excluding Goodwill": NaN,
        "Net Income From Continuing Operation Net Minority Interest": NaN,
        "Reconciled Depreciation": NaN,
        "Reconciled Cost Of Revenue": NaN,
        "EBITDA": NaN,
        "EBIT": NaN,
        "Net Interest Income": NaN,
        "Interest Expense": NaN,
        "Interest Income": NaN,
        "Normalized Income": NaN,
        "Net Income From Continuing And Discontinued Operation": NaN,
        "Total Expenses": NaN,
        "Total Operating Income As Reported": NaN,
        "Diluted Average Shares": NaN,
        "Basic Average Shares": NaN,
        "Diluted EPS": NaN,
        "Basic EPS": NaN,
        "Diluted NI Availto Com Stockholders": NaN,
        "Net Income Common Stockholders": NaN,
        "Net Income": NaN,
        "Minority Interests": NaN,
        "Net Income Including Noncontrolling Interests": NaN,
        "Net Income Continuous Operations": NaN,
        "Tax Provision": NaN,
        "Pretax Income": NaN,
        "Other Income Expense": NaN,
        "Other Non Operating Income Expenses": NaN,
        "Special Income Charges": NaN,
        "Other Special Charges": 2000000.0,
        "Net Non Operating Interest Income Expense": NaN,
        "Interest Expense Non Operating": NaN,
        "Interest Income Non Operating": NaN,
        "Operating Income": NaN,
        "Operating Expense": NaN,
        "Other Operating Expenses": NaN,
        "Selling General And Administration": NaN,
        "Gross Profit": NaN,
        "Cost Of Revenue": NaN,
        "Total Revenue": NaN,
        "Operating Revenue": NaN
    },
    "2023-03-31": {
        "Tax Effect Of Unusual Items": NaN,
        "Tax Rate For Calcs": NaN,
        "Normalized EBITDA": NaN,
        "Total Unusual Items": NaN,
        "Total Unusual Items Excluding Goodwill": NaN,
        "Net Income From Continuing Operation Net Minority Interest": NaN,
        "Reconciled Depreciation": NaN,
        "Reconciled Cost Of Revenue": NaN,
        "EBITDA": NaN,
        "EBIT": NaN,
        "Net Interest Income": NaN,
        "Interest Expense": NaN,
        "Interest Income": NaN,
        "Normalized Income": NaN,
        "Net Income From Continuing And Discontinued Operation": NaN,
        "Total Expenses": NaN,
        "Total Operating Income As Reported": NaN,
        "Diluted Average Shares": NaN,
        "Basic Average Shares": NaN,
        "Diluted EPS": NaN,
        "Basic EPS": NaN,
        "Diluted NI Availto Com Stockholders": NaN,
        "Net Income Common Stockholders": NaN,
        "Net Income": NaN,
        "Minority Interests": NaN,
        "Net Income Including Noncontrolling Interests": NaN,
        "Net Income Continuous Operations": NaN,
        "Tax Provision": NaN,
        "Pretax Income": NaN,
        "Other Income Expense": NaN,
        "Other Non Operating Income Expenses": NaN,
        "Special Income Charges": NaN,
        "Other Special Charges": -20000000.0,
        "Net Non Operating Interest Income Expense": NaN,
        "Interest Expense Non Operating": NaN,
        "Interest Income Non Operating": NaN,
        "Operating Income": NaN,
        "Operating Expense": NaN,
        "Other Operating Expenses": NaN,
        "Selling General And Administration": NaN,
        "General And Administrative Expense": 117000000.0,
        "Other Gand A": 117000000.0,
        "Gross Profit": NaN,
        "Cost Of Revenue": NaN,
        "Total Revenue": NaN,
        "Operating Revenue": NaN
    },
    "2022-12-31": {
        "Tax Effect Of Unusual Items": NaN,
        "Tax Rate For Calcs": NaN,
        "Normalized EBITDA": NaN,
        "Total Unusual Items": NaN,
        "Total Unusual Items Excluding Goodwill": NaN,
        "Net Income From Continuing Operation Net Minority Interest": NaN,
        "Reconciled Depreciation": NaN,
        "Reconciled Cost Of Revenue": NaN,
        "EBITDA": NaN,
        "EBIT": NaN,
        "Net Interest Income": NaN,
        "Interest Expense": NaN,
        "Interest Income": NaN,
        "Normalized Income": NaN,
        "Net Income From Continuing And Discontinued Operation": NaN,
        "Total Expenses": NaN,
        "Total Operating Income As Reported": NaN,
        "Diluted Average Shares": NaN,
        "Basic Average Shares": NaN,
        "Diluted EPS": NaN,
        "Basic EPS": NaN,
        "Diluted NI Availto Com Stockholders": NaN,
        "Net Income Common Stockholders": NaN,
        "Net Income": NaN,
        "Minority Interests": NaN,
        "Net Income Including Noncontrolling Interests": NaN,
        "Net Income Continuous Operations": NaN,
        "Tax Provision": NaN,
        "Pretax Income": NaN,
        "Other Income Expense": NaN,
        "Other Non Operating Income Expenses": NaN,
        "Special Income Charges": NaN,
        "Other Special Charges": NaN,
        "Gain On Sale Of Security": 0.0,
        "Net Non Operating Interest Income Expense": NaN,
        "Interest Expense Non Operating": NaN,
        "Interest Income Non Operating": NaN,
        "Operating Income": NaN,
        "Operating Expense": NaN,
        "Other Operating Expenses": NaN,
        "Selling General And Administration": NaN,
        "General And Administrative Expense": NaN,
        "Other Gand A": NaN,
        "Gross Profit": NaN,
        "Cost Of Revenue": NaN,
        "Total Revenue": NaN,
        "Operating Revenue": NaN
    },
    "2024-09-30": {
        "Tax Effect Of Unusual Items": 0.0,
        "Tax Rate For Calcs": 0.161,
        "Normalized EBITDA": 1991000000.0,
        "Total Unusual Items": 0.0,
        "Total Unusual Items Excluding Goodwill": 0.0,
        "Net Income From Continuing Operation Net Minority Interest": 893000000.0,
        "Reconciled Depreciation": 306000000.0,
        "Reconciled Cost Of Revenue": 2011000000.0,
        "EBITDA": 1991000000.0,
        "EBIT": 1685000000.0,
        "Net Interest Income": -206000000.0,
        "Interest Expense": 247000000.0,
        "Interest Income": 41000000.0,
        "Normalized Income": 893000000.0,
        "Net Income From Continuing And Discontinued Operation": 893000000.0,
        "Total Expenses": 2116000000.0,
        "Total Operating Income As Reported": 1647000000.0,
        "Diluted Average Shares": 227000000.0,
        "Basic Average Shares": 226300000.0,
        "Diluted EPS": 3.93,
        "Basic EPS": 3.95,
        "Diluted NI Availto Com Stockholders": 893000000.0,
        "Net Income Common Stockholders": 893000000.0,
        "Net Income": 893000000.0,
        "Minority Interests": -314000000.0,
        "Net Income Including Noncontrolling Interests": 1207000000.0,
        "Net Income Continuous Operations": 1207000000.0,
        "Tax Provision": 231000000.0,
        "Pretax Income": 1438000000.0,
        "Other Income Expense": -3000000.0,
        "Other Non Operating Income Expenses": -3000000.0,
        "Special Income Charges": 0.0,
        "Other Special Charges": NaN,
        "Net Non Operating Interest Income Expense": -206000000.0,
        "Interest Expense Non Operating": 247000000.0,
        "Interest Income Non Operating": 41000000.0,
        "Operating Income": 1647000000.0,
        "Operating Expense": 105000000.0,
        "Other Operating Expenses": 6000000.0,
        "Selling General And Administration": 99000000.0,
        "Gross Profit": 1752000000.0,
        "Cost Of Revenue": 2011000000.0,
        "Total Revenue": 3763000000.0,
        "Operating Revenue": 3588000000.0
    },
    "2024-12-31": {
        "Tax Effect Of Unusual Items": 0.0,
        "Tax Rate For Calcs": 0.168932,
        "Normalized EBITDA": 2093000000.0,
        "Total Unusual Items": 0.0,
        "Total Unusual Items Excluding Goodwill": 0.0,
        "Net Income From Continuing Operation Net Minority Interest": 977000000.0,
        "Reconciled Depreciation": 308000000.0,
        "Reconciled Cost Of Revenue": 2547000000.0,
        "EBITDA": 2093000000.0,
        "EBIT": 1785000000.0,
        "Net Interest Income": -200000000.0,
        "Interest Expense": 240000000.0,
        "Interest Income": 40000000.0,
        "Normalized Income": 977000000.0,
        "Net Income From Continuing And Discontinued Operation": 977000000.0,
        "Total Expenses": 2697000000.0,
        "Total Operating Income As Reported": 1739000000.0,
        "Diluted Average Shares": 225400000.0,
        "Basic Average Shares": 224500000.0,
        "Diluted EPS": 4.33,
        "Basic EPS": 4.35,
        "Diluted NI Availto Com Stockholders": 977000000.0,
        "Net Income Common Stockholders": 977000000.0,
        "Net Income": 977000000.0,
        "Minority Interests": -307000000.0,
        "Net Income Including Noncontrolling Interests": 1284000000.0,
        "Net Income Continuous Operations": 1284000000.0,
        "Tax Provision": 261000000.0,
        "Pretax Income": 1545000000.0,
        "Other Income Expense": 6000000.0,
        "Other Non Operating Income Expenses": 6000000.0,
        "Special Income Charges": 0.0,
        "Other Special Charges": 0.0,
        "Net Non Operating Interest Income Expense": -200000000.0,
        "Interest Expense Non Operating": 240000000.0,
        "Interest Income Non Operating": 40000000.0,
        "Operating Income": 1739000000.0,
        "Operating Expense": 150000000.0,
        "Other Operating Expenses": 8000000.0,
        "Selling General And Administration": 142000000.0,
        "Gross Profit": 1889000000.0,
        "Cost Of Revenue": 2547000000.0,
        "Total Revenue": 4436000000.0,
        "Operating Revenue": 4299000000.0
    },
    "2025-03-31": {
        "Tax Effect Of Unusual Items": 0.0,
        "Tax Rate For Calcs": 0.153,
        "Normalized EBITDA": 1330000000.0,
        "Total Unusual Items": NaN,
        "Total Unusual Items Excluding Goodwill": NaN,
        "Net Income From Continuing Operation Net Minority Interest": 353000000.0,
        "Reconciled Depreciation": 312000000.0,
        "Reconciled Cost Of Revenue": 4356000000.0,
        "EBITDA": 1330000000.0,
        "EBIT": 1018000000.0,
        "Net Interest Income": -192000000.0,
        "Interest Expense": 229000000.0,
        "Interest Income": 37000000.0,
        "Normalized Income": 353000000.0,
        "Net Income From Continuing And Discontinued Operation": 353000000.0,
        "Total Expenses": 4483000000.0,
        "Total Operating Income As Reported": 961000000.0,
        "Diluted Average Shares": 224100000.0,
        "Basic Average Shares": 223500000.0,
        "Diluted EPS": 1.57,
        "Basic EPS": 1.57,
        "Diluted NI Availto Com Stockholders": 353000000.0,
        "Net Income Common Stockholders": 353000000.0,
        "Net Income": 353000000.0,
        "Minority Interests": -315000000.0,
        "Net Income Including Noncontrolling Interests": 668000000.0,
        "Net Income Continuous Operations": 668000000.0,
        "Tax Provision": 121000000.0,
        "Pretax Income": 789000000.0,
        "Other Income Expense": 20000000.0,
        "Other Non Operating Income Expenses": 20000000.0,
        "Special Income Charges": NaN,
        "Other Special Charges": NaN,
        "Net Non Operating Interest Income Expense": -192000000.0,
        "Interest Expense Non Operating": 229000000.0,
        "Interest Income Non Operating": 37000000.0,
        "Operating Income": 961000000.0,
        "Operating Expense": 127000000.0,
        "Other Operating Expenses": 11000000.0,
        "Selling General And Administration": 116000000.0,
        "Gross Profit": 1088000000.0,
        "Cost Of Revenue": 4356000000.0,
        "Total Revenue": 5444000000.0,
        "Operating Revenue": 5339000000.0
    },
    "2025-06-30": {
        "Tax Effect Of Unusual Items": 0.0,
        "Tax Rate For Calcs": 0.183384,
        "Normalized EBITDA": 2889000000.0,
        "Total Unusual Items": 0.0,
        "Total Unusual Items Excluding Goodwill": 0.0,
        "Net Income From Continuing Operation Net Minority Interest": 1626000000.0,
        "Reconciled Depreciation": 329000000.0,
        "Reconciled Cost Of Revenue": 2005000000.0,
        "EBITDA": 2889000000.0,
        "EBIT": 2560000000.0,
        "Net Interest Income": -206000000.0,
        "Interest Expense": 237000000.0,
        "Interest Income": 31000000.0,
        "Normalized Income": 1626000000.0,
        "Net Income From Continuing And Discontinued Operation": 1626000000.0,
        "Total Expenses": 2111000000.0,
        "Total Operating Income As Reported": 2530000000.0,
        "Diluted Average Shares": 222300000.0,
        "Basic Average Shares": 221800000.0,
        "Diluted EPS": 7.3,
        "Basic EPS": 7.32,
        "Diluted NI Availto Com Stockholders": 1626000000.0,
        "Net Income Common Stockholders": 1626000000.0,
        "Net Income": 1626000000.0,
        "Minority Interests": -271000000.0,
        "Net Income Including Noncontrolling Interests": 1897000000.0,
        "Net Income Continuous Operations": 1897000000.0,
        "Tax Provision": 426000000.0,
        "Pretax Income": 2323000000.0,
        "Other Income Expense": -1000000.0,
        "Other Non Operating Income Expenses": -1000000.0,
        "Special Income Charges": 0.0,
        "Other Special Charges": NaN,
        "Net Non Operating Interest Income Expense": -206000000.0,
        "Interest Expense Non Operating": 237000000.0,
        "Interest Income Non Operating": 31000000.0,
        "Operating Income": 2530000000.0,
        "Operating Expense": 106000000.0,
        "Other Operating Expenses": 7000000.0,
        "Selling General And Administration": 99000000.0,
        "Gross Profit": 2636000000.0,
        "Cost Of Revenue": 2005000000.0,
        "Total Revenue": 4641000000.0,
        "Operating Revenue": 4549000000.0
    }
}