{
    "2023-09-30": {
        "Tax Effect Of Unusual Items": NaN,
        "Tax Rate For Calcs": NaN,
        "Total Unusual Items": NaN,
        "Total Unusual Items Excluding Goodwill": NaN,
        "Net Income From Continuing Operation Net Minority Interest": NaN,
        "Reconciled Depreciation": NaN,
        "Net Interest Income": NaN,
        "Interest Expense": NaN,
        "Interest Income": NaN,
        "Normalized Income": NaN,
        "Net Income From Continuing And Discontinued Operation": NaN,
        "Diluted Average Shares": 16235144.0,
        "Basic Average Shares": 16235144.0,
        "Diluted EPS": 0.08,
        "Basic EPS": 0.08,
        "Diluted NI Availto Com Stockholders": NaN,
        "Net Income Common Stockholders": NaN,
        "Net Income": NaN,
        "Net Income Including Noncontrolling Interests": NaN,
        "Net Income Continuous Operations": NaN,
        "Tax Provision": NaN,
        "Pretax Income": NaN,
        "Special Income Charges": NaN,
        "Restructuring And Mergern Acquisition": NaN,
        "Gain On Sale Of Security": NaN,
        "Depreciation Amortization Depletion Income Statement": 59000.0,
        "Depreciation And Amortization In Income Statement": 59000.0,
        "Amortization": 59000.0,
        "Amortization Of Intangibles Income Statement": 59000.0,
        "Selling General And Administration": NaN,
        "Selling And Marketing Expense": 77000.0,
        "General And Administrative Expense": NaN,
        "Insurance And Claims": NaN,
        "Salaries And Wages": NaN,
        "Total Revenue": NaN,
        "Operating Revenue": NaN,
        "Occupancy And Equipment": NaN,
        "Professional Expense And Contract Services Expense": NaN,
        "Other Non Interest Expense": NaN
    },
    "2023-06-30": {
        "Tax Effect Of Unusual Items": NaN,
        "Tax Rate For Calcs": NaN,
        "Total Unusual Items": NaN,
        "Total Unusual Items Excluding Goodwill": NaN,
        "Net Income From Continuing Operation Net Minority Interest": NaN,
        "Reconciled Depreciation": NaN,
        "Net Interest Income": NaN,
        "Interest Expense": NaN,
        "Interest Income": NaN,
        "Normalized Income": NaN,
        "Net Income From Continuing And Discontinued Operation": NaN,
        "Diluted Average Shares": NaN,
        "Basic Average Shares": NaN,
        "Diluted EPS": NaN,
        "Basic EPS": NaN,
        "Diluted NI Availto Com Stockholders": NaN,
        "Net Income Common Stockholders": NaN,
        "Net Income": NaN,
        "Net Income Including Noncontrolling Interests": NaN,
        "Net Income Continuous Operations": NaN,
        "Tax Provision": NaN,
        "Pretax Income": NaN,
        "Special Income Charges": NaN,
        "Restructuring And Mergern Acquisition": NaN,
        "Gain On Sale Of Security": NaN,
        "Depreciation Amortization Depletion Income Statement": 59000.0,
        "Depreciation And Amortization In Income Statement": 59000.0,
        "Amortization": 59000.0,
        "Amortization Of Intangibles Income Statement": 59000.0,
        "Selling General And Administration": NaN,
        "Selling And Marketing Expense": 104000.0,
        "General And Administrative Expense": NaN,
        "Insurance And Claims": NaN,
        "Salaries And Wages": NaN,
        "Total Revenue": NaN,
        "Operating Revenue": NaN,
        "Occupancy And Equipment": NaN,
        "Professional Expense And Contract Services Expense": NaN,
        "Other Non Interest Expense": NaN
    },
    "2023-03-31": {
        "Tax Effect Of Unusual Items": NaN,
        "Tax Rate For Calcs": NaN,
        "Total Unusual Items": NaN,
        "Total Unusual Items Excluding Goodwill": NaN,
        "Net Income From Continuing Operation Net Minority Interest": NaN,
        "Reconciled Depreciation": NaN,
        "Net Interest Income": NaN,
        "Interest Expense": NaN,
        "Interest Income": NaN,
        "Normalized Income": NaN,
        "Net Income From Continuing And Discontinued Operation": NaN,
        "Diluted Average Shares": NaN,
        "Basic Average Shares": NaN,
        "Diluted EPS": NaN,
        "Basic EPS": NaN,
        "Diluted NI Availto Com Stockholders": NaN,
        "Net Income Common Stockholders": NaN,
        "Net Income": NaN,
        "Net Income Including Noncontrolling Interests": NaN,
        "Net Income Continuous Operations": NaN,
        "Tax Provision": NaN,
        "Pretax Income": NaN,
        "Special Income Charges": NaN,
        "Restructuring And Mergern Acquisition": NaN,
        "Gain On Sale Of Security": NaN,
        "Depreciation Amortization Depletion Income Statement": 61000.0,
        "Depreciation And Amortization In Income Statement": 61000.0,
        "Amortization": 61000.0,
        "Amortization Of Intangibles Income Statement": 61000.0,
        "Selling General And Administration": NaN,
        "Selling And Marketing Expense": NaN,
        "General And Administrative Expense": NaN,
        "Insurance And Claims": NaN,
        "Salaries And Wages": NaN,
        "Total Revenue": NaN,
        "Operating Revenue": NaN,
        "Occupancy And Equipment": NaN,
        "Professional Expense And Contract Services Expense": NaN,
        "Other Non Interest Expense": NaN
    },
    "2022-12-31": {
        "Tax Effect Of Unusual Items": -258645.56962,
        "Tax Rate For Calcs": 0.265823,
        "Total Unusual Items": -973000.0,
        "Total Unusual Items Excluding Goodwill": -973000.0,
        "Net Income From Continuing Operation Net Minority Interest": 696000.0,
        "Reconciled Depreciation": 304000.0,
        "Net Interest Income": 8985000.0,
        "Interest Expense": 3221000.0,
        "Interest Income": 12206000.0,
        "Normalized Income": 1410354.43038,
        "Net Income From Continuing And Discontinued Operation": 696000.0,
        "Diluted Average Shares": 14939640.0,
        "Basic Average Shares": 14939640.0,
        "Diluted EPS": 0.05,
        "Basic EPS": 0.05,
        "Diluted NI Availto Com Stockholders": 696000.0,
        "Net Income Common Stockholders": 696000.0,
        "Net Income": 696000.0,
        "Net Income Including Noncontrolling Interests": 696000.0,
        "Net Income Continuous Operations": 696000.0,
        "Tax Provision": 252000.0,
        "Pretax Income": 948000.0,
        "Special Income Charges": -973000.0,
        "Restructuring And Mergern Acquisition": 973000.0,
        "Gain On Sale Of Security": 0.0,
        "Selling General And Administration": 4769000.0,
        "General And Administrative Expense": 4769000.0,
        "Insurance And Claims": 157000.0,
        "Salaries And Wages": 4612000.0,
        "Total Revenue": 9493000.0,
        "Operating Revenue": 9493000.0
    },
    "2022-09-30": {
        "Tax Effect Of Unusual Items": 0.0,
        "Tax Rate For Calcs": 0.176197,
        "Total Unusual Items": 0.0,
        "Total Unusual Items Excluding Goodwill": 0.0,
        "Net Income From Continuing Operation Net Minority Interest": 1772000.0,
        "Reconciled Depreciation": 288000.0,
        "Net Interest Income": 8670000.0,
        "Interest Expense": 1910000.0,
        "Interest Income": 10580000.0,
        "Normalized Income": 1772000.0,
        "Net Income From Continuing And Discontinued Operation": 1772000.0,
        "Diluted Average Shares": 10590079.0,
        "Basic Average Shares": 10590079.0,
        "Diluted EPS": 0.17,
        "Basic EPS": 0.17,
        "Diluted NI Availto Com Stockholders": 1772000.0,
        "Net Income Common Stockholders": 1772000.0,
        "Net Income": 1772000.0,
        "Net Income Including Noncontrolling Interests": 1772000.0,
        "Net Income Continuous Operations": 1772000.0,
        "Tax Provision": 379000.0,
        "Pretax Income": 2151000.0,
        "Special Income Charges": 0.0,
        "Restructuring And Mergern Acquisition": 0.0,
        "Gain On Sale Of Security": 0.0,
        "Selling General And Administration": 4375000.0,
        "General And Administrative Expense": 4375000.0,
        "Insurance And Claims": 141000.0,
        "Salaries And Wages": 4234000.0,
        "Total Revenue": 9711000.0,
        "Operating Revenue": 9711000.0
    },
    "2023-12-31": {
        "Tax Effect Of Unusual Items": NaN,
        "Tax Rate For Calcs": NaN,
        "Total Unusual Items": NaN,
        "Total Unusual Items Excluding Goodwill": NaN,
        "Net Income From Continuing Operation Net Minority Interest": NaN,
        "Reconciled Depreciation": NaN,
        "Net Interest Income": NaN,
        "Interest Expense": NaN,
        "Interest Income": NaN,
        "Normalized Income": NaN,
        "Net Income From Continuing And Discontinued Operation": NaN,
        "Diluted Average Shares": NaN,
        "Basic Average Shares": NaN,
        "Diluted EPS": NaN,
        "Basic EPS": NaN,
        "Diluted NI Availto Com Stockholders": NaN,
        "Net Income Common Stockholders": NaN,
        "Net Income": NaN,
        "Net Income Including Noncontrolling Interests": NaN,
        "Net Income Continuous Operations": NaN,
        "Tax Provision": NaN,
        "Pretax Income": NaN,
        "Special Income Charges": NaN,
        "Gain On Sale Of Business": NaN,
        "Restructuring And Mergern Acquisition": NaN,
        "Gain On Sale Of Security": 0.0,
        "Depreciation Amortization Depletion Income Statement": NaN,
        "Depreciation And Amortization In Income Statement": NaN,
        "Amortization": NaN,
        "Amortization Of Intangibles Income Statement": NaN,
        "Selling General And Administration": NaN,
        "Selling And Marketing Expense": NaN,
        "General And Administrative Expense": NaN,
        "Insurance And Claims": NaN,
        "Salaries And Wages": NaN,
        "Total Revenue": NaN,
        "Operating Revenue": NaN,
        "Occupancy And Equipment": NaN,
        "Professional Expense And Contract Services Expense": NaN,
        "Other Non Interest Expense": NaN
    },
    "2024-03-31": {
        "Tax Effect Of Unusual Items": NaN,
        "Tax Rate For Calcs": NaN,
        "Total Unusual Items": NaN,
        "Total Unusual Items Excluding Goodwill": NaN,
        "Net Income From Continuing Operation Net Minority Interest": NaN,
        "Reconciled Depreciation": NaN,
        "Net Interest Income": NaN,
        "Interest Expense": NaN,
        "Interest Income": NaN,
        "Normalized Income": NaN,
        "Net Income From Continuing And Discontinued Operation": NaN,
        "Diluted Average Shares": NaN,
        "Basic Average Shares": NaN,
        "Diluted EPS": NaN,
        "Basic EPS": NaN,
        "Diluted NI Availto Com Stockholders": NaN,
        "Net Income Common Stockholders": NaN,
        "Net Income": NaN,
        "Net Income Including Noncontrolling Interests": NaN,
        "Net Income Continuous Operations": NaN,
        "Tax Provision": NaN,
        "Pretax Income": NaN,
        "Special Income Charges": NaN,
        "Gain On Sale Of Business": 0.0,
        "Restructuring And Mergern Acquisition": NaN,
        "Gain On Sale Of Security": 0.0,
        "Depreciation Amortization Depletion Income Statement": NaN,
        "Depreciation And Amortization In Income Statement": NaN,
        "Amortization": NaN,
        "Amortization Of Intangibles Income Statement": NaN,
        "Selling General And Administration": NaN,
        "Selling And Marketing Expense": NaN,
        "General And Administrative Expense": NaN,
        "Insurance And Claims": NaN,
        "Salaries And Wages": NaN,
        "Total Revenue": NaN,
        "Operating Revenue": NaN,
        "Occupancy And Equipment": NaN,
        "Professional Expense And Contract Services Expense": NaN,
        "Other Non Interest Expense": NaN
    },
    "2024-06-30": {
        "Tax Effect Of Unusual Items": NaN,
        "Tax Rate For Calcs": NaN,
        "Total Unusual Items": NaN,
        "Total Unusual Items Excluding Goodwill": NaN,
        "Net Income From Continuing Operation Net Minority Interest": NaN,
        "Reconciled Depreciation": NaN,
        "Net Interest Income": NaN,
        "Interest Expense": NaN,
        "Interest Income": NaN,
        "Normalized Income": NaN,
        "Net Income From Continuing And Discontinued Operation": NaN,
        "Diluted Average Shares": NaN,
        "Basic Average Shares": NaN,
        "Diluted EPS": NaN,
        "Basic EPS": NaN,
        "Diluted NI Availto Com Stockholders": NaN,
        "Net Income Common Stockholders": NaN,
        "Net Income": NaN,
        "Net Income Including Noncontrolling Interests": NaN,
        "Net Income Continuous Operations": NaN,
        "Tax Provision": NaN,
        "Pretax Income": NaN,
        "Special Income Charges": NaN,
        "Gain On Sale Of Business": 0.0,
        "Restructuring And Mergern Acquisition": NaN,
        "Gain On Sale Of Security": 4000.0,
        "Depreciation Amortization Depletion Income Statement": NaN,
        "Depreciation And Amortization In Income Statement": NaN,
        "Amortization": NaN,
        "Amortization Of Intangibles Income Statement": NaN,
        "Selling General And Administration": NaN,
        "Selling And Marketing Expense": NaN,
        "General And Administrative Expense": NaN,
        "Insurance And Claims": NaN,
        "Salaries And Wages": NaN,
        "Total Revenue": NaN,
        "Operating Revenue": NaN,
        "Occupancy And Equipment": NaN,
        "Professional Expense And Contract Services Expense": NaN,
        "Other Non Interest Expense": NaN
    },
    "2024-09-30": {
        "Tax Effect Of Unusual Items": -38041.643836,
        "Tax Rate For Calcs": 0.222466,
        "Total Unusual Items": -171000.0,
        "Total Unusual Items Excluding Goodwill": -171000.0,
        "Net Income From Continuing Operation Net Minority Interest": 7095000.0,
        "Reconciled Depreciation": 1664000.0,
        "Net Interest Income": 24981000.0,
        "Interest Expense": 15213000.0,
        "Interest Income": 40194000.0,
        "Normalized Income": 7227958.356164,
        "Net Income From Continuing And Discontinued Operation": 7095000.0,
        "Diluted Average Shares": 37090111.0,
        "Basic Average Shares": 36983637.0,
        "Diluted EPS": 0.19,
        "Basic EPS": 0.19,
        "Diluted NI Availto Com Stockholders": 7095000.0,
        "Net Income Common Stockholders": 7095000.0,
        "Net Income": 7095000.0,
        "Net Income Including Noncontrolling Interests": 7095000.0,
        "Net Income Continuous Operations": 7095000.0,
        "Tax Provision": 2030000.0,
        "Pretax Income": 9125000.0,
        "Special Income Charges": -171000.0,
        "Gain On Sale Of Business": 0.0,
        "Restructuring And Mergern Acquisition": 171000.0,
        "Gain On Sale Of Security": 0.0,
        "Depreciation Amortization Depletion Income Statement": 1205000.0,
        "Depreciation And Amortization In Income Statement": 1205000.0,
        "Amortization": 1205000.0,
        "Amortization Of Intangibles Income Statement": 1205000.0,
        "Selling General And Administration": 10830000.0,
        "Selling And Marketing Expense": 163000.0,
        "General And Administrative Expense": 10667000.0,
        "Insurance And Claims": 812000.0,
        "Salaries And Wages": 9855000.0,
        "Total Revenue": 27661000.0,
        "Operating Revenue": 27661000.0,
        "Occupancy And Equipment": 3080000.0,
        "Professional Expense And Contract Services Expense": 763000.0,
        "Other Non Interest Expense": 2403000.0
    },
    "2024-12-31": {
        "Tax Effect Of Unusual Items": -12238.639876,
        "Tax Rate For Calcs": 0.218547,
        "Total Unusual Items": -56000.0,
        "Total Unusual Items Excluding Goodwill": -56000.0,
        "Net Income From Continuing Operation Net Minority Interest": 7584000.0,
        "Reconciled Depreciation": 1583000.0,
        "Net Interest Income": 25545000.0,
        "Interest Expense": 14761000.0,
        "Interest Income": 40306000.0,
        "Normalized Income": 7627761.360124,
        "Net Income From Continuing And Discontinued Operation": 7584000.0,
        "Diluted Average Shares": 37166107.0,
        "Basic Average Shares": 37045701.0,
        "Diluted EPS": 0.2,
        "Basic EPS": 0.2,
        "Diluted NI Availto Com Stockholders": 7584000.0,
        "Net Income Common Stockholders": 7584000.0,
        "Net Income": 7584000.0,
        "Net Income Including Noncontrolling Interests": 7584000.0,
        "Net Income Continuous Operations": 7584000.0,
        "Tax Provision": 2121000.0,
        "Pretax Income": 9705000.0,
        "Special Income Charges": -56000.0,
        "Gain On Sale Of Business": NaN,
        "Restructuring And Mergern Acquisition": 56000.0,
        "Gain On Sale Of Security": 0.0,
        "Depreciation Amortization Depletion Income Statement": 1163000.0,
        "Depreciation And Amortization In Income Statement": 1163000.0,
        "Amortization": 1163000.0,
        "Amortization Of Intangibles Income Statement": 1163000.0,
        "Selling General And Administration": 10962000.0,
        "Selling And Marketing Expense": 128000.0,
        "General And Administrative Expense": 10834000.0,
        "Insurance And Claims": 687000.0,
        "Salaries And Wages": 10147000.0,
        "Total Revenue": 28140000.0,
        "Operating Revenue": 28140000.0,
        "Occupancy And Equipment": 3252000.0,
        "Professional Expense And Contract Services Expense": 531000.0,
        "Other Non Interest Expense": 2339000.0
    },
    "2025-03-31": {
        "Tax Effect Of Unusual Items": 2221452.0,
        "Tax Rate For Calcs": 0.201,
        "Total Unusual Items": 11052000.0,
        "Total Unusual Items Excluding Goodwill": 11052000.0,
        "Net Income From Continuing Operation Net Minority Interest": 15343000.0,
        "Reconciled Depreciation": 1501000.0,
        "Net Interest Income": 25831000.0,
        "Interest Expense": 14311000.0,
        "Interest Income": 40142000.0,
        "Normalized Income": 6512452.0,
        "Net Income From Continuing And Discontinued Operation": 15343000.0,
        "Diluted Average Shares": 37221939.0,
        "Basic Average Shares": 37105480.0,
        "Diluted EPS": 0.41,
        "Basic EPS": 0.41,
        "Diluted NI Availto Com Stockholders": 15343000.0,
        "Net Income Common Stockholders": 15343000.0,
        "Net Income": 15343000.0,
        "Net Income Including Noncontrolling Interests": 15343000.0,
        "Net Income Continuous Operations": 15343000.0,
        "Tax Provision": 3859000.0,
        "Pretax Income": 19202000.0,
        "Special Income Charges": 11052000.0,
        "Gain On Sale Of Business": 11093000.0,
        "Restructuring And Mergern Acquisition": 41000.0,
        "Gain On Sale Of Security": NaN,
        "Depreciation Amortization Depletion Income Statement": 1084000.0,
        "Depreciation And Amortization In Income Statement": 1084000.0,
        "Amortization": 1084000.0,
        "Amortization Of Intangibles Income Statement": 1084000.0,
        "Selling General And Administration": 11899000.0,
        "Selling And Marketing Expense": 144000.0,
        "General And Administrative Expense": 11755000.0,
        "Insurance And Claims": 599000.0,
        "Salaries And Wages": 11156000.0,
        "Total Revenue": 27995000.0,
        "Operating Revenue": 27995000.0,
        "Occupancy And Equipment": 3507000.0,
        "Professional Expense And Contract Services Expense": 487000.0,
        "Other Non Interest Expense": 2640000.0
    },
    "2025-06-30": {
        "Tax Effect Of Unusual Items": -3520.0,
        "Tax Rate For Calcs": 0.22,
        "Total Unusual Items": -16000.0,
        "Total Unusual Items Excluding Goodwill": -16000.0,
        "Net Income From Continuing Operation Net Minority Interest": 7387000.0,
        "Reconciled Depreciation": 1489000.0,
        "Net Interest Income": 24949000.0,
        "Interest Expense": 14377000.0,
        "Interest Income": 39326000.0,
        "Normalized Income": 7399480.0,
        "Net Income From Continuing And Discontinued Operation": 7387000.0,
        "Diluted Average Shares": 37244008.0,
        "Basic Average Shares": 37136851.0,
        "Diluted EPS": 0.2,
        "Basic EPS": 0.2,
        "Diluted NI Availto Com Stockholders": 7387000.0,
        "Net Income Common Stockholders": 7387000.0,
        "Net Income": 7387000.0,
        "Net Income Including Noncontrolling Interests": 7387000.0,
        "Net Income Continuous Operations": 7387000.0,
        "Tax Provision": 2086000.0,
        "Pretax Income": 9473000.0,
        "Special Income Charges": -16000.0,
        "Gain On Sale Of Business": 0.0,
        "Restructuring And Mergern Acquisition": 16000.0,
        "Gain On Sale Of Security": 0.0,
        "Depreciation Amortization Depletion Income Statement": 1083000.0,
        "Depreciation And Amortization In Income Statement": 1083000.0,
        "Amortization": 1083000.0,
        "Amortization Of Intangibles Income Statement": 1083000.0,
        "Selling General And Administration": 10965000.0,
        "Selling And Marketing Expense": 176000.0,
        "General And Administrative Expense": 10789000.0,
        "Insurance And Claims": 537000.0,
        "Salaries And Wages": 10252000.0,
        "Total Revenue": 27882000.0,
        "Operating Revenue": 27882000.0,
        "Occupancy And Equipment": 3360000.0,
        "Professional Expense And Contract Services Expense": 728000.0,
        "Other Non Interest Expense": 1913000.0
    },
    "2025-09-30": {
        "Tax Effect Of Unusual Items": 0.0,
        "Tax Rate For Calcs": 0.21743,
        "Total Unusual Items": 0.0,
        "Total Unusual Items Excluding Goodwill": 0.0,
        "Net Income From Continuing Operation Net Minority Interest": 7839000.0,
        "Reconciled Depreciation": 1491000.0,
        "Net Interest Income": 26386000.0,
        "Interest Expense": 15638000.0,
        "Interest Income": 42024000.0,
        "Normalized Income": 7839000.0,
        "Net Income From Continuing And Discontinued Operation": 7839000.0,
        "Diluted Average Shares": 37335646.0,
        "Basic Average Shares": 37192313.0,
        "Diluted EPS": 0.21,
        "Basic EPS": 0.21,
        "Diluted NI Availto Com Stockholders": 7839000.0,
        "Net Income Common Stockholders": 7839000.0,
        "Net Income": 7839000.0,
        "Net Income Including Noncontrolling Interests": 7839000.0,
        "Net Income Continuous Operations": 7839000.0,
        "Tax Provision": 2178000.0,
        "Pretax Income": 10017000.0,
        "Special Income Charges": 0.0,
        "Gain On Sale Of Business": 0.0,
        "Restructuring And Mergern Acquisition": 0.0,
        "Gain On Sale Of Security": 0.0,
        "Depreciation Amortization Depletion Income Statement": 1083000.0,
        "Depreciation And Amortization In Income Statement": 1083000.0,
        "Amortization": 1083000.0,
        "Amortization Of Intangibles Income Statement": 1083000.0,
        "Selling General And Administration": 11080000.0,
        "Selling And Marketing Expense": 128000.0,
        "General And Administrative Expense": 10952000.0,
        "Insurance And Claims": 439000.0,
        "Salaries And Wages": 10513000.0,
        "Total Revenue": 29191000.0,
        "Operating Revenue": 29191000.0,
        "Occupancy And Equipment": 3419000.0,
        "Professional Expense And Contract Services Expense": 593000.0,
        "Other Non Interest Expense": 1996000.0
    }
}