{
    "2023-03-31": {
        "Tax Effect Of Unusual Items": NaN,
        "Tax Rate For Calcs": NaN,
        "Normalized EBITDA": NaN,
        "Total Unusual Items": NaN,
        "Total Unusual Items Excluding Goodwill": NaN,
        "Net Income From Continuing Operation Net Minority Interest": NaN,
        "Reconciled Depreciation": NaN,
        "Reconciled Cost Of Revenue": NaN,
        "EBITDA": NaN,
        "EBIT": NaN,
        "Normalized Income": NaN,
        "Net Income From Continuing And Discontinued Operation": NaN,
        "Total Expenses": NaN,
        "Total Operating Income As Reported": NaN,
        "Diluted Average Shares": 10716000.0,
        "Basic Average Shares": 10716000.0,
        "Diluted EPS": -0.4,
        "Basic EPS": -0.4,
        "Diluted NI Availto Com Stockholders": NaN,
        "Average Dilution Earnings": NaN,
        "Net Income Common Stockholders": NaN,
        "Otherunder Preferred Stock Dividend": NaN,
        "Net Income": NaN,
        "Net Income Including Noncontrolling Interests": NaN,
        "Net Income Continuous Operations": NaN,
        "Pretax Income": NaN,
        "Other Income Expense": NaN,
        "Other Non Operating Income Expenses": NaN,
        "Special Income Charges": NaN,
        "Impairment Of Capital Assets": NaN,
        "Gain On Sale Of Security": NaN,
        "Operating Income": NaN,
        "Operating Expense": NaN,
        "Depreciation Amortization Depletion Income Statement": NaN,
        "Depreciation And Amortization In Income Statement": NaN,
        "Amortization": NaN,
        "Amortization Of Intangibles Income Statement": NaN,
        "Research And Development": NaN,
        "Selling General And Administration": NaN,
        "Gross Profit": NaN,
        "Cost Of Revenue": NaN,
        "Total Revenue": NaN,
        "Operating Revenue": NaN
    },
    "2022-12-31": {
        "Tax Effect Of Unusual Items": NaN,
        "Tax Rate For Calcs": NaN,
        "Normalized EBITDA": NaN,
        "Total Unusual Items": NaN,
        "Total Unusual Items Excluding Goodwill": NaN,
        "Net Income From Continuing Operation Net Minority Interest": NaN,
        "Reconciled Depreciation": NaN,
        "Reconciled Cost Of Revenue": NaN,
        "EBITDA": NaN,
        "EBIT": NaN,
        "Normalized Income": NaN,
        "Net Income From Continuing And Discontinued Operation": NaN,
        "Total Expenses": NaN,
        "Total Operating Income As Reported": NaN,
        "Diluted Average Shares": 10364000.0,
        "Basic Average Shares": 10364000.0,
        "Diluted EPS": -0.24,
        "Basic EPS": -0.24,
        "Diluted NI Availto Com Stockholders": NaN,
        "Average Dilution Earnings": NaN,
        "Net Income Common Stockholders": NaN,
        "Otherunder Preferred Stock Dividend": NaN,
        "Net Income": NaN,
        "Net Income Including Noncontrolling Interests": NaN,
        "Net Income Continuous Operations": NaN,
        "Pretax Income": NaN,
        "Other Income Expense": NaN,
        "Other Non Operating Income Expenses": NaN,
        "Gain On Sale Of Security": NaN,
        "Operating Income": NaN,
        "Operating Expense": NaN,
        "Depreciation Amortization Depletion Income Statement": NaN,
        "Depreciation And Amortization In Income Statement": NaN,
        "Amortization": NaN,
        "Amortization Of Intangibles Income Statement": NaN,
        "Research And Development": NaN,
        "Selling General And Administration": NaN,
        "Gross Profit": NaN,
        "Cost Of Revenue": NaN,
        "Total Revenue": NaN,
        "Operating Revenue": NaN
    },
    "2022-09-30": {
        "Tax Effect Of Unusual Items": NaN,
        "Tax Rate For Calcs": NaN,
        "Normalized EBITDA": NaN,
        "Total Unusual Items": NaN,
        "Total Unusual Items Excluding Goodwill": NaN,
        "Net Income From Continuing Operation Net Minority Interest": NaN,
        "Reconciled Depreciation": NaN,
        "Reconciled Cost Of Revenue": NaN,
        "EBITDA": NaN,
        "EBIT": NaN,
        "Normalized Income": NaN,
        "Net Income From Continuing And Discontinued Operation": NaN,
        "Total Expenses": NaN,
        "Total Operating Income As Reported": NaN,
        "Diluted Average Shares": NaN,
        "Basic Average Shares": NaN,
        "Diluted EPS": NaN,
        "Basic EPS": NaN,
        "Diluted NI Availto Com Stockholders": NaN,
        "Average Dilution Earnings": 0.0,
        "Net Income Common Stockholders": NaN,
        "Otherunder Preferred Stock Dividend": 0.0,
        "Net Income": NaN,
        "Net Income Including Noncontrolling Interests": NaN,
        "Net Income Continuous Operations": NaN,
        "Pretax Income": NaN,
        "Other Income Expense": NaN,
        "Other Non Operating Income Expenses": NaN,
        "Gain On Sale Of Security": NaN,
        "Operating Income": NaN,
        "Operating Expense": NaN,
        "Depreciation Amortization Depletion Income Statement": NaN,
        "Depreciation And Amortization In Income Statement": NaN,
        "Amortization": NaN,
        "Amortization Of Intangibles Income Statement": NaN,
        "Research And Development": NaN,
        "Selling General And Administration": NaN,
        "Gross Profit": NaN,
        "Cost Of Revenue": NaN,
        "Total Revenue": NaN,
        "Operating Revenue": NaN
    },
    "2022-06-30": {
        "Tax Effect Of Unusual Items": 0.0,
        "Tax Rate For Calcs": 0.0,
        "Normalized EBITDA": -6511000.0,
        "Total Unusual Items": NaN,
        "Total Unusual Items Excluding Goodwill": NaN,
        "Net Income From Continuing Operation Net Minority Interest": -6759000.0,
        "Reconciled Depreciation": 287000.0,
        "Reconciled Cost Of Revenue": 3146000.0,
        "EBITDA": -6511000.0,
        "EBIT": -6798000.0,
        "Normalized Income": -6759000.0,
        "Net Income From Continuing And Discontinued Operation": -6759000.0,
        "Total Expenses": 14836000.0,
        "Total Operating Income As Reported": -6798000.0,
        "Diluted Average Shares": 10073000.0,
        "Basic Average Shares": 10073000.0,
        "Diluted EPS": -0.67,
        "Basic EPS": -0.67,
        "Diluted NI Availto Com Stockholders": -6759000.0,
        "Net Income Common Stockholders": -6759000.0,
        "Net Income": -6759000.0,
        "Net Income Including Noncontrolling Interests": -6759000.0,
        "Net Income Continuous Operations": -6759000.0,
        "Pretax Income": -6759000.0,
        "Other Income Expense": 39000.0,
        "Other Non Operating Income Expenses": 39000.0,
        "Gain On Sale Of Security": NaN,
        "Operating Income": -6798000.0,
        "Operating Expense": 11690000.0,
        "Depreciation Amortization Depletion Income Statement": 287000.0,
        "Depreciation And Amortization In Income Statement": 287000.0,
        "Amortization": 287000.0,
        "Amortization Of Intangibles Income Statement": 287000.0,
        "Research And Development": 3834000.0,
        "Selling General And Administration": 7569000.0,
        "Gross Profit": 4892000.0,
        "Cost Of Revenue": 3146000.0,
        "Total Revenue": 8038000.0,
        "Operating Revenue": 8038000.0
    },
    "2022-03-31": {
        "Diluted EPS": -0.67,
        "Total Revenue": 9,
        "Gross Profit": 5,
        "Operating Income": -7,
        "EBIT": -6,
        "Net Income": -7
    },
    "2021-12-31": {
        "Diluted EPS": -0.41,
        "Total Revenue": 11,
        "Gross Profit": 6,
        "Operating Income": -4,
        "EBIT": -3,
        "Net Income": -4
    },
    "2021-09-30": {
        "Diluted EPS": -0.65,
        "Total Revenue": 8,
        "Gross Profit": 4,
        "Operating Income": -6,
        "EBIT": -5,
        "Net Income": -6
    },
    "2021-06-30": {
        "Diluted EPS": -0.47,
        "Total Revenue": 8,
        "Gross Profit": 4,
        "Operating Income": -4,
        "EBIT": -4,
        "Net Income": -4
    },
    "2021-03-31": {
        "Diluted EPS": -0.56,
        "Total Revenue": 7,
        "Gross Profit": 4,
        "Operating Income": -5,
        "EBIT": -5,
        "Net Income": -5
    },
    "2020-12-31": {
        "Diluted EPS": 4.0,
        "Total Revenue": 8,
        "Gross Profit": 5,
        "Operating Income": -7,
        "EBIT": -6,
        "Net Income": -7
    },
    "2020-09-30": {
        "Diluted EPS": -0.64,
        "Total Revenue": 7,
        "Gross Profit": 4,
        "Operating Income": -5,
        "EBIT": -4,
        "Net Income": -5
    },
    "2020-06-30": {
        "Diluted EPS": -4.2,
        "Total Revenue": 5,
        "Gross Profit": 2,
        "Operating Income": -4,
        "EBIT": -3,
        "Net Income": -4
    },
    "2020-03-31": {
        "Diluted EPS": -3.44,
        "Total Revenue": 6,
        "Gross Profit": 4,
        "Operating Income": -3,
        "EBIT": -2,
        "Net Income": -4
    },
    "2019-12-31": {
        "Diluted EPS": 0.0,
        "Total Revenue": NaN,
        "Gross Profit": NaN,
        "Operating Income": NaN,
        "EBIT": NaN,
        "Net Income": NaN
    },
    "2019-09-30": {
        "Diluted EPS": -5.44,
        "Total Revenue": 8,
        "Gross Profit": 3,
        "Operating Income": -5,
        "EBIT": -5,
        "Net Income": -6
    },
    "2018-12-31": {
        "Diluted EPS": 0.0,
        "Total Revenue": NaN,
        "Gross Profit": NaN,
        "Operating Income": NaN,
        "EBIT": NaN,
        "Net Income": NaN
    },
    "2023-06-30": {
        "Tax Effect Of Unusual Items": NaN,
        "Tax Rate For Calcs": NaN,
        "Normalized EBITDA": NaN,
        "Total Unusual Items": NaN,
        "Total Unusual Items Excluding Goodwill": NaN,
        "Net Income From Continuing Operation Net Minority Interest": NaN,
        "Reconciled Depreciation": NaN,
        "Reconciled Cost Of Revenue": NaN,
        "EBITDA": NaN,
        "EBIT": NaN,
        "Normalized Income": NaN,
        "Net Income From Continuing And Discontinued Operation": NaN,
        "Total Expenses": NaN,
        "Total Operating Income As Reported": NaN,
        "Diluted Average Shares": NaN,
        "Basic Average Shares": NaN,
        "Diluted EPS": NaN,
        "Basic EPS": NaN,
        "Diluted NI Availto Com Stockholders": NaN,
        "Average Dilution Earnings": NaN,
        "Net Income Common Stockholders": NaN,
        "Otherunder Preferred Stock Dividend": NaN,
        "Net Income": NaN,
        "Net Income Including Noncontrolling Interests": NaN,
        "Net Income Continuous Operations": NaN,
        "Pretax Income": NaN,
        "Other Income Expense": NaN,
        "Other Non Operating Income Expenses": NaN,
        "Special Income Charges": 0.0,
        "Impairment Of Capital Assets": 0.0,
        "Gain On Sale Of Security": NaN,
        "Operating Income": NaN,
        "Operating Expense": NaN,
        "Depreciation Amortization Depletion Income Statement": NaN,
        "Depreciation And Amortization In Income Statement": NaN,
        "Amortization": NaN,
        "Amortization Of Intangibles Income Statement": NaN,
        "Research And Development": NaN,
        "Selling General And Administration": NaN,
        "Gross Profit": NaN,
        "Cost Of Revenue": NaN,
        "Total Revenue": NaN,
        "Operating Revenue": NaN
    },
    "2023-09-30": {
        "Tax Effect Of Unusual Items": NaN,
        "Tax Rate For Calcs": NaN,
        "Normalized EBITDA": NaN,
        "Total Unusual Items": NaN,
        "Total Unusual Items Excluding Goodwill": NaN,
        "Net Income From Continuing Operation Net Minority Interest": NaN,
        "Reconciled Depreciation": NaN,
        "Reconciled Cost Of Revenue": NaN,
        "EBITDA": NaN,
        "EBIT": NaN,
        "Normalized Income": NaN,
        "Net Income From Continuing And Discontinued Operation": NaN,
        "Total Expenses": NaN,
        "Total Operating Income As Reported": NaN,
        "Diluted Average Shares": NaN,
        "Basic Average Shares": NaN,
        "Diluted EPS": NaN,
        "Basic EPS": NaN,
        "Diluted NI Availto Com Stockholders": NaN,
        "Average Dilution Earnings": -4233000.0,
        "Net Income Common Stockholders": NaN,
        "Otherunder Preferred Stock Dividend": 1135000.0,
        "Net Income": NaN,
        "Net Income Including Noncontrolling Interests": NaN,
        "Net Income Continuous Operations": NaN,
        "Pretax Income": NaN,
        "Other Income Expense": NaN,
        "Other Non Operating Income Expenses": NaN,
        "Special Income Charges": 0.0,
        "Impairment Of Capital Assets": 0.0,
        "Gain On Sale Of Security": NaN,
        "Operating Income": NaN,
        "Operating Expense": NaN,
        "Depreciation Amortization Depletion Income Statement": NaN,
        "Depreciation And Amortization In Income Statement": NaN,
        "Amortization": NaN,
        "Amortization Of Intangibles Income Statement": NaN,
        "Research And Development": NaN,
        "Selling General And Administration": NaN,
        "Gross Profit": NaN,
        "Cost Of Revenue": NaN,
        "Total Revenue": NaN,
        "Operating Revenue": NaN
    },
    "2023-12-31": {
        "Tax Effect Of Unusual Items": 0.0,
        "Tax Rate For Calcs": 0.0,
        "Normalized EBITDA": -839000.0,
        "Total Unusual Items": -1198000.0,
        "Total Unusual Items Excluding Goodwill": -1198000.0,
        "Net Income From Continuing Operation Net Minority Interest": -3926000.0,
        "Reconciled Depreciation": 924000.0,
        "Reconciled Cost Of Revenue": 6305000.0,
        "EBITDA": -2037000.0,
        "EBIT": -2961000.0,
        "Normalized Income": -2728000.0,
        "Net Income From Continuing And Discontinued Operation": -3926000.0,
        "Total Expenses": 15066000.0,
        "Total Operating Income As Reported": -2961000.0,
        "Diluted Average Shares": NaN,
        "Basic Average Shares": NaN,
        "Diluted EPS": NaN,
        "Basic EPS": NaN,
        "Diluted NI Availto Com Stockholders": -3926000.0,
        "Average Dilution Earnings": NaN,
        "Net Income Common Stockholders": -3926000.0,
        "Otherunder Preferred Stock Dividend": NaN,
        "Net Income": -3926000.0,
        "Net Income Including Noncontrolling Interests": -3926000.0,
        "Net Income Continuous Operations": -3926000.0,
        "Pretax Income": -3926000.0,
        "Other Income Expense": -965000.0,
        "Other Non Operating Income Expenses": 233000.0,
        "Special Income Charges": NaN,
        "Impairment Of Capital Assets": NaN,
        "Gain On Sale Of Security": -1198000.0,
        "Operating Income": -2961000.0,
        "Operating Expense": 8110000.0,
        "Depreciation Amortization Depletion Income Statement": 273000.0,
        "Depreciation And Amortization In Income Statement": 273000.0,
        "Amortization": 273000.0,
        "Amortization Of Intangibles Income Statement": 273000.0,
        "Research And Development": 1463000.0,
        "Selling General And Administration": 6374000.0,
        "Gross Profit": 5149000.0,
        "Cost Of Revenue": 6956000.0,
        "Total Revenue": 12105000.0,
        "Operating Revenue": 12105000.0
    },
    "2024-03-31": {
        "Tax Effect Of Unusual Items": 0.0,
        "Tax Rate For Calcs": 0.0,
        "Normalized EBITDA": -2424000.0,
        "Total Unusual Items": 495000.0,
        "Total Unusual Items Excluding Goodwill": 495000.0,
        "Net Income From Continuing Operation Net Minority Interest": -2157000.0,
        "Reconciled Depreciation": 921000.0,
        "Reconciled Cost Of Revenue": 4277000.0,
        "EBITDA": -1929000.0,
        "EBIT": -2850000.0,
        "Normalized Income": -2652000.0,
        "Net Income From Continuing And Discontinued Operation": -2157000.0,
        "Total Expenses": 13438000.0,
        "Total Operating Income As Reported": -2850000.0,
        "Diluted Average Shares": 11387000.0,
        "Basic Average Shares": 11387000.0,
        "Diluted EPS": -0.19,
        "Basic EPS": -0.19,
        "Diluted NI Availto Com Stockholders": -2157000.0,
        "Average Dilution Earnings": NaN,
        "Net Income Common Stockholders": -2157000.0,
        "Net Income": -2157000.0,
        "Net Income Including Noncontrolling Interests": -2157000.0,
        "Net Income Continuous Operations": -2157000.0,
        "Pretax Income": -2157000.0,
        "Other Income Expense": 693000.0,
        "Other Non Operating Income Expenses": 198000.0,
        "Special Income Charges": NaN,
        "Impairment Of Capital Assets": NaN,
        "Gain On Sale Of Security": 495000.0,
        "Operating Income": -2850000.0,
        "Operating Expense": 8514000.0,
        "Depreciation Amortization Depletion Income Statement": 274000.0,
        "Depreciation And Amortization In Income Statement": 274000.0,
        "Amortization": 274000.0,
        "Amortization Of Intangibles Income Statement": 274000.0,
        "Research And Development": 1444000.0,
        "Selling General And Administration": 6796000.0,
        "Gross Profit": 5664000.0,
        "Cost Of Revenue": 4924000.0,
        "Total Revenue": 10588000.0,
        "Operating Revenue": 10588000.0
    },
    "2024-06-30": {
        "Tax Effect Of Unusual Items": NaN,
        "Tax Rate For Calcs": NaN,
        "Normalized EBITDA": NaN,
        "Total Unusual Items": NaN,
        "Total Unusual Items Excluding Goodwill": NaN,
        "Net Income From Continuing Operation Net Minority Interest": NaN,
        "Reconciled Depreciation": NaN,
        "Reconciled Cost Of Revenue": NaN,
        "EBITDA": NaN,
        "EBIT": NaN,
        "Normalized Income": NaN,
        "Net Income From Continuing And Discontinued Operation": NaN,
        "Total Expenses": NaN,
        "Total Operating Income As Reported": NaN,
        "Diluted Average Shares": NaN,
        "Basic Average Shares": NaN,
        "Diluted EPS": NaN,
        "Basic EPS": NaN,
        "Diluted NI Availto Com Stockholders": NaN,
        "Average Dilution Earnings": NaN,
        "Net Income Common Stockholders": NaN,
        "Net Income": NaN,
        "Net Income Including Noncontrolling Interests": NaN,
        "Net Income Continuous Operations": NaN,
        "Pretax Income": NaN,
        "Other Income Expense": NaN,
        "Other Non Operating Income Expenses": NaN,
        "Special Income Charges": -3729000.0,
        "Impairment Of Capital Assets": 3729000.0,
        "Gain On Sale Of Security": NaN,
        "Operating Income": NaN,
        "Operating Expense": NaN,
        "Depreciation Amortization Depletion Income Statement": NaN,
        "Depreciation And Amortization In Income Statement": NaN,
        "Amortization": NaN,
        "Amortization Of Intangibles Income Statement": NaN,
        "Research And Development": NaN,
        "Selling General And Administration": NaN,
        "Gross Profit": NaN,
        "Cost Of Revenue": NaN,
        "Total Revenue": NaN,
        "Operating Revenue": NaN
    },
    "2024-09-30": {
        "Tax Effect Of Unusual Items": 0.0,
        "Tax Rate For Calcs": 0.0,
        "Normalized EBITDA": 171000.0,
        "Total Unusual Items": -410000.0,
        "Total Unusual Items Excluding Goodwill": -410000.0,
        "Net Income From Continuing Operation Net Minority Interest": -1502000.0,
        "Reconciled Depreciation": 1006000.0,
        "Reconciled Cost Of Revenue": 6499000.0,
        "EBITDA": -239000.0,
        "EBIT": -1245000.0,
        "Normalized Income": -1092000.0,
        "Net Income From Continuing And Discontinued Operation": -1502000.0,
        "Total Expenses": 14784000.0,
        "Total Operating Income As Reported": -1245000.0,
        "Diluted Average Shares": 11604000.0,
        "Basic Average Shares": 11604000.0,
        "Diluted EPS": -0.13,
        "Basic EPS": -0.13,
        "Diluted NI Availto Com Stockholders": -1502000.0,
        "Average Dilution Earnings": 0.0,
        "Net Income Common Stockholders": -1502000.0,
        "Net Income": -1502000.0,
        "Net Income Including Noncontrolling Interests": -1502000.0,
        "Net Income Continuous Operations": -1502000.0,
        "Pretax Income": -1502000.0,
        "Other Income Expense": -257000.0,
        "Other Non Operating Income Expenses": 153000.0,
        "Special Income Charges": 0.0,
        "Impairment Of Capital Assets": 0.0,
        "Gain On Sale Of Security": -410000.0,
        "Operating Income": -1245000.0,
        "Operating Expense": 7511000.0,
        "Depreciation Amortization Depletion Income Statement": 232000.0,
        "Depreciation And Amortization In Income Statement": 232000.0,
        "Amortization": 232000.0,
        "Amortization Of Intangibles Income Statement": 232000.0,
        "Research And Development": 1202000.0,
        "Selling General And Administration": 6077000.0,
        "Gross Profit": 6266000.0,
        "Cost Of Revenue": 7273000.0,
        "Total Revenue": 13539000.0,
        "Operating Revenue": 13539000.0
    },
    "2024-12-31": {
        "Tax Effect Of Unusual Items": 0.0,
        "Tax Rate For Calcs": 0.0,
        "Normalized EBITDA": 17377000.0,
        "Total Unusual Items": -17561000.0,
        "Total Unusual Items Excluding Goodwill": -17561000.0,
        "Net Income From Continuing Operation Net Minority Interest": -18702000.0,
        "Reconciled Depreciation": 1106000.0,
        "Reconciled Cost Of Revenue": 8749000.0,
        "EBITDA": -184000.0,
        "EBIT": -1290000.0,
        "Normalized Income": -1141000.0,
        "Net Income From Continuing And Discontinued Operation": -18702000.0,
        "Total Expenses": 18021000.0,
        "Total Operating Income As Reported": -1290000.0,
        "Diluted Average Shares": 11628000.0,
        "Basic Average Shares": 11628000.0,
        "Diluted EPS": -1.61,
        "Basic EPS": -1.61,
        "Diluted NI Availto Com Stockholders": -18702000.0,
        "Average Dilution Earnings": NaN,
        "Net Income Common Stockholders": -18702000.0,
        "Net Income": -18702000.0,
        "Net Income Including Noncontrolling Interests": -18702000.0,
        "Net Income Continuous Operations": -18702000.0,
        "Pretax Income": -18702000.0,
        "Other Income Expense": -17412000.0,
        "Other Non Operating Income Expenses": 149000.0,
        "Special Income Charges": 0.0,
        "Impairment Of Capital Assets": 0.0,
        "Gain On Sale Of Security": -17561000.0,
        "Operating Income": -1290000.0,
        "Operating Expense": 8398000.0,
        "Depreciation Amortization Depletion Income Statement": 232000.0,
        "Depreciation And Amortization In Income Statement": 232000.0,
        "Amortization": 232000.0,
        "Amortization Of Intangibles Income Statement": 232000.0,
        "Research And Development": 1335000.0,
        "Selling General And Administration": 6831000.0,
        "Gross Profit": 7108000.0,
        "Cost Of Revenue": 9623000.0,
        "Total Revenue": 16731000.0,
        "Operating Revenue": 16731000.0
    },
    "2025-03-31": {
        "Tax Effect Of Unusual Items": 0.0,
        "Tax Rate For Calcs": 0.0,
        "Normalized EBITDA": 17000000.0,
        "Total Unusual Items": -21714000.0,
        "Total Unusual Items Excluding Goodwill": -21714000.0,
        "Net Income From Continuing Operation Net Minority Interest": -27345000.0,
        "Reconciled Depreciation": 1076000.0,
        "Reconciled Cost Of Revenue": 6190000.0,
        "EBITDA": -4714000.0,
        "EBIT": -5790000.0,
        "Normalized Income": -5631000.0,
        "Net Income From Continuing And Discontinued Operation": -27345000.0,
        "Total Expenses": 19949000.0,
        "Total Operating Income As Reported": -5790000.0,
        "Diluted Average Shares": 11774000.0,
        "Basic Average Shares": 11774000.0,
        "Diluted EPS": -2.32,
        "Basic EPS": -2.32,
        "Diluted NI Availto Com Stockholders": -27345000.0,
        "Average Dilution Earnings": NaN,
        "Net Income Common Stockholders": -27345000.0,
        "Net Income": -27345000.0,
        "Net Income Including Noncontrolling Interests": -27345000.0,
        "Net Income Continuous Operations": -27345000.0,
        "Pretax Income": -27345000.0,
        "Other Income Expense": -21555000.0,
        "Other Non Operating Income Expenses": 159000.0,
        "Special Income Charges": NaN,
        "Impairment Of Capital Assets": NaN,
        "Gain On Sale Of Security": -21714000.0,
        "Operating Income": -5790000.0,
        "Operating Expense": 12915000.0,
        "Depreciation Amortization Depletion Income Statement": 232000.0,
        "Depreciation And Amortization In Income Statement": 232000.0,
        "Amortization": 232000.0,
        "Amortization Of Intangibles Income Statement": 232000.0,
        "Research And Development": 1534000.0,
        "Selling General And Administration": 11149000.0,
        "Gross Profit": 7125000.0,
        "Cost Of Revenue": 7034000.0,
        "Total Revenue": 14159000.0,
        "Operating Revenue": 14159000.0
    },
    "2025-06-30": {
        "Tax Effect Of Unusual Items": 0.0,
        "Tax Rate For Calcs": 0.0,
        "Normalized EBITDA": -9526000.0,
        "Total Unusual Items": 4332000.0,
        "Total Unusual Items Excluding Goodwill": 4332000.0,
        "Net Income From Continuing Operation Net Minority Interest": -1764000.0,
        "Reconciled Depreciation": 1095000.0,
        "Reconciled Cost Of Revenue": 6046000.0,
        "EBITDA": -5194000.0,
        "EBIT": -6289000.0,
        "Normalized Income": -6096000.0,
        "Net Income From Continuing And Discontinued Operation": -1764000.0,
        "Total Expenses": 20224000.0,
        "Total Operating Income As Reported": -6289000.0,
        "Diluted Average Shares": 11937000.0,
        "Basic Average Shares": 11937000.0,
        "Diluted EPS": -0.15,
        "Basic EPS": -0.15,
        "Diluted NI Availto Com Stockholders": -1764000.0,
        "Average Dilution Earnings": NaN,
        "Net Income Common Stockholders": -1764000.0,
        "Net Income": -1764000.0,
        "Net Income Including Noncontrolling Interests": -1764000.0,
        "Net Income Continuous Operations": -1764000.0,
        "Pretax Income": -1764000.0,
        "Other Income Expense": 4525000.0,
        "Other Non Operating Income Expenses": 193000.0,
        "Special Income Charges": 0.0,
        "Impairment Of Capital Assets": 0.0,
        "Gain On Sale Of Security": 4332000.0,
        "Operating Income": -6289000.0,
        "Operating Expense": 13313000.0,
        "Depreciation Amortization Depletion Income Statement": 230000.0,
        "Depreciation And Amortization In Income Statement": 230000.0,
        "Amortization": 230000.0,
        "Amortization Of Intangibles Income Statement": 230000.0,
        "Research And Development": 1425000.0,
        "Selling General And Administration": 11658000.0,
        "Gross Profit": 7024000.0,
        "Cost Of Revenue": 6911000.0,
        "Total Revenue": 13935000.0,
        "Operating Revenue": 13935000.0
    },
    "2025-09-30": {
        "Tax Effect Of Unusual Items": 0.0,
        "Tax Rate For Calcs": 0.0,
        "Normalized EBITDA": -10157000.0,
        "Total Unusual Items": 3734000.0,
        "Total Unusual Items Excluding Goodwill": 3734000.0,
        "Net Income From Continuing Operation Net Minority Interest": -3713000.0,
        "Reconciled Depreciation": 1157000.0,
        "Reconciled Cost Of Revenue": 7352000.0,
        "EBITDA": -6423000.0,
        "EBIT": -7580000.0,
        "Normalized Income": -7447000.0,
        "Net Income From Continuing And Discontinued Operation": -3713000.0,
        "Total Expenses": 21896000.0,
        "Total Operating Income As Reported": -7580000.0,
        "Diluted Average Shares": 12044000.0,
        "Basic Average Shares": 12044000.0,
        "Diluted EPS": -0.31,
        "Basic EPS": -0.31,
        "Diluted NI Availto Com Stockholders": -3713000.0,
        "Average Dilution Earnings": NaN,
        "Net Income Common Stockholders": -3713000.0,
        "Net Income": -3713000.0,
        "Net Income Including Noncontrolling Interests": -3713000.0,
        "Net Income Continuous Operations": -3713000.0,
        "Pretax Income": -3713000.0,
        "Other Income Expense": 3867000.0,
        "Other Non Operating Income Expenses": 133000.0,
        "Special Income Charges": 0.0,
        "Impairment Of Capital Assets": 0.0,
        "Gain On Sale Of Security": 3734000.0,
        "Operating Income": -7580000.0,
        "Operating Expense": 13616000.0,
        "Depreciation Amortization Depletion Income Statement": 229000.0,
        "Depreciation And Amortization In Income Statement": 229000.0,
        "Amortization": 229000.0,
        "Amortization Of Intangibles Income Statement": 229000.0,
        "Research And Development": 1367000.0,
        "Selling General And Administration": 12020000.0,
        "Gross Profit": 6036000.0,
        "Cost Of Revenue": 8280000.0,
        "Total Revenue": 14316000.0,
        "Operating Revenue": 14316000.0
    }
}