{
    "2024-03-31": {
        "Tax Effect Of Unusual Items": -319497.0,
        "Tax Rate For Calcs": 0.379,
        "Normalized EBITDA": 32143000.0,
        "Total Unusual Items": -843000.0,
        "Total Unusual Items Excluding Goodwill": -843000.0,
        "Net Income From Continuing Operation Net Minority Interest": 2249000.0,
        "Reconciled Depreciation": 9943000.0,
        "Reconciled Cost Of Revenue": 43879000.0,
        "EBITDA": 31300000.0,
        "EBIT": 21357000.0,
        "Net Interest Income": -17734000.0,
        "Interest Expense": 17734000.0,
        "Normalized Income": 2772503.0,
        "Net Income From Continuing And Discontinued Operation": 2249000.0,
        "Total Expenses": 69644000.0,
        "Total Operating Income As Reported": 21357000.0,
        "Diluted Average Shares": 88000000.0,
        "Basic Average Shares": 88000000.0,
        "Diluted EPS": 0.025557,
        "Basic EPS": 0.025557,
        "Diluted NI Availto Com Stockholders": 2249000.0,
        "Net Income Common Stockholders": 2249000.0,
        "Net Income": 2249000.0,
        "Net Income Including Noncontrolling Interests": 2249000.0,
        "Net Income Continuous Operations": 2249000.0,
        "Tax Provision": 1374000.0,
        "Pretax Income": 3623000.0,
        "Other Income Expense": -843000.0,
        "Special Income Charges": -843000.0,
        "Restructuring And Mergern Acquisition": 843000.0,
        "Net Non Operating Interest Income Expense": -17734000.0,
        "Total Other Finance Cost": NaN,
        "Interest Expense Non Operating": 17734000.0,
        "Operating Income": 22200000.0,
        "Operating Expense": 22233000.0,
        "Other Operating Expenses": NaN,
        "Depreciation Amortization Depletion Income Statement": 6411000.0,
        "Depreciation And Amortization In Income Statement": 6411000.0,
        "Amortization": 6411000.0,
        "Amortization Of Intangibles Income Statement": 6411000.0,
        "Research And Development": 2029000.0,
        "Selling General And Administration": 13793000.0,
        "General And Administrative Expense": 13793000.0,
        "Other Gand A": 13706000.0,
        "Salaries And Wages": 87000.0,
        "Gross Profit": 44433000.0,
        "Cost Of Revenue": 47411000.0,
        "Total Revenue": 91844000.0,
        "Operating Revenue": 91844000.0
    },
    "2023-03-31": {
        "Tax Effect Of Unusual Items": -88410.0,
        "Tax Rate For Calcs": 0.21,
        "Normalized EBITDA": 26802000.0,
        "Total Unusual Items": -421000.0,
        "Total Unusual Items Excluding Goodwill": -421000.0,
        "Net Income From Continuing Operation Net Minority Interest": -7519000.0,
        "Reconciled Depreciation": 9326000.0,
        "Reconciled Cost Of Revenue": 34973000.0,
        "EBITDA": 26381000.0,
        "EBIT": 17055000.0,
        "Net Interest Income": -15402000.0,
        "Interest Expense": 15402000.0,
        "Normalized Income": -7186410.0,
        "Net Income From Continuing And Discontinued Operation": -7519000.0,
        "Total Expenses": 56770000.0,
        "Total Operating Income As Reported": 17055000.0,
        "Diluted Average Shares": 77000000.0,
        "Basic Average Shares": 77000000.0,
        "Diluted EPS": -0.097649,
        "Basic EPS": -0.097649,
        "Diluted NI Availto Com Stockholders": -7519000.0,
        "Net Income Common Stockholders": -7519000.0,
        "Net Income": -7519000.0,
        "Net Income Including Noncontrolling Interests": -7519000.0,
        "Net Income Continuous Operations": -7519000.0,
        "Tax Provision": 9172000.0,
        "Pretax Income": 1653000.0,
        "Other Income Expense": -421000.0,
        "Special Income Charges": -421000.0,
        "Restructuring And Mergern Acquisition": 421000.0,
        "Net Non Operating Interest Income Expense": -15402000.0,
        "Total Other Finance Cost": NaN,
        "Interest Expense Non Operating": 15402000.0,
        "Operating Income": 17476000.0,
        "Operating Expense": 18559000.0,
        "Other Operating Expenses": -48000.0,
        "Depreciation Amortization Depletion Income Statement": 6088000.0,
        "Depreciation And Amortization In Income Statement": 6088000.0,
        "Amortization": 6088000.0,
        "Amortization Of Intangibles Income Statement": 6088000.0,
        "Research And Development": 1428000.0,
        "Selling General And Administration": 11091000.0,
        "General And Administrative Expense": 11091000.0,
        "Other Gand A": 10999000.0,
        "Salaries And Wages": 92000.0,
        "Gross Profit": 36035000.0,
        "Cost Of Revenue": 38211000.0,
        "Total Revenue": 74246000.0,
        "Operating Revenue": 74246000.0
    },
    "2024-06-30": {
        "Tax Effect Of Unusual Items": NaN,
        "Tax Rate For Calcs": NaN,
        "Normalized EBITDA": NaN,
        "Total Unusual Items": NaN,
        "Total Unusual Items Excluding Goodwill": NaN,
        "Net Income From Continuing Operation Net Minority Interest": NaN,
        "Reconciled Depreciation": NaN,
        "Reconciled Cost Of Revenue": NaN,
        "EBITDA": NaN,
        "EBIT": NaN,
        "Net Interest Income": NaN,
        "Interest Expense": NaN,
        "Normalized Income": NaN,
        "Net Income From Continuing And Discontinued Operation": NaN,
        "Total Expenses": NaN,
        "Total Operating Income As Reported": NaN,
        "Diluted Average Shares": NaN,
        "Basic Average Shares": NaN,
        "Diluted EPS": NaN,
        "Basic EPS": NaN,
        "Diluted NI Availto Com Stockholders": NaN,
        "Net Income Common Stockholders": NaN,
        "Net Income": NaN,
        "Net Income Including Noncontrolling Interests": NaN,
        "Net Income Continuous Operations": NaN,
        "Tax Provision": NaN,
        "Pretax Income": NaN,
        "Other Income Expense": NaN,
        "Special Income Charges": NaN,
        "Other Special Charges": 1645000.0,
        "Restructuring And Mergern Acquisition": NaN,
        "Net Non Operating Interest Income Expense": NaN,
        "Total Other Finance Cost": 1645000.0,
        "Interest Expense Non Operating": NaN,
        "Operating Income": NaN,
        "Operating Expense": NaN,
        "Other Operating Expenses": -2867000.0,
        "Depreciation Amortization Depletion Income Statement": NaN,
        "Depreciation And Amortization In Income Statement": NaN,
        "Amortization": NaN,
        "Amortization Of Intangibles Income Statement": NaN,
        "Research And Development": NaN,
        "Selling General And Administration": NaN,
        "General And Administrative Expense": NaN,
        "Other Gand A": NaN,
        "Salaries And Wages": NaN,
        "Gross Profit": NaN,
        "Cost Of Revenue": NaN,
        "Total Revenue": NaN,
        "Operating Revenue": NaN
    },
    "2023-06-30": {
        "Tax Effect Of Unusual Items": NaN,
        "Tax Rate For Calcs": NaN,
        "Normalized EBITDA": NaN,
        "Total Unusual Items": NaN,
        "Total Unusual Items Excluding Goodwill": NaN,
        "Net Income From Continuing Operation Net Minority Interest": NaN,
        "Reconciled Depreciation": NaN,
        "Reconciled Cost Of Revenue": NaN,
        "EBITDA": NaN,
        "EBIT": NaN,
        "Net Interest Income": NaN,
        "Interest Expense": NaN,
        "Normalized Income": NaN,
        "Net Income From Continuing And Discontinued Operation": NaN,
        "Total Expenses": NaN,
        "Total Operating Income As Reported": NaN,
        "Diluted Average Shares": 77000000.0,
        "Basic Average Shares": 77000000.0,
        "Diluted EPS": 0.008091,
        "Basic EPS": 0.008091,
        "Diluted NI Availto Com Stockholders": NaN,
        "Net Income Common Stockholders": NaN,
        "Net Income": NaN,
        "Net Income Including Noncontrolling Interests": NaN,
        "Net Income Continuous Operations": NaN,
        "Tax Provision": NaN,
        "Pretax Income": NaN,
        "Other Income Expense": NaN,
        "Special Income Charges": NaN,
        "Restructuring And Mergern Acquisition": NaN,
        "Net Non Operating Interest Income Expense": NaN,
        "Total Other Finance Cost": NaN,
        "Interest Expense Non Operating": NaN,
        "Operating Income": NaN,
        "Operating Expense": NaN,
        "Other Operating Expenses": -79000.0,
        "Depreciation Amortization Depletion Income Statement": NaN,
        "Depreciation And Amortization In Income Statement": NaN,
        "Amortization": NaN,
        "Amortization Of Intangibles Income Statement": NaN,
        "Research And Development": NaN,
        "Selling General And Administration": NaN,
        "General And Administrative Expense": NaN,
        "Other Gand A": NaN,
        "Salaries And Wages": NaN,
        "Gross Profit": NaN,
        "Cost Of Revenue": NaN,
        "Total Revenue": NaN,
        "Operating Revenue": NaN
    },
    "2024-09-30": {
        "Tax Effect Of Unusual Items": -553992.0,
        "Tax Rate For Calcs": 0.328,
        "Normalized EBITDA": 35257000.0,
        "Total Unusual Items": -1689000.0,
        "Total Unusual Items Excluding Goodwill": -1689000.0,
        "Net Income From Continuing Operation Net Minority Interest": 8656000.0,
        "Reconciled Depreciation": 10720000.0,
        "Reconciled Cost Of Revenue": 47030000.0,
        "EBITDA": 33568000.0,
        "EBIT": 22848000.0,
        "Net Interest Income": -9962000.0,
        "Interest Expense": 9962000.0,
        "Normalized Income": 9791008.0,
        "Net Income From Continuing And Discontinued Operation": 8656000.0,
        "Total Expenses": 78982000.0,
        "Total Operating Income As Reported": 22848000.0,
        "Diluted Average Shares": 91931000.0,
        "Basic Average Shares": 89704000.0,
        "Diluted EPS": 0.09,
        "Basic EPS": 0.1,
        "Diluted NI Availto Com Stockholders": 8656000.0,
        "Net Income Common Stockholders": 8656000.0,
        "Net Income": 8656000.0,
        "Net Income Including Noncontrolling Interests": 8656000.0,
        "Net Income Continuous Operations": 8656000.0,
        "Tax Provision": 4230000.0,
        "Pretax Income": 12886000.0,
        "Other Income Expense": -1689000.0,
        "Special Income Charges": -1689000.0,
        "Other Special Charges": NaN,
        "Restructuring And Mergern Acquisition": 1689000.0,
        "Net Non Operating Interest Income Expense": -9962000.0,
        "Total Other Finance Cost": NaN,
        "Interest Expense Non Operating": 9962000.0,
        "Operating Income": 24537000.0,
        "Operating Expense": 28367000.0,
        "Other Operating Expenses": -1574000.0,
        "Depreciation Amortization Depletion Income Statement": 7135000.0,
        "Depreciation And Amortization In Income Statement": 7135000.0,
        "Amortization": 7135000.0,
        "Amortization Of Intangibles Income Statement": 7135000.0,
        "Research And Development": 2103000.0,
        "Selling General And Administration": 20703000.0,
        "General And Administrative Expense": 20703000.0,
        "Other Gand A": 17609000.0,
        "Salaries And Wages": 3094000.0,
        "Gross Profit": 52904000.0,
        "Cost Of Revenue": 50615000.0,
        "Total Revenue": 103519000.0,
        "Operating Revenue": 103519000.0
    },
    "2023-12-31": {
        "Tax Effect Of Unusual Items": NaN,
        "Tax Rate For Calcs": NaN,
        "Normalized EBITDA": NaN,
        "Total Unusual Items": NaN,
        "Total Unusual Items Excluding Goodwill": NaN,
        "Net Income From Continuing Operation Net Minority Interest": NaN,
        "Reconciled Depreciation": NaN,
        "Reconciled Cost Of Revenue": NaN,
        "EBITDA": NaN,
        "EBIT": NaN,
        "Net Interest Income": NaN,
        "Interest Expense": NaN,
        "Normalized Income": NaN,
        "Net Income From Continuing And Discontinued Operation": NaN,
        "Total Expenses": NaN,
        "Total Operating Income As Reported": NaN,
        "Diluted Average Shares": NaN,
        "Basic Average Shares": NaN,
        "Diluted EPS": NaN,
        "Basic EPS": NaN,
        "Diluted NI Availto Com Stockholders": NaN,
        "Net Income Common Stockholders": NaN,
        "Net Income": NaN,
        "Net Income Including Noncontrolling Interests": NaN,
        "Net Income Continuous Operations": NaN,
        "Tax Provision": NaN,
        "Pretax Income": NaN,
        "Other Income Expense": NaN,
        "Special Income Charges": NaN,
        "Other Special Charges": NaN,
        "Restructuring And Mergern Acquisition": NaN,
        "Net Non Operating Interest Income Expense": NaN,
        "Total Other Finance Cost": NaN,
        "Interest Expense Non Operating": NaN,
        "Operating Income": NaN,
        "Operating Expense": NaN,
        "Other Operating Expenses": -279000.0,
        "Depreciation Amortization Depletion Income Statement": NaN,
        "Depreciation And Amortization In Income Statement": NaN,
        "Amortization": NaN,
        "Amortization Of Intangibles Income Statement": NaN,
        "Research And Development": NaN,
        "Selling General And Administration": NaN,
        "General And Administrative Expense": NaN,
        "Other Gand A": NaN,
        "Salaries And Wages": NaN,
        "Gross Profit": NaN,
        "Cost Of Revenue": NaN,
        "Total Revenue": NaN,
        "Operating Revenue": NaN
    },
    "2023-09-30": {
        "Tax Effect Of Unusual Items": NaN,
        "Tax Rate For Calcs": NaN,
        "Normalized EBITDA": NaN,
        "Total Unusual Items": NaN,
        "Total Unusual Items Excluding Goodwill": NaN,
        "Net Income From Continuing Operation Net Minority Interest": NaN,
        "Reconciled Depreciation": NaN,
        "Reconciled Cost Of Revenue": NaN,
        "EBITDA": NaN,
        "EBIT": NaN,
        "Net Interest Income": NaN,
        "Interest Expense": NaN,
        "Normalized Income": NaN,
        "Net Income From Continuing And Discontinued Operation": NaN,
        "Total Expenses": NaN,
        "Total Operating Income As Reported": NaN,
        "Diluted Average Shares": NaN,
        "Basic Average Shares": NaN,
        "Diluted EPS": NaN,
        "Basic EPS": NaN,
        "Diluted NI Availto Com Stockholders": NaN,
        "Net Income Common Stockholders": NaN,
        "Net Income": NaN,
        "Net Income Including Noncontrolling Interests": NaN,
        "Net Income Continuous Operations": NaN,
        "Tax Provision": NaN,
        "Pretax Income": NaN,
        "Other Income Expense": NaN,
        "Special Income Charges": NaN,
        "Restructuring And Mergern Acquisition": NaN,
        "Net Non Operating Interest Income Expense": NaN,
        "Total Other Finance Cost": NaN,
        "Interest Expense Non Operating": NaN,
        "Operating Income": NaN,
        "Operating Expense": NaN,
        "Other Operating Expenses": -356000.0,
        "Depreciation Amortization Depletion Income Statement": NaN,
        "Depreciation And Amortization In Income Statement": NaN,
        "Amortization": NaN,
        "Amortization Of Intangibles Income Statement": NaN,
        "Research And Development": NaN,
        "Selling General And Administration": NaN,
        "General And Administrative Expense": NaN,
        "Other Gand A": NaN,
        "Salaries And Wages": NaN,
        "Gross Profit": NaN,
        "Cost Of Revenue": NaN,
        "Total Revenue": NaN,
        "Operating Revenue": NaN
    },
    "2024-12-31": {
        "Tax Effect Of Unusual Items": -1272180.0,
        "Tax Rate For Calcs": 0.21,
        "Normalized EBITDA": 35121000.0,
        "Total Unusual Items": -6058000.0,
        "Total Unusual Items Excluding Goodwill": -6058000.0,
        "Net Income From Continuing Operation Net Minority Interest": 3685000.0,
        "Reconciled Depreciation": 12638000.0,
        "Reconciled Cost Of Revenue": 52183000.0,
        "EBITDA": 29063000.0,
        "EBIT": 16425000.0,
        "Net Interest Income": -13780000.0,
        "Interest Expense": 13780000.0,
        "Normalized Income": 8470820.0,
        "Net Income From Continuing And Discontinued Operation": 3685000.0,
        "Total Expenses": 87958000.0,
        "Total Operating Income As Reported": 21239000.0,
        "Diluted Average Shares": 93242000.0,
        "Basic Average Shares": 90541000.0,
        "Diluted EPS": 0.04,
        "Basic EPS": 0.04,
        "Diluted NI Availto Com Stockholders": 3685000.0,
        "Net Income Common Stockholders": 3685000.0,
        "Net Income": 3685000.0,
        "Net Income Including Noncontrolling Interests": 3685000.0,
        "Net Income Continuous Operations": 3685000.0,
        "Tax Provision": -1040000.0,
        "Pretax Income": 2645000.0,
        "Other Income Expense": -6058000.0,
        "Special Income Charges": -6058000.0,
        "Other Special Charges": 4814000.0,
        "Restructuring And Mergern Acquisition": 1244000.0,
        "Net Non Operating Interest Income Expense": -13780000.0,
        "Total Other Finance Cost": 4814000.0,
        "Interest Expense Non Operating": 13780000.0,
        "Operating Income": 22483000.0,
        "Operating Expense": 31479000.0,
        "Other Operating Expenses": -11000.0,
        "Depreciation Amortization Depletion Income Statement": 8342000.0,
        "Depreciation And Amortization In Income Statement": 8342000.0,
        "Amortization": 8342000.0,
        "Amortization Of Intangibles Income Statement": 8342000.0,
        "Research And Development": 2050000.0,
        "Selling General And Administration": 21098000.0,
        "General And Administrative Expense": 21098000.0,
        "Other Gand A": 17563000.0,
        "Salaries And Wages": 3535000.0,
        "Gross Profit": 53962000.0,
        "Cost Of Revenue": 56479000.0,
        "Total Revenue": 110441000.0,
        "Operating Revenue": 110441000.0
    },
    "2025-03-31": {
        "Tax Effect Of Unusual Items": -200466.0,
        "Tax Rate For Calcs": 0.222,
        "Normalized EBITDA": 39506000.0,
        "Total Unusual Items": -903000.0,
        "Total Unusual Items Excluding Goodwill": -903000.0,
        "Net Income From Continuing Operation Net Minority Interest": 15316000.0,
        "Reconciled Depreciation": 12459000.0,
        "Reconciled Cost Of Revenue": 50902000.0,
        "EBITDA": 38603000.0,
        "EBIT": 26144000.0,
        "Net Interest Income": -6459000.0,
        "Interest Expense": 6459000.0,
        "Normalized Income": 16018534.0,
        "Net Income From Continuing And Discontinued Operation": 15316000.0,
        "Total Expenses": 87612000.0,
        "Total Operating Income As Reported": 26144000.0,
        "Diluted Average Shares": 95771000.0,
        "Basic Average Shares": 93556000.0,
        "Diluted EPS": 0.16,
        "Basic EPS": 0.16,
        "Diluted NI Availto Com Stockholders": 15316000.0,
        "Net Income Common Stockholders": 15316000.0,
        "Net Income": 15316000.0,
        "Net Income Including Noncontrolling Interests": 15316000.0,
        "Net Income Continuous Operations": 15316000.0,
        "Tax Provision": 4369000.0,
        "Pretax Income": 19685000.0,
        "Other Income Expense": -903000.0,
        "Special Income Charges": -903000.0,
        "Other Special Charges": NaN,
        "Restructuring And Mergern Acquisition": 903000.0,
        "Net Non Operating Interest Income Expense": -6459000.0,
        "Total Other Finance Cost": NaN,
        "Interest Expense Non Operating": 6459000.0,
        "Operating Income": 27047000.0,
        "Operating Expense": 32659000.0,
        "Other Operating Expenses": NaN,
        "Depreciation Amortization Depletion Income Statement": 8408000.0,
        "Depreciation And Amortization In Income Statement": 8408000.0,
        "Amortization": 8408000.0,
        "Amortization Of Intangibles Income Statement": 8408000.0,
        "Research And Development": 2916000.0,
        "Selling General And Administration": 21335000.0,
        "General And Administrative Expense": 21335000.0,
        "Other Gand A": 18246000.0,
        "Salaries And Wages": 3089000.0,
        "Gross Profit": 59706000.0,
        "Cost Of Revenue": 54953000.0,
        "Total Revenue": 114659000.0,
        "Operating Revenue": 114659000.0
    },
    "2025-06-30": {
        "Tax Effect Of Unusual Items": -501732.0,
        "Tax Rate For Calcs": 0.198,
        "Normalized EBITDA": 42537000.0,
        "Total Unusual Items": -2534000.0,
        "Total Unusual Items Excluding Goodwill": -2534000.0,
        "Net Income From Continuing Operation Net Minority Interest": 16713000.0,
        "Reconciled Depreciation": 12686000.0,
        "Reconciled Cost Of Revenue": 52688000.0,
        "EBITDA": 40003000.0,
        "EBIT": 27317000.0,
        "Net Interest Income": -6481000.0,
        "Interest Expense": 6481000.0,
        "Normalized Income": 18745268.0,
        "Net Income From Continuing And Discontinued Operation": 16713000.0,
        "Total Expenses": 93272000.0,
        "Total Operating Income As Reported": 27317000.0,
        "Diluted Average Shares": 96113000.0,
        "Basic Average Shares": 93586000.0,
        "Diluted EPS": 0.17,
        "Basic EPS": 0.18,
        "Diluted NI Availto Com Stockholders": 16713000.0,
        "Net Income Common Stockholders": 16713000.0,
        "Net Income": 16713000.0,
        "Net Income Including Noncontrolling Interests": 16713000.0,
        "Net Income Continuous Operations": 16713000.0,
        "Tax Provision": 4123000.0,
        "Pretax Income": 20836000.0,
        "Other Income Expense": -2534000.0,
        "Special Income Charges": -2534000.0,
        "Other Special Charges": NaN,
        "Restructuring And Mergern Acquisition": 2534000.0,
        "Net Non Operating Interest Income Expense": -6481000.0,
        "Total Other Finance Cost": NaN,
        "Interest Expense Non Operating": 6481000.0,
        "Operating Income": 29851000.0,
        "Operating Expense": 36348000.0,
        "Other Operating Expenses": NaN,
        "Depreciation Amortization Depletion Income Statement": 8450000.0,
        "Depreciation And Amortization In Income Statement": 8450000.0,
        "Amortization": 8450000.0,
        "Amortization Of Intangibles Income Statement": 8450000.0,
        "Research And Development": 3605000.0,
        "Selling General And Administration": 24293000.0,
        "General And Administrative Expense": 24293000.0,
        "Other Gand A": 20643000.0,
        "Salaries And Wages": 3650000.0,
        "Gross Profit": 66199000.0,
        "Cost Of Revenue": 56924000.0,
        "Total Revenue": 123123000.0,
        "Operating Revenue": 123123000.0
    },
    "2025-09-30": {
        "Tax Effect Of Unusual Items": -479010.0,
        "Tax Rate For Calcs": 0.21,
        "Normalized EBITDA": 44090000.0,
        "Total Unusual Items": -2281000.0,
        "Total Unusual Items Excluding Goodwill": -2281000.0,
        "Net Income From Continuing Operation Net Minority Interest": 27606000.0,
        "Reconciled Depreciation": 12789000.0,
        "Reconciled Cost Of Revenue": 55793000.0,
        "EBITDA": 41809000.0,
        "EBIT": 29020000.0,
        "Net Interest Income": -6012000.0,
        "Interest Expense": 6012000.0,
        "Normalized Income": 29407990.0,
        "Net Income From Continuing And Discontinued Operation": 27606000.0,
        "Total Expenses": 95450000.0,
        "Total Operating Income As Reported": 29020000.0,
        "Diluted Average Shares": 95875000.0,
        "Basic Average Shares": 93622000.0,
        "Diluted EPS": 0.29,
        "Basic EPS": 0.29,
        "Diluted NI Availto Com Stockholders": 27606000.0,
        "Net Income Common Stockholders": 27606000.0,
        "Net Income": 27606000.0,
        "Net Income Including Noncontrolling Interests": 27606000.0,
        "Net Income Continuous Operations": 27606000.0,
        "Tax Provision": -4598000.0,
        "Pretax Income": 23008000.0,
        "Other Income Expense": -2281000.0,
        "Special Income Charges": -2281000.0,
        "Other Special Charges": NaN,
        "Restructuring And Mergern Acquisition": 2281000.0,
        "Net Non Operating Interest Income Expense": -6012000.0,
        "Total Other Finance Cost": NaN,
        "Interest Expense Non Operating": 6012000.0,
        "Operating Income": 31301000.0,
        "Operating Expense": 35477000.0,
        "Other Operating Expenses": 154000.0,
        "Depreciation Amortization Depletion Income Statement": 8609000.0,
        "Depreciation And Amortization In Income Statement": 8609000.0,
        "Amortization": 8609000.0,
        "Amortization Of Intangibles Income Statement": 8609000.0,
        "Research And Development": 2943000.0,
        "Selling General And Administration": 23771000.0,
        "General And Administrative Expense": 23771000.0,
        "Other Gand A": 19893000.0,
        "Salaries And Wages": 3878000.0,
        "Gross Profit": 66778000.0,
        "Cost Of Revenue": 59973000.0,
        "Total Revenue": 126751000.0,
        "Operating Revenue": 126751000.0
    }
}