{
    "2024-03-31": {
        "Tax Effect Of Unusual Items": 0.0,
        "Tax Rate For Calcs": 0.21,
        "Normalized EBITDA": -52000000.0,
        "Total Unusual Items": NaN,
        "Total Unusual Items Excluding Goodwill": NaN,
        "Net Income From Continuing Operation Net Minority Interest": -59000000.0,
        "Reconciled Depreciation": 1000000.0,
        "Reconciled Cost Of Revenue": 30000000.0,
        "EBITDA": -52000000.0,
        "EBIT": -53000000.0,
        "Net Interest Income": 0.0,
        "Normalized Income": -59000000.0,
        "Net Income From Continuing And Discontinued Operation": -59000000.0,
        "Total Expenses": 89000000.0,
        "Total Operating Income As Reported": -53000000.0,
        "Diluted Average Shares": 24315000.0,
        "Basic Average Shares": 24315000.0,
        "Diluted EPS": -2.43,
        "Basic EPS": -2.43,
        "Diluted NI Availto Com Stockholders": -59000000.0,
        "Net Income Common Stockholders": -59000000.0,
        "Net Income": -59000000.0,
        "Net Income Including Noncontrolling Interests": -59000000.0,
        "Net Income Continuous Operations": -59000000.0,
        "Tax Provision": 6000000.0,
        "Pretax Income": -53000000.0,
        "Other Income Expense": NaN,
        "Special Income Charges": NaN,
        "Gain On Sale Of Ppe": NaN,
        "Net Non Operating Interest Income Expense": 0.0,
        "Total Other Finance Cost": NaN,
        "Operating Income": -53000000.0,
        "Operating Expense": 59000000.0,
        "Research And Development": 22000000.0,
        "Selling General And Administration": 37000000.0,
        "Selling And Marketing Expense": 15000000.0,
        "General And Administrative Expense": 22000000.0,
        "Other Gand A": 22000000.0,
        "Gross Profit": 6000000.0,
        "Cost Of Revenue": 30000000.0,
        "Total Revenue": 36000000.0,
        "Operating Revenue": 36000000.0
    },
    "2023-12-31": {
        "Tax Effect Of Unusual Items": 0.0,
        "Tax Rate For Calcs": 0.014493,
        "Normalized EBITDA": -71000000.0,
        "Total Unusual Items": NaN,
        "Total Unusual Items Excluding Goodwill": NaN,
        "Net Income From Continuing Operation Net Minority Interest": -68000000.0,
        "Reconciled Depreciation": 1000000.0,
        "Reconciled Cost Of Revenue": 44000000.0,
        "EBITDA": -71000000.0,
        "EBIT": -72000000.0,
        "Net Interest Income": 3000000.0,
        "Normalized Income": -68000000.0,
        "Net Income From Continuing And Discontinued Operation": -68000000.0,
        "Total Expenses": 125000000.0,
        "Total Operating Income As Reported": -72000000.0,
        "Diluted Average Shares": 24119000.0,
        "Basic Average Shares": 24119000.0,
        "Diluted EPS": -2.82,
        "Basic EPS": -2.82,
        "Diluted NI Availto Com Stockholders": -68000000.0,
        "Net Income Common Stockholders": -68000000.0,
        "Net Income": -68000000.0,
        "Net Income Including Noncontrolling Interests": -68000000.0,
        "Net Income Continuous Operations": -68000000.0,
        "Tax Provision": -1000000.0,
        "Pretax Income": -69000000.0,
        "Other Income Expense": NaN,
        "Special Income Charges": NaN,
        "Gain On Sale Of Ppe": NaN,
        "Net Non Operating Interest Income Expense": 3000000.0,
        "Total Other Finance Cost": NaN,
        "Operating Income": -72000000.0,
        "Operating Expense": 81000000.0,
        "Research And Development": 25000000.0,
        "Selling General And Administration": 56000000.0,
        "Selling And Marketing Expense": 32000000.0,
        "General And Administrative Expense": 24000000.0,
        "Other Gand A": 24000000.0,
        "Gross Profit": 9000000.0,
        "Cost Of Revenue": 44000000.0,
        "Total Revenue": 53000000.0,
        "Operating Revenue": 53000000.0
    },
    "2023-09-30": {
        "Tax Effect Of Unusual Items": NaN,
        "Tax Rate For Calcs": NaN,
        "Normalized EBITDA": NaN,
        "Total Unusual Items": 0.0,
        "Total Unusual Items Excluding Goodwill": 0.0,
        "Net Income From Continuing Operation Net Minority Interest": NaN,
        "Reconciled Depreciation": NaN,
        "Reconciled Cost Of Revenue": NaN,
        "EBITDA": NaN,
        "EBIT": NaN,
        "Net Interest Income": NaN,
        "Normalized Income": NaN,
        "Net Income From Continuing And Discontinued Operation": NaN,
        "Total Expenses": NaN,
        "Total Operating Income As Reported": NaN,
        "Diluted Average Shares": NaN,
        "Basic Average Shares": NaN,
        "Diluted EPS": NaN,
        "Basic EPS": NaN,
        "Diluted NI Availto Com Stockholders": NaN,
        "Net Income Common Stockholders": NaN,
        "Net Income": NaN,
        "Net Income Including Noncontrolling Interests": NaN,
        "Net Income Continuous Operations": NaN,
        "Tax Provision": NaN,
        "Pretax Income": NaN,
        "Other Income Expense": NaN,
        "Special Income Charges": 0.0,
        "Gain On Sale Of Ppe": 0.0,
        "Net Non Operating Interest Income Expense": NaN,
        "Total Other Finance Cost": -3000000.0,
        "Operating Income": NaN,
        "Operating Expense": NaN,
        "Research And Development": NaN,
        "Selling General And Administration": NaN,
        "Selling And Marketing Expense": NaN,
        "General And Administrative Expense": NaN,
        "Other Gand A": NaN,
        "Gross Profit": NaN,
        "Cost Of Revenue": NaN,
        "Total Revenue": NaN,
        "Operating Revenue": NaN
    },
    "2023-06-30": {
        "Tax Effect Of Unusual Items": NaN,
        "Tax Rate For Calcs": NaN,
        "Normalized EBITDA": NaN,
        "Total Unusual Items": 0.0,
        "Total Unusual Items Excluding Goodwill": 0.0,
        "Net Income From Continuing Operation Net Minority Interest": NaN,
        "Reconciled Depreciation": NaN,
        "Reconciled Cost Of Revenue": NaN,
        "EBITDA": NaN,
        "EBIT": NaN,
        "Net Interest Income": NaN,
        "Normalized Income": NaN,
        "Net Income From Continuing And Discontinued Operation": NaN,
        "Total Expenses": NaN,
        "Total Operating Income As Reported": NaN,
        "Diluted Average Shares": NaN,
        "Basic Average Shares": NaN,
        "Diluted EPS": NaN,
        "Basic EPS": NaN,
        "Diluted NI Availto Com Stockholders": NaN,
        "Net Income Common Stockholders": NaN,
        "Net Income": NaN,
        "Net Income Including Noncontrolling Interests": NaN,
        "Net Income Continuous Operations": NaN,
        "Tax Provision": NaN,
        "Pretax Income": NaN,
        "Other Income Expense": NaN,
        "Special Income Charges": 0.0,
        "Gain On Sale Of Ppe": 0.0,
        "Net Non Operating Interest Income Expense": NaN,
        "Total Other Finance Cost": -6000000.0,
        "Operating Income": NaN,
        "Operating Expense": NaN,
        "Research And Development": NaN,
        "Selling General And Administration": NaN,
        "Selling And Marketing Expense": NaN,
        "General And Administrative Expense": NaN,
        "Other Gand A": NaN,
        "Gross Profit": NaN,
        "Cost Of Revenue": NaN,
        "Total Revenue": NaN,
        "Operating Revenue": NaN
    },
    "2023-03-31": {
        "Tax Effect Of Unusual Items": NaN,
        "Tax Rate For Calcs": NaN,
        "Normalized EBITDA": NaN,
        "Total Unusual Items": NaN,
        "Total Unusual Items Excluding Goodwill": NaN,
        "Net Income From Continuing Operation Net Minority Interest": NaN,
        "Reconciled Depreciation": NaN,
        "Reconciled Cost Of Revenue": NaN,
        "EBITDA": NaN,
        "EBIT": NaN,
        "Net Interest Income": NaN,
        "Normalized Income": NaN,
        "Net Income From Continuing And Discontinued Operation": NaN,
        "Total Expenses": NaN,
        "Total Operating Income As Reported": NaN,
        "Diluted Average Shares": NaN,
        "Basic Average Shares": NaN,
        "Diluted EPS": NaN,
        "Basic EPS": NaN,
        "Diluted NI Availto Com Stockholders": NaN,
        "Net Income Common Stockholders": NaN,
        "Net Income": NaN,
        "Net Income Including Noncontrolling Interests": NaN,
        "Net Income Continuous Operations": NaN,
        "Tax Provision": NaN,
        "Pretax Income": NaN,
        "Other Income Expense": NaN,
        "Special Income Charges": NaN,
        "Gain On Sale Of Ppe": NaN,
        "Net Non Operating Interest Income Expense": NaN,
        "Total Other Finance Cost": -4000000.0,
        "Operating Income": NaN,
        "Operating Expense": NaN,
        "Research And Development": NaN,
        "Selling General And Administration": NaN,
        "Selling And Marketing Expense": NaN,
        "General And Administrative Expense": NaN,
        "Other Gand A": NaN,
        "Gross Profit": NaN,
        "Cost Of Revenue": NaN,
        "Total Revenue": NaN,
        "Operating Revenue": NaN
    },
    "2022-12-31": {
        "Tax Effect Of Unusual Items": NaN,
        "Tax Rate For Calcs": NaN,
        "Normalized EBITDA": NaN,
        "Total Unusual Items": NaN,
        "Total Unusual Items Excluding Goodwill": NaN,
        "Net Income From Continuing Operation Net Minority Interest": NaN,
        "Reconciled Depreciation": NaN,
        "Reconciled Cost Of Revenue": NaN,
        "EBITDA": NaN,
        "EBIT": NaN,
        "Net Interest Income": NaN,
        "Normalized Income": NaN,
        "Net Income From Continuing And Discontinued Operation": NaN,
        "Total Expenses": NaN,
        "Total Operating Income As Reported": NaN,
        "Diluted Average Shares": NaN,
        "Basic Average Shares": NaN,
        "Diluted EPS": NaN,
        "Basic EPS": NaN,
        "Diluted NI Availto Com Stockholders": NaN,
        "Net Income Common Stockholders": NaN,
        "Net Income": NaN,
        "Net Income Including Noncontrolling Interests": NaN,
        "Net Income Continuous Operations": NaN,
        "Tax Provision": NaN,
        "Pretax Income": NaN,
        "Other Income Expense": NaN,
        "Special Income Charges": NaN,
        "Gain On Sale Of Ppe": NaN,
        "Net Non Operating Interest Income Expense": NaN,
        "Total Other Finance Cost": -5000000.0,
        "Operating Income": NaN,
        "Operating Expense": NaN,
        "Research And Development": NaN,
        "Selling General And Administration": NaN,
        "Selling And Marketing Expense": NaN,
        "General And Administrative Expense": NaN,
        "Other Gand A": NaN,
        "Gross Profit": NaN,
        "Cost Of Revenue": NaN,
        "Total Revenue": NaN,
        "Operating Revenue": NaN
    },
    "2022-09-30": {
        "Tax Effect Of Unusual Items": NaN,
        "Tax Rate For Calcs": NaN,
        "Normalized EBITDA": NaN,
        "Net Income From Continuing Operation Net Minority Interest": NaN,
        "Reconciled Depreciation": NaN,
        "Reconciled Cost Of Revenue": NaN,
        "EBITDA": NaN,
        "EBIT": NaN,
        "Net Interest Income": NaN,
        "Normalized Income": NaN,
        "Net Income From Continuing And Discontinued Operation": NaN,
        "Total Expenses": NaN,
        "Total Operating Income As Reported": NaN,
        "Diluted Average Shares": NaN,
        "Basic Average Shares": NaN,
        "Diluted EPS": NaN,
        "Basic EPS": NaN,
        "Diluted NI Availto Com Stockholders": NaN,
        "Net Income Common Stockholders": NaN,
        "Net Income": NaN,
        "Net Income Including Noncontrolling Interests": NaN,
        "Net Income Continuous Operations": NaN,
        "Tax Provision": NaN,
        "Pretax Income": NaN,
        "Net Non Operating Interest Income Expense": NaN,
        "Total Other Finance Cost": -6000000.0,
        "Operating Income": NaN,
        "Operating Expense": NaN,
        "Research And Development": NaN,
        "Selling General And Administration": NaN,
        "Selling And Marketing Expense": NaN,
        "General And Administrative Expense": NaN,
        "Other Gand A": NaN,
        "Gross Profit": NaN,
        "Cost Of Revenue": NaN,
        "Total Revenue": NaN,
        "Operating Revenue": NaN
    },
    "2024-06-30": {
        "Tax Effect Of Unusual Items": 0.0,
        "Tax Rate For Calcs": 0.0,
        "Normalized EBITDA": -23000000.0,
        "Total Unusual Items": 4000000.0,
        "Total Unusual Items Excluding Goodwill": 4000000.0,
        "Net Income From Continuing Operation Net Minority Interest": -13000000.0,
        "Reconciled Depreciation": 0.0,
        "Reconciled Cost Of Revenue": 6000000.0,
        "EBITDA": -19000000.0,
        "EBIT": -19000000.0,
        "Net Interest Income": 2000000.0,
        "Normalized Income": -17000000.0,
        "Net Income From Continuing And Discontinued Operation": -13000000.0,
        "Total Expenses": 26000000.0,
        "Total Operating Income As Reported": -19000000.0,
        "Diluted Average Shares": 25858000.0,
        "Basic Average Shares": 25858000.0,
        "Diluted EPS": -0.5,
        "Basic EPS": -0.5,
        "Diluted NI Availto Com Stockholders": -13000000.0,
        "Net Income Common Stockholders": -13000000.0,
        "Net Income": -13000000.0,
        "Net Income Including Noncontrolling Interests": -13000000.0,
        "Net Income Continuous Operations": -13000000.0,
        "Tax Provision": 0.0,
        "Pretax Income": -13000000.0,
        "Other Income Expense": 4000000.0,
        "Special Income Charges": 4000000.0,
        "Gain On Sale Of Ppe": 4000000.0,
        "Net Non Operating Interest Income Expense": 2000000.0,
        "Total Other Finance Cost": -2000000.0,
        "Operating Income": -19000000.0,
        "Operating Expense": 20000000.0,
        "Research And Development": 4000000.0,
        "Selling General And Administration": 16000000.0,
        "Selling And Marketing Expense": 3000000.0,
        "General And Administrative Expense": 13000000.0,
        "Other Gand A": 13000000.0,
        "Gross Profit": 1000000.0,
        "Cost Of Revenue": 6000000.0,
        "Total Revenue": 7000000.0,
        "Operating Revenue": 7000000.0
    },
    "2024-09-30": {
        "Tax Effect Of Unusual Items": 0.0,
        "Tax Rate For Calcs": 0.0,
        "Normalized EBITDA": -3000000.0,
        "Total Unusual Items": 0.0,
        "Total Unusual Items Excluding Goodwill": 0.0,
        "Net Income From Continuing Operation Net Minority Interest": -1000000.0,
        "Reconciled Depreciation": 0.0,
        "Reconciled Cost Of Revenue": 0.0,
        "EBITDA": -3000000.0,
        "EBIT": -3000000.0,
        "Net Interest Income": 2000000.0,
        "Normalized Income": -1000000.0,
        "Net Income From Continuing And Discontinued Operation": -1000000.0,
        "Total Expenses": 3000000.0,
        "Total Operating Income As Reported": -3000000.0,
        "Diluted Average Shares": 26280000.0,
        "Basic Average Shares": 26280000.0,
        "Diluted EPS": -0.04,
        "Basic EPS": -0.04,
        "Diluted NI Availto Com Stockholders": -1000000.0,
        "Net Income Common Stockholders": -1000000.0,
        "Net Income": -1000000.0,
        "Net Income Including Noncontrolling Interests": -1000000.0,
        "Net Income Continuous Operations": -1000000.0,
        "Tax Provision": 0.0,
        "Pretax Income": -1000000.0,
        "Other Income Expense": NaN,
        "Special Income Charges": 0.0,
        "Gain On Sale Of Ppe": 0.0,
        "Net Non Operating Interest Income Expense": 2000000.0,
        "Total Other Finance Cost": -2000000.0,
        "Operating Income": -3000000.0,
        "Operating Expense": 3000000.0,
        "Research And Development": 0.0,
        "Selling General And Administration": 3000000.0,
        "Selling And Marketing Expense": 0.0,
        "General And Administrative Expense": 3000000.0,
        "Other Gand A": 3000000.0,
        "Gross Profit": 0.0,
        "Cost Of Revenue": 0.0,
        "Total Revenue": 0.0,
        "Operating Revenue": 0.0
    },
    "2024-12-31": {
        "Tax Effect Of Unusual Items": 0.0,
        "Tax Rate For Calcs": 0.0,
        "Normalized EBITDA": -4000000.0,
        "Total Unusual Items": 0.0,
        "Total Unusual Items Excluding Goodwill": 0.0,
        "Net Income From Continuing Operation Net Minority Interest": -2000000.0,
        "Reconciled Depreciation": 0.0,
        "Reconciled Cost Of Revenue": 0.0,
        "EBITDA": -4000000.0,
        "EBIT": -4000000.0,
        "Net Interest Income": 2000000.0,
        "Normalized Income": -2000000.0,
        "Net Income From Continuing And Discontinued Operation": -2000000.0,
        "Total Expenses": 4000000.0,
        "Total Operating Income As Reported": -4000000.0,
        "Diluted Average Shares": 26292000.0,
        "Basic Average Shares": 26292000.0,
        "Diluted EPS": -0.08,
        "Basic EPS": -0.08,
        "Diluted NI Availto Com Stockholders": -2000000.0,
        "Net Income Common Stockholders": -2000000.0,
        "Net Income": -2000000.0,
        "Net Income Including Noncontrolling Interests": -2000000.0,
        "Net Income Continuous Operations": -2000000.0,
        "Tax Provision": 0.0,
        "Pretax Income": -2000000.0,
        "Other Income Expense": 0.0,
        "Special Income Charges": 0.0,
        "Gain On Sale Of Ppe": 0.0,
        "Net Non Operating Interest Income Expense": 2000000.0,
        "Total Other Finance Cost": NaN,
        "Operating Income": -4000000.0,
        "Operating Expense": 4000000.0,
        "Research And Development": 0.0,
        "Selling General And Administration": 4000000.0,
        "Selling And Marketing Expense": 0.0,
        "General And Administrative Expense": 4000000.0,
        "Other Gand A": 4000000.0,
        "Gross Profit": 0.0,
        "Cost Of Revenue": 0.0,
        "Total Revenue": 0.0,
        "Operating Revenue": 0.0
    }
}