{
    "2024-06-30": {
        "Tax Effect Of Unusual Items": 796000.0,
        "Tax Rate For Calcs": 0.25,
        "Normalized EBITDA": -197395000.0,
        "Total Unusual Items": 3184000.0,
        "Total Unusual Items Excluding Goodwill": 3184000.0,
        "Net Income From Continuing Operation Net Minority Interest": -201450000.0,
        "Reconciled Cost Of Revenue": 204435000.0,
        "EBITDA": -194211000.0,
        "EBIT": -194211000.0,
        "Net Interest Income": -768000.0,
        "Interest Expense": 7761000.0,
        "Interest Income": 6993000.0,
        "Normalized Income": -203838000.0,
        "Net Income From Continuing And Discontinued Operation": -201450000.0,
        "Total Expenses": 429421000.0,
        "Total Operating Income As Reported": -204388000.0,
        "Diluted Average Shares": 675454342.0,
        "Basic Average Shares": 675454342.0,
        "Diluted EPS": -0.3,
        "Basic EPS": -0.3,
        "Diluted NI Availto Com Stockholders": -201450000.0,
        "Net Income Common Stockholders": -201450000.0,
        "Otherunder Preferred Stock Dividend": 0.0,
        "Net Income": -201450000.0,
        "Minority Interests": 577000.0,
        "Net Income Including Noncontrolling Interests": -202027000.0,
        "Net Income Continuous Operations": -202027000.0,
        "Earnings From Equity Interest Net Of Tax": 158000.0,
        "Tax Provision": 213000.0,
        "Pretax Income": -201972000.0,
        "Other Income Expense": 3184000.0,
        "Earnings From Equity Interest": 158000.0,
        "Gain On Sale Of Security": 3184000.0,
        "Net Non Operating Interest Income Expense": -768000.0,
        "Interest Expense Non Operating": 7761000.0,
        "Interest Income Non Operating": 6993000.0,
        "Operating Income": -204388000.0,
        "Operating Expense": 224986000.0,
        "Other Operating Expenses": -969000.0,
        "Research And Development": 70162000.0,
        "Selling General And Administration": 155793000.0,
        "Selling And Marketing Expense": 100785000.0,
        "General And Administrative Expense": 55008000.0,
        "Other Gand A": 55008000.0,
        "Gross Profit": 20598000.0,
        "Cost Of Revenue": 204435000.0,
        "Total Revenue": 225033000.0,
        "Operating Revenue": 225033000.0
    },
    "2024-03-31": {
        "Tax Effect Of Unusual Items": NaN,
        "Tax Rate For Calcs": NaN,
        "Normalized EBITDA": NaN,
        "Total Unusual Items": NaN,
        "Total Unusual Items Excluding Goodwill": NaN,
        "Net Income From Continuing Operation Net Minority Interest": NaN,
        "Reconciled Cost Of Revenue": NaN,
        "EBITDA": NaN,
        "EBIT": NaN,
        "Net Interest Income": NaN,
        "Interest Expense": NaN,
        "Interest Income": NaN,
        "Normalized Income": NaN,
        "Net Income From Continuing And Discontinued Operation": NaN,
        "Total Expenses": NaN,
        "Total Operating Income As Reported": NaN,
        "Diluted Average Shares": 558429003.0,
        "Basic Average Shares": 558429003.0,
        "Diluted EPS": -0.47,
        "Basic EPS": -0.47,
        "Diluted NI Availto Com Stockholders": NaN,
        "Net Income Common Stockholders": NaN,
        "Otherunder Preferred Stock Dividend": NaN,
        "Net Income": NaN,
        "Minority Interests": NaN,
        "Net Income Including Noncontrolling Interests": NaN,
        "Net Income Continuous Operations": NaN,
        "Earnings From Equity Interest Net Of Tax": NaN,
        "Tax Provision": NaN,
        "Pretax Income": NaN,
        "Other Income Expense": NaN,
        "Earnings From Equity Interest": 201000.0,
        "Gain On Sale Of Security": NaN,
        "Net Non Operating Interest Income Expense": NaN,
        "Interest Expense Non Operating": NaN,
        "Interest Income Non Operating": NaN,
        "Operating Income": NaN,
        "Operating Expense": NaN,
        "Other Operating Expenses": NaN,
        "Research And Development": NaN,
        "Selling General And Administration": NaN,
        "Selling And Marketing Expense": NaN,
        "General And Administrative Expense": NaN,
        "Other Gand A": NaN,
        "Gross Profit": NaN,
        "Cost Of Revenue": NaN,
        "Total Revenue": NaN,
        "Operating Revenue": NaN
    },
    "2023-06-30": {
        "Tax Effect Of Unusual Items": NaN,
        "Tax Rate For Calcs": NaN,
        "Normalized EBITDA": NaN,
        "Total Unusual Items": NaN,
        "Total Unusual Items Excluding Goodwill": NaN,
        "Net Income From Continuing Operation Net Minority Interest": NaN,
        "Reconciled Cost Of Revenue": NaN,
        "EBITDA": NaN,
        "EBIT": NaN,
        "Net Interest Income": NaN,
        "Interest Expense": NaN,
        "Interest Income": NaN,
        "Normalized Income": NaN,
        "Net Income From Continuing And Discontinued Operation": NaN,
        "Total Expenses": NaN,
        "Total Operating Income As Reported": NaN,
        "Diluted Average Shares": 673482513.0,
        "Basic Average Shares": 673482513.0,
        "Diluted EPS": -0.271003,
        "Basic EPS": -0.271003,
        "Diluted NI Availto Com Stockholders": NaN,
        "Net Income Common Stockholders": NaN,
        "Otherunder Preferred Stock Dividend": NaN,
        "Net Income": NaN,
        "Minority Interests": NaN,
        "Net Income Including Noncontrolling Interests": NaN,
        "Net Income Continuous Operations": NaN,
        "Tax Provision": NaN,
        "Pretax Income": NaN,
        "Other Income Expense": NaN,
        "Earnings From Equity Interest": NaN,
        "Gain On Sale Of Security": NaN,
        "Net Non Operating Interest Income Expense": NaN,
        "Interest Expense Non Operating": NaN,
        "Interest Income Non Operating": NaN,
        "Operating Income": NaN,
        "Operating Expense": NaN,
        "Other Operating Expenses": NaN,
        "Research And Development": NaN,
        "Selling General And Administration": NaN,
        "Selling And Marketing Expense": NaN,
        "General And Administrative Expense": NaN,
        "Other Gand A": NaN,
        "Gross Profit": NaN,
        "Cost Of Revenue": NaN,
        "Total Revenue": NaN,
        "Operating Revenue": NaN
    },
    "2023-03-31": {
        "Tax Effect Of Unusual Items": 132.666099,
        "Tax Rate For Calcs": 0.000557,
        "Normalized EBITDA": -159468000.0,
        "Total Unusual Items": 238000.0,
        "Total Unusual Items Excluding Goodwill": 238000.0,
        "Net Income From Continuing Operation Net Minority Interest": -157657000.0,
        "Reconciled Cost Of Revenue": 18944000.0,
        "EBITDA": -159230000.0,
        "EBIT": -159230000.0,
        "Net Interest Income": 2335000.0,
        "Interest Expense": 434000.0,
        "Interest Income": 2769000.0,
        "Normalized Income": -157894867.333901,
        "Net Income From Continuing And Discontinued Operation": -157657000.0,
        "Total Expenses": 180893000.0,
        "Total Operating Income As Reported": -161772000.0,
        "Diluted Average Shares": 673482513.0,
        "Basic Average Shares": 673482513.0,
        "Diluted EPS": -0.244854,
        "Basic EPS": -0.244854,
        "Diluted NI Availto Com Stockholders": -164905000.0,
        "Net Income Common Stockholders": -164905000.0,
        "Otherunder Preferred Stock Dividend": 7248000.0,
        "Net Income": -157657000.0,
        "Minority Interests": 1918000.0,
        "Net Income Including Noncontrolling Interests": -159575000.0,
        "Net Income Continuous Operations": -159575000.0,
        "Tax Provision": -89000.0,
        "Pretax Income": -159664000.0,
        "Other Income Expense": -227000.0,
        "Earnings From Equity Interest": -465000.0,
        "Gain On Sale Of Security": 238000.0,
        "Net Non Operating Interest Income Expense": 2335000.0,
        "Interest Expense Non Operating": 434000.0,
        "Interest Income Non Operating": 2769000.0,
        "Operating Income": -161772000.0,
        "Operating Expense": 161949000.0,
        "Other Operating Expenses": -605000.0,
        "Research And Development": 65494000.0,
        "Selling General And Administration": 97060000.0,
        "Selling And Marketing Expense": 51776000.0,
        "General And Administrative Expense": 45284000.0,
        "Other Gand A": 45284000.0,
        "Gross Profit": 177000.0,
        "Cost Of Revenue": 18944000.0,
        "Total Revenue": 19121000.0,
        "Operating Revenue": 19121000.0
    },
    "2024-09-30": {
        "Tax Effect Of Unusual Items": -10700000.0,
        "Tax Rate For Calcs": 0.25,
        "Normalized EBITDA": -153819000.0,
        "Total Unusual Items": -42800000.0,
        "Total Unusual Items Excluding Goodwill": -42800000.0,
        "Net Income From Continuing Operation Net Minority Interest": -205799000.0,
        "Reconciled Cost Of Revenue": 246505000.0,
        "EBITDA": -196619000.0,
        "EBIT": -196619000.0,
        "Net Interest Income": -2231000.0,
        "Interest Expense": 8849000.0,
        "Interest Income": 6618000.0,
        "Normalized Income": -173699000.0,
        "Net Income From Continuing And Discontinued Operation": -205799000.0,
        "Total Expenses": 414747000.0,
        "Total Operating Income As Reported": -160039000.0,
        "Diluted Average Shares": 675897690.0,
        "Basic Average Shares": 675897690.0,
        "Diluted EPS": -0.3,
        "Basic EPS": -0.3,
        "Diluted NI Availto Com Stockholders": -205799000.0,
        "Net Income Common Stockholders": -205799000.0,
        "Otherunder Preferred Stock Dividend": 0.0,
        "Net Income": -205799000.0,
        "Minority Interests": 469000.0,
        "Net Income Including Noncontrolling Interests": -206268000.0,
        "Net Income Continuous Operations": -206268000.0,
        "Earnings From Equity Interest Net Of Tax": NaN,
        "Tax Provision": 800000.0,
        "Pretax Income": -205468000.0,
        "Other Income Expense": -43198000.0,
        "Earnings From Equity Interest": -398000.0,
        "Gain On Sale Of Security": -42800000.0,
        "Net Non Operating Interest Income Expense": -2231000.0,
        "Interest Expense Non Operating": 8849000.0,
        "Interest Income Non Operating": 6618000.0,
        "Operating Income": -160039000.0,
        "Operating Expense": 168242000.0,
        "Other Operating Expenses": -3323000.0,
        "Research And Development": 52671000.0,
        "Selling General And Administration": 118894000.0,
        "Selling And Marketing Expense": 55530000.0,
        "General And Administrative Expense": 63364000.0,
        "Other Gand A": 63364000.0,
        "Gross Profit": 8203000.0,
        "Cost Of Revenue": 246505000.0,
        "Total Revenue": 254708000.0,
        "Operating Revenue": 254708000.0
    },
    "2023-12-31": {
        "Tax Effect Of Unusual Items": 5695.161809,
        "Tax Rate For Calcs": 0.001058,
        "Normalized EBITDA": -226517000.0,
        "Total Unusual Items": 5382000.0,
        "Total Unusual Items Excluding Goodwill": 5382000.0,
        "Net Income From Continuing Operation Net Minority Interest": -223128000.0,
        "Reconciled Cost Of Revenue": 292634000.0,
        "EBITDA": -221135000.0,
        "EBIT": -221135000.0,
        "Net Interest Income": -887000.0,
        "Interest Expense": 2833000.0,
        "Interest Income": 1946000.0,
        "Normalized Income": -228504304.838191,
        "Net Income From Continuing And Discontinued Operation": -223128000.0,
        "Total Expenses": 589130000.0,
        "Total Operating Income As Reported": -228063000.0,
        "Diluted Average Shares": NaN,
        "Basic Average Shares": NaN,
        "Diluted EPS": NaN,
        "Basic EPS": NaN,
        "Diluted NI Availto Com Stockholders": -233186000.0,
        "Net Income Common Stockholders": -233186000.0,
        "Otherunder Preferred Stock Dividend": 10058000.0,
        "Net Income": -223128000.0,
        "Minority Interests": 603000.0,
        "Net Income Including Noncontrolling Interests": -223731000.0,
        "Net Income Continuous Operations": -223731000.0,
        "Tax Provision": -237000.0,
        "Pretax Income": -223968000.0,
        "Other Income Expense": 4982000.0,
        "Earnings From Equity Interest": -400000.0,
        "Gain On Sale Of Security": 5382000.0,
        "Net Non Operating Interest Income Expense": -887000.0,
        "Interest Expense Non Operating": 2833000.0,
        "Interest Income Non Operating": 1946000.0,
        "Operating Income": -228063000.0,
        "Operating Expense": 296496000.0,
        "Other Operating Expenses": -1720000.0,
        "Research And Development": 134182000.0,
        "Selling General And Administration": 164034000.0,
        "Selling And Marketing Expense": 137704000.0,
        "General And Administrative Expense": 26330000.0,
        "Other Gand A": 26330000.0,
        "Gross Profit": 68433000.0,
        "Cost Of Revenue": 292634000.0,
        "Total Revenue": 361067000.0,
        "Operating Revenue": 361067000.0
    },
    "2023-09-30": {
        "Tax Effect Of Unusual Items": NaN,
        "Tax Rate For Calcs": NaN,
        "Normalized EBITDA": NaN,
        "Total Unusual Items": NaN,
        "Total Unusual Items Excluding Goodwill": NaN,
        "Net Income From Continuing Operation Net Minority Interest": NaN,
        "Reconciled Cost Of Revenue": NaN,
        "EBITDA": NaN,
        "EBIT": NaN,
        "Net Interest Income": NaN,
        "Interest Expense": NaN,
        "Interest Income": NaN,
        "Normalized Income": NaN,
        "Net Income From Continuing And Discontinued Operation": NaN,
        "Total Expenses": NaN,
        "Total Operating Income As Reported": NaN,
        "Diluted Average Shares": 673482513.0,
        "Basic Average Shares": 673482513.0,
        "Diluted EPS": -0.262093,
        "Basic EPS": -0.262093,
        "Diluted NI Availto Com Stockholders": NaN,
        "Net Income Common Stockholders": NaN,
        "Otherunder Preferred Stock Dividend": NaN,
        "Net Income": NaN,
        "Minority Interests": NaN,
        "Net Income Including Noncontrolling Interests": NaN,
        "Net Income Continuous Operations": NaN,
        "Tax Provision": NaN,
        "Pretax Income": NaN,
        "Other Income Expense": NaN,
        "Earnings From Equity Interest": NaN,
        "Gain On Sale Of Security": NaN,
        "Net Non Operating Interest Income Expense": NaN,
        "Interest Expense Non Operating": NaN,
        "Interest Income Non Operating": NaN,
        "Operating Income": NaN,
        "Operating Expense": NaN,
        "Other Operating Expenses": NaN,
        "Research And Development": NaN,
        "Selling General And Administration": NaN,
        "Selling And Marketing Expense": NaN,
        "General And Administrative Expense": NaN,
        "Other Gand A": NaN,
        "Gross Profit": NaN,
        "Cost Of Revenue": NaN,
        "Total Revenue": NaN,
        "Operating Revenue": NaN
    },
    "2024-12-31": {
        "Tax Effect Of Unusual Items": -55138750.0,
        "Tax Rate For Calcs": 0.25,
        "Normalized EBITDA": -181696000.0,
        "Total Unusual Items": -220555000.0,
        "Total Unusual Items Excluding Goodwill": -220555000.0,
        "Net Income From Continuing Operation Net Minority Interest": -439807000.0,
        "Reconciled Cost Of Revenue": 301015000.0,
        "EBITDA": -402251000.0,
        "EBIT": -402251000.0,
        "Net Interest Income": -30648000.0,
        "Interest Expense": 37661000.0,
        "Interest Income": 7013000.0,
        "Normalized Income": -274390750.0,
        "Net Income From Continuing And Discontinued Operation": -439807000.0,
        "Total Expenses": 460103000.0,
        "Total Operating Income As Reported": -188577000.0,
        "Diluted Average Shares": 670513486.0,
        "Basic Average Shares": 670513486.0,
        "Diluted EPS": -0.66,
        "Basic EPS": -0.66,
        "Diluted NI Availto Com Stockholders": -439807000.0,
        "Net Income Common Stockholders": -439807000.0,
        "Otherunder Preferred Stock Dividend": 0.0,
        "Net Income": -439807000.0,
        "Minority Interests": 962000.0,
        "Net Income Including Noncontrolling Interests": -440769000.0,
        "Net Income Continuous Operations": -440769000.0,
        "Earnings From Equity Interest Net Of Tax": NaN,
        "Tax Provision": 857000.0,
        "Pretax Income": -439912000.0,
        "Other Income Expense": -220687000.0,
        "Earnings From Equity Interest": -132000.0,
        "Gain On Sale Of Security": -220555000.0,
        "Net Non Operating Interest Income Expense": -30648000.0,
        "Interest Expense Non Operating": 37661000.0,
        "Interest Income Non Operating": 7013000.0,
        "Operating Income": -188577000.0,
        "Operating Expense": 159088000.0,
        "Other Operating Expenses": -2827000.0,
        "Research And Development": 47276000.0,
        "Selling General And Administration": 114639000.0,
        "Selling And Marketing Expense": 62506000.0,
        "General And Administrative Expense": 52133000.0,
        "Other Gand A": 52133000.0,
        "Gross Profit": -29489000.0,
        "Cost Of Revenue": 301015000.0,
        "Total Revenue": 271526000.0,
        "Operating Revenue": 271526000.0
    },
    "2025-03-31": {
        "Tax Effect Of Unusual Items": -12796000.0,
        "Tax Rate For Calcs": 0.25,
        "Normalized EBITDA": -96741000.0,
        "Total Unusual Items": -51184000.0,
        "Total Unusual Items Excluding Goodwill": -51184000.0,
        "Net Income From Continuing Operation Net Minority Interest": -182823000.0,
        "Reconciled Cost Of Revenue": 81674000.0,
        "EBITDA": -147925000.0,
        "EBIT": -147925000.0,
        "Net Interest Income": -27602000.0,
        "Interest Expense": 34268000.0,
        "Interest Income": 6666000.0,
        "Normalized Income": -144435000.0,
        "Net Income From Continuing And Discontinued Operation": -182823000.0,
        "Total Expenses": 195818000.0,
        "Total Operating Income As Reported": -102995000.0,
        "Diluted Average Shares": 659330406.0,
        "Basic Average Shares": 659330406.0,
        "Diluted EPS": -0.28,
        "Basic EPS": -0.28,
        "Diluted NI Availto Com Stockholders": -182823000.0,
        "Net Income Common Stockholders": -182823000.0,
        "Otherunder Preferred Stock Dividend": 0.0,
        "Net Income": -182823000.0,
        "Minority Interests": 2000.0,
        "Net Income Including Noncontrolling Interests": -182825000.0,
        "Net Income Continuous Operations": -182825000.0,
        "Earnings From Equity Interest Net Of Tax": NaN,
        "Tax Provision": 632000.0,
        "Pretax Income": -182193000.0,
        "Other Income Expense": -51596000.0,
        "Earnings From Equity Interest": -412000.0,
        "Gain On Sale Of Security": -51184000.0,
        "Net Non Operating Interest Income Expense": -27602000.0,
        "Interest Expense Non Operating": 34268000.0,
        "Interest Income Non Operating": 6666000.0,
        "Operating Income": -102995000.0,
        "Operating Expense": 114144000.0,
        "Other Operating Expenses": -4706000.0,
        "Research And Development": 48602000.0,
        "Selling General And Administration": 70248000.0,
        "Selling And Marketing Expense": 39584000.0,
        "General And Administrative Expense": 30664000.0,
        "Other Gand A": 30664000.0,
        "Gross Profit": 11149000.0,
        "Cost Of Revenue": 81674000.0,
        "Total Revenue": 92823000.0,
        "Operating Revenue": 92823000.0
    },
    "2025-06-30": {
        "Tax Effect Of Unusual Items": 8256250.0,
        "Tax Rate For Calcs": 0.25,
        "Normalized EBITDA": -153530000.0,
        "Total Unusual Items": 33025000.0,
        "Total Unusual Items Excluding Goodwill": 33025000.0,
        "Net Income From Continuing Operation Net Minority Interest": -130215000.0,
        "Reconciled Cost Of Revenue": 118786000.0,
        "EBITDA": -120505000.0,
        "EBIT": -120505000.0,
        "Net Interest Income": 7118000.0,
        "Interest Expense": -627000.0,
        "Interest Income": 6491000.0,
        "Normalized Income": -154983750.0,
        "Net Income From Continuing And Discontinued Operation": -130215000.0,
        "Total Expenses": 285936000.0,
        "Total Operating Income As Reported": -160433000.0,
        "Diluted Average Shares": NaN,
        "Basic Average Shares": NaN,
        "Diluted EPS": NaN,
        "Basic EPS": NaN,
        "Diluted NI Availto Com Stockholders": -130215000.0,
        "Net Income Common Stockholders": -130215000.0,
        "Otherunder Preferred Stock Dividend": 0.0,
        "Net Income": -130215000.0,
        "Minority Interests": 0.0,
        "Net Income Including Noncontrolling Interests": -130215000.0,
        "Net Income Continuous Operations": -130215000.0,
        "Earnings From Equity Interest Net Of Tax": 4486000.0,
        "Tax Provision": 14411000.0,
        "Pretax Income": -119878000.0,
        "Other Income Expense": 33437000.0,
        "Earnings From Equity Interest": NaN,
        "Gain On Sale Of Security": 33025000.0,
        "Net Non Operating Interest Income Expense": 7118000.0,
        "Interest Expense Non Operating": -627000.0,
        "Interest Income Non Operating": 6491000.0,
        "Operating Income": -160433000.0,
        "Operating Expense": 167150000.0,
        "Other Operating Expenses": -160000.0,
        "Research And Development": 43703000.0,
        "Selling General And Administration": 123607000.0,
        "Selling And Marketing Expense": 39411000.0,
        "General And Administrative Expense": 84196000.0,
        "Other Gand A": 84196000.0,
        "Gross Profit": 6717000.0,
        "Cost Of Revenue": 118786000.0,
        "Total Revenue": 125503000.0,
        "Operating Revenue": 125503000.0
    }
}