{
    "2023-03-31": {
        "Tax Effect Of Unusual Items": NaN,
        "Tax Rate For Calcs": NaN,
        "Normalized EBITDA": NaN,
        "Total Unusual Items": -260318000000.0,
        "Total Unusual Items Excluding Goodwill": -260318000000.0,
        "Net Income From Continuing Operation Net Minority Interest": NaN,
        "Reconciled Depreciation": NaN,
        "Reconciled Cost Of Revenue": 3841860000000.0,
        "EBITDA": NaN,
        "EBIT": NaN,
        "Net Interest Income": -117509000000.0,
        "Interest Expense": NaN,
        "Interest Income": NaN,
        "Normalized Income": NaN,
        "Net Income From Continuing And Discontinued Operation": NaN,
        "Total Expenses": 5294134000000.0,
        "Total Operating Income As Reported": -1098358000000.0,
        "Diluted Average Shares": NaN,
        "Basic Average Shares": NaN,
        "Diluted EPS": NaN,
        "Basic EPS": NaN,
        "Diluted NI Availto Com Stockholders": NaN,
        "Net Income Common Stockholders": NaN,
        "Net Income": NaN,
        "Minority Interests": NaN,
        "Net Income Including Noncontrolling Interests": NaN,
        "Net Income Continuous Operations": NaN,
        "Tax Provision": NaN,
        "Pretax Income": NaN,
        "Other Income Expense": -258972000000.0,
        "Other Non Operating Income Expenses": 1913000000.0,
        "Special Income Charges": -23712000000.0,
        "Gain On Sale Of Ppe": NaN,
        "Impairment Of Capital Assets": NaN,
        "Earnings From Equity Interest": NaN,
        "Gain On Sale Of Security": -236606000000.0,
        "Net Non Operating Interest Income Expense": -117509000000.0,
        "Total Other Finance Cost": 211000000.0,
        "Interest Expense Non Operating": NaN,
        "Interest Income Non Operating": NaN,
        "Operating Income": NaN,
        "Operating Expense": 499644000000.0,
        "Other Taxes": NaN,
        "Depreciation Amortization Depletion Income Statement": 65566000000.0,
        "Depreciation And Amortization In Income Statement": 65566000000.0,
        "Depreciation Income Statement": 65566000000.0,
        "Research And Development": NaN,
        "Selling General And Administration": 419205000000.0,
        "Selling And Marketing Expense": NaN,
        "General And Administrative Expense": 263908000000.0,
        "Other Gand A": 137582000000.0,
        "Insurance And Claims": NaN,
        "Salaries And Wages": 122725000000.0,
        "Gross Profit": NaN,
        "Cost Of Revenue": 4794490000000.0,
        "Total Revenue": NaN,
        "Operating Revenue": NaN
    },
    "2022-12-31": {
        "Tax Effect Of Unusual Items": NaN,
        "Tax Rate For Calcs": NaN,
        "Normalized EBITDA": NaN,
        "Total Unusual Items": -844712000000.0,
        "Total Unusual Items Excluding Goodwill": -844712000000.0,
        "Net Income From Continuing Operation Net Minority Interest": NaN,
        "Reconciled Depreciation": NaN,
        "Reconciled Cost Of Revenue": 7321703000000.0,
        "EBITDA": NaN,
        "EBIT": NaN,
        "Net Interest Income": -128584000000.0,
        "Interest Expense": NaN,
        "Interest Income": NaN,
        "Normalized Income": NaN,
        "Net Income From Continuing And Discontinued Operation": NaN,
        "Total Expenses": 8177370000000.0,
        "Total Operating Income As Reported": -876000000000.0,
        "Diluted Average Shares": NaN,
        "Basic Average Shares": NaN,
        "Diluted EPS": NaN,
        "Basic EPS": NaN,
        "Diluted NI Availto Com Stockholders": NaN,
        "Net Income Common Stockholders": NaN,
        "Net Income": NaN,
        "Minority Interests": NaN,
        "Net Income Including Noncontrolling Interests": NaN,
        "Net Income Continuous Operations": NaN,
        "Tax Provision": NaN,
        "Pretax Income": NaN,
        "Other Income Expense": -855582000000.0,
        "Other Non Operating Income Expenses": -13053000000.0,
        "Special Income Charges": -1382469000000.0,
        "Gain On Sale Of Ppe": NaN,
        "Impairment Of Capital Assets": NaN,
        "Earnings From Equity Interest": NaN,
        "Gain On Sale Of Security": 537757000000.0,
        "Net Non Operating Interest Income Expense": -128584000000.0,
        "Total Other Finance Cost": 21355000000.0,
        "Interest Expense Non Operating": NaN,
        "Interest Income Non Operating": NaN,
        "Operating Income": NaN,
        "Operating Expense": 855667000000.0,
        "Other Taxes": NaN,
        "Depreciation Amortization Depletion Income Statement": NaN,
        "Depreciation And Amortization In Income Statement": NaN,
        "Depreciation Income Statement": NaN,
        "Research And Development": NaN,
        "Selling General And Administration": 130132000000.0,
        "Selling And Marketing Expense": NaN,
        "General And Administrative Expense": 694267000000.0,
        "Other Gand A": 206190000000.0,
        "Insurance And Claims": NaN,
        "Salaries And Wages": NaN,
        "Gross Profit": NaN,
        "Cost Of Revenue": 7321703000000.0,
        "Total Revenue": NaN,
        "Operating Revenue": NaN
    },
    "2022-09-30": {
        "Tax Effect Of Unusual Items": NaN,
        "Tax Rate For Calcs": NaN,
        "Normalized EBITDA": NaN,
        "Total Unusual Items": NaN,
        "Total Unusual Items Excluding Goodwill": NaN,
        "Net Income From Continuing Operation Net Minority Interest": NaN,
        "Reconciled Depreciation": NaN,
        "Reconciled Cost Of Revenue": NaN,
        "EBITDA": NaN,
        "EBIT": NaN,
        "Net Interest Income": NaN,
        "Interest Expense": NaN,
        "Interest Income": NaN,
        "Normalized Income": NaN,
        "Net Income From Continuing And Discontinued Operation": NaN,
        "Total Expenses": NaN,
        "Total Operating Income As Reported": NaN,
        "Diluted Average Shares": NaN,
        "Basic Average Shares": NaN,
        "Diluted EPS": NaN,
        "Basic EPS": NaN,
        "Diluted NI Availto Com Stockholders": NaN,
        "Average Dilution Earnings": -327674576.0,
        "Net Income Common Stockholders": NaN,
        "Net Income": NaN,
        "Minority Interests": NaN,
        "Net Income Including Noncontrolling Interests": NaN,
        "Net Income Continuous Operations": NaN,
        "Tax Provision": NaN,
        "Pretax Income": NaN,
        "Other Income Expense": NaN,
        "Other Non Operating Income Expenses": NaN,
        "Special Income Charges": NaN,
        "Gain On Sale Of Ppe": NaN,
        "Other Special Charges": 2540000000.0,
        "Impairment Of Capital Assets": NaN,
        "Earnings From Equity Interest": NaN,
        "Gain On Sale Of Security": NaN,
        "Net Non Operating Interest Income Expense": NaN,
        "Total Other Finance Cost": NaN,
        "Interest Expense Non Operating": NaN,
        "Interest Income Non Operating": NaN,
        "Operating Income": NaN,
        "Operating Expense": NaN,
        "Other Taxes": NaN,
        "Depreciation Amortization Depletion Income Statement": 67142000000.0,
        "Depreciation And Amortization In Income Statement": 67142000000.0,
        "Depreciation Income Statement": NaN,
        "Research And Development": NaN,
        "Selling General And Administration": NaN,
        "Selling And Marketing Expense": NaN,
        "General And Administrative Expense": NaN,
        "Other Gand A": NaN,
        "Insurance And Claims": NaN,
        "Salaries And Wages": 121755000000.0,
        "Gross Profit": NaN,
        "Cost Of Revenue": NaN,
        "Total Revenue": NaN,
        "Operating Revenue": NaN
    },
    "2022-06-30": {
        "Tax Effect Of Unusual Items": -26468856160.33088,
        "Tax Rate For Calcs": 0.253978,
        "Normalized EBITDA": 834203000000.0,
        "Total Unusual Items": -104217000000.0,
        "Total Unusual Items Excluding Goodwill": -104217000000.0,
        "Net Income From Continuing Operation Net Minority Interest": -404604000000.0,
        "Reconciled Depreciation": 1150054000000.0,
        "Reconciled Cost Of Revenue": 5331744000000.0,
        "EBITDA": 729986000000.0,
        "EBIT": -420068000000.0,
        "Net Interest Income": -75097000000.0,
        "Interest Expense": 92023000000.0,
        "Interest Income": 18422000000.0,
        "Normalized Income": -326855856160.3309,
        "Net Income From Continuing And Discontinued Operation": -404604000000.0,
        "Total Expenses": 6095663000000.0,
        "Total Operating Income As Reported": -488345000000.0,
        "Diluted Average Shares": 800518086.0,
        "Basic Average Shares": 715631400.0,
        "Diluted EPS": -620.5,
        "Basic EPS": -565.5,
        "Diluted NI Availto Com Stockholders": -496773339399.0,
        "Average Dilution Earnings": -92168400848.0,
        "Net Income Common Stockholders": -404604000000.0,
        "Net Income": -404604000000.0,
        "Minority Interests": -22573000000.0,
        "Net Income Including Noncontrolling Interests": -382031000000.0,
        "Net Income Continuous Operations": -382031000000.0,
        "Tax Provision": -130060000000.0,
        "Pretax Income": -512091000000.0,
        "Other Income Expense": 51351000000.0,
        "Other Non Operating Income Expenses": 153526000000.0,
        "Special Income Charges": -14568000000.0,
        "Gain On Sale Of Ppe": -9390000000.0,
        "Other Special Charges": 738000000.0,
        "Impairment Of Capital Assets": 4440000000.0,
        "Earnings From Equity Interest": 2042000000.0,
        "Gain On Sale Of Security": -89649000000.0,
        "Net Non Operating Interest Income Expense": -75097000000.0,
        "Total Other Finance Cost": 1496000000.0,
        "Interest Expense Non Operating": 92023000000.0,
        "Interest Income Non Operating": 18422000000.0,
        "Operating Income": -488345000000.0,
        "Operating Expense": 763919000000.0,
        "Other Taxes": NaN,
        "Depreciation Amortization Depletion Income Statement": NaN,
        "Depreciation And Amortization In Income Statement": NaN,
        "Depreciation Income Statement": NaN,
        "Research And Development": 318180000000.0,
        "Selling General And Administration": 445739000000.0,
        "Selling And Marketing Expense": 220155000000.0,
        "General And Administrative Expense": 225584000000.0,
        "Other Gand A": 225584000000.0,
        "Insurance And Claims": NaN,
        "Salaries And Wages": NaN,
        "Gross Profit": 275574000000.0,
        "Cost Of Revenue": 5331744000000.0,
        "Total Revenue": 5607318000000.0,
        "Operating Revenue": 5647000000000.0
    },
    "2023-06-30": {
        "Tax Effect Of Unusual Items": NaN,
        "Tax Rate For Calcs": NaN,
        "Normalized EBITDA": NaN,
        "Total Unusual Items": 143438000000.0,
        "Total Unusual Items Excluding Goodwill": 143438000000.0,
        "Net Income From Continuing Operation Net Minority Interest": NaN,
        "Reconciled Depreciation": NaN,
        "Reconciled Cost Of Revenue": 3968873000000.0,
        "EBITDA": NaN,
        "EBIT": NaN,
        "Net Interest Income": -130337000000.0,
        "Interest Expense": NaN,
        "Interest Income": NaN,
        "Normalized Income": NaN,
        "Net Income From Continuing And Discontinued Operation": NaN,
        "Total Expenses": 5620041000000.0,
        "Total Operating Income As Reported": -881470000000.0,
        "Diluted Average Shares": NaN,
        "Basic Average Shares": NaN,
        "Diluted EPS": NaN,
        "Basic EPS": NaN,
        "Diluted NI Availto Com Stockholders": NaN,
        "Net Income Common Stockholders": NaN,
        "Net Income": NaN,
        "Minority Interests": NaN,
        "Net Income Including Noncontrolling Interests": NaN,
        "Net Income Continuous Operations": NaN,
        "Tax Provision": NaN,
        "Pretax Income": NaN,
        "Other Income Expense": 134677000000.0,
        "Other Non Operating Income Expenses": -8393000000.0,
        "Special Income Charges": -83876000000.0,
        "Gain On Sale Of Ppe": NaN,
        "Impairment Of Capital Assets": NaN,
        "Earnings From Equity Interest": NaN,
        "Gain On Sale Of Security": 227314000000.0,
        "Net Non Operating Interest Income Expense": -130337000000.0,
        "Total Other Finance Cost": 4900000000.0,
        "Interest Expense Non Operating": NaN,
        "Interest Income Non Operating": NaN,
        "Operating Income": NaN,
        "Operating Expense": 708848000000.0,
        "Other Taxes": NaN,
        "Depreciation Amortization Depletion Income Statement": 68874000000.0,
        "Depreciation And Amortization In Income Statement": 68874000000.0,
        "Depreciation Income Statement": 68874000000.0,
        "Research And Development": NaN,
        "Selling General And Administration": 281906000000.0,
        "Selling And Marketing Expense": NaN,
        "General And Administrative Expense": 242859000000.0,
        "Other Gand A": 119621000000.0,
        "Insurance And Claims": NaN,
        "Salaries And Wages": 119950000000.0,
        "Gross Profit": NaN,
        "Cost Of Revenue": 4911193000000.0,
        "Total Revenue": NaN,
        "Operating Revenue": NaN
    },
    "2022-03-31": {
        "Diluted EPS": 1.64,
        "Total Revenue": NaN,
        "Gross Profit": 669,
        "Operating Income": 201,
        "EBIT": 269,
        "Net Income": 134
    },
    "2021-12-31": {
        "Diluted EPS": 1.32,
        "Total Revenue": NaN,
        "Gross Profit": 643,
        "Operating Income": 164,
        "EBIT": 226,
        "Net Income": 108
    },
    "2021-09-30": {
        "Diluted EPS": 1.26,
        "Total Revenue": NaN,
        "Gross Profit": 631,
        "Operating Income": 165,
        "EBIT": 226,
        "Net Income": 103
    },
    "2021-06-30": {
        "Diluted EPS": 1.46,
        "Total Revenue": NaN,
        "Gross Profit": 602,
        "Operating Income": 187,
        "EBIT": 245,
        "Net Income": 119
    },
    "2021-03-31": {
        "Diluted EPS": 1.59,
        "Total Revenue": NaN,
        "Gross Profit": 579,
        "Operating Income": 215,
        "EBIT": 269,
        "Net Income": 130
    },
    "2020-12-31": {
        "Diluted EPS": 1.38,
        "Total Revenue": NaN,
        "Gross Profit": 534,
        "Operating Income": 171,
        "EBIT": 218,
        "Net Income": 112
    },
    "2020-09-30": {
        "Diluted EPS": 1.29,
        "Total Revenue": NaN,
        "Gross Profit": 506,
        "Operating Income": 161,
        "EBIT": 206,
        "Net Income": 104
    },
    "2020-06-30": {
        "Diluted EPS": 1.27,
        "Total Revenue": NaN,
        "Gross Profit": 488,
        "Operating Income": 164,
        "EBIT": 208,
        "Net Income": 102
    },
    "2020-03-31": {
        "Diluted EPS": 1.92,
        "Total Revenue": NaN,
        "Gross Profit": 576,
        "Operating Income": 237,
        "EBIT": 282,
        "Net Income": 156
    },
    "2019-12-31": {
        "Diluted EPS": 1.55,
        "Total Revenue": NaN,
        "Gross Profit": 538,
        "Operating Income": 200,
        "EBIT": 243,
        "Net Income": 127
    },
    "2019-09-30": {
        "Diluted EPS": 1.57,
        "Total Revenue": NaN,
        "Gross Profit": 543,
        "Operating Income": 210,
        "EBIT": 252,
        "Net Income": 132
    },
    "2019-06-30": {
        "Diluted EPS": 1.71,
        "Total Revenue": NaN,
        "Gross Profit": 536,
        "Operating Income": 229,
        "EBIT": 269,
        "Net Income": 146
    },
    "2019-03-31": {
        "Diluted EPS": 1.79,
        "Total Revenue": NaN,
        "Gross Profit": 556,
        "Operating Income": 236,
        "EBIT": 277,
        "Net Income": 155
    },
    "2018-12-31": {
        "Diluted EPS": 1.35,
        "Total Revenue": NaN,
        "Gross Profit": 508,
        "Operating Income": 194,
        "EBIT": 233,
        "Net Income": 120
    },
    "2018-09-30": {
        "Diluted EPS": 1.19,
        "Total Revenue": NaN,
        "Gross Profit": 493,
        "Operating Income": 179,
        "EBIT": 219,
        "Net Income": 107
    },
    "2018-06-30": {
        "Diluted EPS": 1.3,
        "Total Revenue": NaN,
        "Gross Profit": 483,
        "Operating Income": 195,
        "EBIT": 234,
        "Net Income": 119
    },
    "2018-03-31": {
        "Diluted EPS": 1.01,
        "Total Revenue": NaN,
        "Gross Profit": 464,
        "Operating Income": 150,
        "EBIT": 185,
        "Net Income": 94
    },
    "2017-12-31": {
        "Diluted EPS": 0.7,
        "Total Revenue": NaN,
        "Gross Profit": 403,
        "Operating Income": 109,
        "EBIT": 140,
        "Net Income": 64
    },
    "2017-09-30": {
        "Diluted EPS": 0.63,
        "Total Revenue": NaN,
        "Gross Profit": 387,
        "Operating Income": 124,
        "EBIT": 157,
        "Net Income": 58
    },
    "2017-06-30": {
        "Diluted EPS": 0.74,
        "Total Revenue": NaN,
        "Gross Profit": 389,
        "Operating Income": 139,
        "EBIT": 171,
        "Net Income": 68
    },
    "2017-03-31": {
        "Diluted EPS": 0.52,
        "Total Revenue": NaN,
        "Gross Profit": 376,
        "Operating Income": 122,
        "EBIT": 153,
        "Net Income": 48
    },
    "2016-12-31": {
        "Diluted EPS": 0.46,
        "Total Revenue": NaN,
        "Gross Profit": 347,
        "Operating Income": 90,
        "EBIT": 121,
        "Net Income": 42
    },
    "2016-09-30": {
        "Diluted EPS": 0.58,
        "Total Revenue": NaN,
        "Gross Profit": 347,
        "Operating Income": 92,
        "EBIT": 121,
        "Net Income": 52
    },
    "2016-06-30": {
        "Diluted EPS": 0.53,
        "Total Revenue": NaN,
        "Gross Profit": 345,
        "Operating Income": 104,
        "EBIT": 133,
        "Net Income": 48
    },
    "2016-03-31": {
        "Diluted EPS": 0.56,
        "Total Revenue": NaN,
        "Gross Profit": 356,
        "Operating Income": 108,
        "EBIT": 138,
        "Net Income": 50
    },
    "2015-12-31": {
        "Diluted EPS": 0.27,
        "Total Revenue": NaN,
        "Gross Profit": 322,
        "Operating Income": 64,
        "EBIT": 97,
        "Net Income": 27
    },
    "2015-09-30": {
        "Diluted EPS": 0.43,
        "Total Revenue": NaN,
        "Gross Profit": 340,
        "Operating Income": 82,
        "EBIT": 110,
        "Net Income": 41
    },
    "2015-06-30": {
        "Diluted EPS": 0.52,
        "Total Revenue": NaN,
        "Gross Profit": 340,
        "Operating Income": 97,
        "EBIT": 125,
        "Net Income": 50
    },
    "2015-03-31": {
        "Diluted EPS": 0.52,
        "Total Revenue": NaN,
        "Gross Profit": 355,
        "Operating Income": 99,
        "EBIT": 125,
        "Net Income": 51
    },
    "2014-12-31": {
        "Diluted EPS": 0.49,
        "Total Revenue": NaN,
        "Gross Profit": 335,
        "Operating Income": 97,
        "EBIT": 124,
        "Net Income": 49
    },
    "2014-09-30": {
        "Diluted EPS": 0.33,
        "Total Revenue": NaN,
        "Gross Profit": 331,
        "Operating Income": 68,
        "EBIT": 94,
        "Net Income": 33
    },
    "2014-06-30": {
        "Diluted EPS": 0.42,
        "Total Revenue": NaN,
        "Gross Profit": 329,
        "Operating Income": 84,
        "EBIT": 109,
        "Net Income": 43
    },
    "2014-03-31": {
        "Diluted EPS": 0.51,
        "Total Revenue": NaN,
        "Gross Profit": 331,
        "Operating Income": 100,
        "EBIT": 124,
        "Net Income": 53
    },
    "2013-12-31": {
        "Diluted EPS": 0.43,
        "Total Revenue": NaN,
        "Gross Profit": 320,
        "Operating Income": 78,
        "EBIT": 101,
        "Net Income": 44
    },
    "2013-09-30": {
        "Diluted EPS": 0.36,
        "Total Revenue": NaN,
        "Gross Profit": 317,
        "Operating Income": 75,
        "EBIT": 97,
        "Net Income": 38
    },
    "2013-06-30": {
        "Diluted EPS": 0.42,
        "Total Revenue": NaN,
        "Gross Profit": 306,
        "Operating Income": 96,
        "EBIT": 117,
        "Net Income": 45
    },
    "2013-03-31": {
        "Diluted EPS": 0.51,
        "Total Revenue": 975,
        "Gross Profit": 305,
        "Operating Income": 103,
        "EBIT": 124,
        "Net Income": 55
    },
    "2012-12-31": {
        "Diluted EPS": 0.34,
        "Total Revenue": 944,
        "Gross Profit": 283,
        "Operating Income": 75,
        "EBIT": 95,
        "Net Income": 37
    },
    "2012-09-30": {
        "Diluted EPS": 0.31,
        "Total Revenue": 907,
        "Gross Profit": 277,
        "Operating Income": 67,
        "EBIT": 87,
        "Net Income": 34
    },
    "2012-06-30": {
        "Diluted EPS": 0.35,
        "Total Revenue": 908,
        "Gross Profit": 278,
        "Operating Income": 81,
        "EBIT": 99,
        "Net Income": 40
    },
    "2012-03-31": {
        "Diluted EPS": 0.37,
        "Total Revenue": 902,
        "Gross Profit": 275,
        "Operating Income": 99,
        "EBIT": 118,
        "Net Income": 41
    },
    "2011-12-31": {
        "Diluted EPS": 0.35,
        "Total Revenue": 829,
        "Gross Profit": 243,
        "Operating Income": 79,
        "EBIT": 98,
        "Net Income": 38
    },
    "2011-09-30": {
        "Diluted EPS": 0.32,
        "Total Revenue": 883,
        "Gross Profit": 259,
        "Operating Income": 79,
        "EBIT": 99,
        "Net Income": 36
    },
    "2011-06-30": {
        "Diluted EPS": 0.4,
        "Total Revenue": 894,
        "Gross Profit": 260,
        "Operating Income": 94,
        "EBIT": 113,
        "Net Income": 46
    },
    "2011-03-31": {
        "Diluted EPS": 0.43,
        "Total Revenue": 874,
        "Gross Profit": 270,
        "Operating Income": 100,
        "EBIT": 119,
        "Net Income": 49
    },
    "2010-12-31": {
        "Diluted EPS": -1.23,
        "Total Revenue": 820,
        "Gross Profit": 18,
        "Operating Income": -169,
        "EBIT": -149,
        "Net Income": -117
    },
    "2010-09-30": {
        "Diluted EPS": 0.26,
        "Total Revenue": 760,
        "Gross Profit": 234,
        "Operating Income": 66,
        "EBIT": 87,
        "Net Income": 26
    },
    "2010-06-30": {
        "Diluted EPS": 0.08,
        "Total Revenue": 790,
        "Gross Profit": 234,
        "Operating Income": 74,
        "EBIT": 98,
        "Net Income": 8
    },
    "2010-03-31": {
        "Diluted EPS": 0.25,
        "Total Revenue": 743,
        "Gross Profit": 230,
        "Operating Income": 69,
        "EBIT": 96,
        "Net Income": 26
    },
    "2009-12-31": {
        "Diluted EPS": 0.33,
        "Total Revenue": 735,
        "Gross Profit": 218,
        "Operating Income": 44,
        "EBIT": 72,
        "Net Income": 19
    },
    "2009-09-30": {
        "Diluted EPS": -0.02,
        "Total Revenue": 702,
        "Gross Profit": 221,
        "Operating Income": 18,
        "EBIT": 46,
        "Net Income": -1
    },
    "2009-06-30": {
        "Diluted EPS": 0.16,
        "Total Revenue": 669,
        "Gross Profit": 205,
        "Operating Income": 58,
        "EBIT": 86,
        "Net Income": 16
    },
    "2009-03-31": {
        "Diluted EPS": 0.0,
        "Total Revenue": 643,
        "Gross Profit": 200,
        "Operating Income": 53,
        "EBIT": 81,
        "Net Income": 15
    },
    "2023-09-30": {
        "Tax Effect Of Unusual Items": NaN,
        "Tax Rate For Calcs": NaN,
        "Normalized EBITDA": NaN,
        "Total Unusual Items": NaN,
        "Total Unusual Items Excluding Goodwill": NaN,
        "Net Income From Continuing Operation Net Minority Interest": NaN,
        "Reconciled Depreciation": NaN,
        "Reconciled Cost Of Revenue": NaN,
        "EBITDA": NaN,
        "EBIT": NaN,
        "Net Interest Income": NaN,
        "Interest Expense": NaN,
        "Interest Income": NaN,
        "Normalized Income": NaN,
        "Net Income From Continuing And Discontinued Operation": NaN,
        "Total Expenses": NaN,
        "Total Operating Income As Reported": -662080000000.0,
        "Diluted Average Shares": NaN,
        "Basic Average Shares": NaN,
        "Diluted EPS": NaN,
        "Basic EPS": NaN,
        "Diluted NI Availto Com Stockholders": NaN,
        "Net Income Common Stockholders": NaN,
        "Net Income": NaN,
        "Minority Interests": NaN,
        "Net Income Including Noncontrolling Interests": NaN,
        "Net Income Continuous Operations": NaN,
        "Tax Provision": NaN,
        "Pretax Income": NaN,
        "Other Income Expense": NaN,
        "Other Non Operating Income Expenses": NaN,
        "Special Income Charges": NaN,
        "Gain On Sale Of Ppe": NaN,
        "Impairment Of Capital Assets": NaN,
        "Earnings From Equity Interest": NaN,
        "Gain On Sale Of Security": NaN,
        "Net Non Operating Interest Income Expense": NaN,
        "Total Other Finance Cost": NaN,
        "Interest Expense Non Operating": NaN,
        "Interest Income Non Operating": NaN,
        "Operating Income": NaN,
        "Operating Expense": NaN,
        "Other Taxes": NaN,
        "Depreciation Amortization Depletion Income Statement": NaN,
        "Depreciation And Amortization In Income Statement": NaN,
        "Depreciation Income Statement": 65157000000.0,
        "Research And Development": NaN,
        "Selling General And Administration": NaN,
        "Selling And Marketing Expense": NaN,
        "General And Administrative Expense": NaN,
        "Other Gand A": NaN,
        "Insurance And Claims": NaN,
        "Salaries And Wages": NaN,
        "Gross Profit": NaN,
        "Cost Of Revenue": NaN,
        "Total Revenue": NaN,
        "Operating Revenue": NaN
    },
    "2023-12-31": {
        "Tax Effect Of Unusual Items": NaN,
        "Tax Rate For Calcs": NaN,
        "Normalized EBITDA": NaN,
        "Total Unusual Items": NaN,
        "Total Unusual Items Excluding Goodwill": NaN,
        "Net Income From Continuing Operation Net Minority Interest": NaN,
        "Reconciled Depreciation": NaN,
        "Reconciled Cost Of Revenue": NaN,
        "EBITDA": NaN,
        "EBIT": NaN,
        "Net Interest Income": NaN,
        "Interest Expense": NaN,
        "Interest Income": NaN,
        "Normalized Income": NaN,
        "Net Income From Continuing And Discontinued Operation": NaN,
        "Total Expenses": NaN,
        "Total Operating Income As Reported": NaN,
        "Diluted Average Shares": NaN,
        "Basic Average Shares": NaN,
        "Diluted EPS": NaN,
        "Basic EPS": NaN,
        "Diluted NI Availto Com Stockholders": NaN,
        "Net Income Common Stockholders": NaN,
        "Net Income": NaN,
        "Minority Interests": NaN,
        "Net Income Including Noncontrolling Interests": NaN,
        "Net Income Continuous Operations": NaN,
        "Tax Provision": NaN,
        "Pretax Income": NaN,
        "Other Income Expense": NaN,
        "Other Non Operating Income Expenses": NaN,
        "Special Income Charges": NaN,
        "Gain On Sale Of Ppe": NaN,
        "Impairment Of Capital Assets": NaN,
        "Earnings From Equity Interest": NaN,
        "Gain On Sale Of Security": NaN,
        "Net Non Operating Interest Income Expense": NaN,
        "Total Other Finance Cost": NaN,
        "Interest Expense Non Operating": NaN,
        "Interest Income Non Operating": NaN,
        "Operating Income": NaN,
        "Operating Expense": NaN,
        "Other Taxes": NaN,
        "Depreciation Amortization Depletion Income Statement": NaN,
        "Depreciation And Amortization In Income Statement": NaN,
        "Depreciation Income Statement": 65385000000.0,
        "Research And Development": NaN,
        "Selling General And Administration": NaN,
        "Selling And Marketing Expense": NaN,
        "General And Administrative Expense": NaN,
        "Other Gand A": NaN,
        "Insurance And Claims": NaN,
        "Salaries And Wages": NaN,
        "Gross Profit": NaN,
        "Cost Of Revenue": NaN,
        "Total Revenue": NaN,
        "Operating Revenue": NaN
    },
    "2024-03-31": {
        "Tax Effect Of Unusual Items": NaN,
        "Tax Rate For Calcs": NaN,
        "Normalized EBITDA": NaN,
        "Total Unusual Items": NaN,
        "Total Unusual Items Excluding Goodwill": NaN,
        "Net Income From Continuing Operation Net Minority Interest": NaN,
        "Reconciled Depreciation": NaN,
        "Reconciled Cost Of Revenue": NaN,
        "EBITDA": NaN,
        "EBIT": NaN,
        "Net Interest Income": NaN,
        "Interest Expense": NaN,
        "Interest Income": NaN,
        "Normalized Income": NaN,
        "Net Income From Continuing And Discontinued Operation": NaN,
        "Total Expenses": NaN,
        "Total Operating Income As Reported": NaN,
        "Diluted Average Shares": NaN,
        "Basic Average Shares": NaN,
        "Diluted EPS": NaN,
        "Basic EPS": NaN,
        "Diluted NI Availto Com Stockholders": NaN,
        "Net Income Common Stockholders": NaN,
        "Net Income": NaN,
        "Minority Interests": NaN,
        "Net Income Including Noncontrolling Interests": NaN,
        "Net Income Continuous Operations": NaN,
        "Tax Provision": NaN,
        "Pretax Income": NaN,
        "Other Income Expense": NaN,
        "Other Non Operating Income Expenses": NaN,
        "Special Income Charges": NaN,
        "Gain On Sale Of Ppe": NaN,
        "Impairment Of Capital Assets": NaN,
        "Earnings From Equity Interest": NaN,
        "Gain On Sale Of Security": NaN,
        "Net Non Operating Interest Income Expense": NaN,
        "Total Other Finance Cost": NaN,
        "Interest Expense Non Operating": NaN,
        "Interest Income Non Operating": NaN,
        "Operating Income": NaN,
        "Operating Expense": NaN,
        "Other Taxes": NaN,
        "Depreciation Amortization Depletion Income Statement": NaN,
        "Depreciation And Amortization In Income Statement": NaN,
        "Depreciation Income Statement": 67680000000.0,
        "Research And Development": NaN,
        "Selling General And Administration": NaN,
        "Selling And Marketing Expense": NaN,
        "General And Administrative Expense": NaN,
        "Other Gand A": NaN,
        "Insurance And Claims": NaN,
        "Salaries And Wages": NaN,
        "Gross Profit": NaN,
        "Cost Of Revenue": NaN,
        "Total Revenue": NaN,
        "Operating Revenue": NaN
    },
    "2024-06-30": {
        "Tax Effect Of Unusual Items": NaN,
        "Tax Rate For Calcs": NaN,
        "Normalized EBITDA": NaN,
        "Total Unusual Items": NaN,
        "Total Unusual Items Excluding Goodwill": NaN,
        "Net Income From Continuing Operation Net Minority Interest": NaN,
        "Reconciled Depreciation": NaN,
        "Reconciled Cost Of Revenue": NaN,
        "EBITDA": NaN,
        "EBIT": NaN,
        "Net Interest Income": NaN,
        "Interest Expense": NaN,
        "Interest Income": NaN,
        "Normalized Income": NaN,
        "Net Income From Continuing And Discontinued Operation": NaN,
        "Total Expenses": NaN,
        "Total Operating Income As Reported": -93673000000.0,
        "Diluted Average Shares": 1000000000.0,
        "Basic Average Shares": 1000000000.0,
        "Diluted EPS": -506.5,
        "Basic EPS": -506.5,
        "Diluted NI Availto Com Stockholders": NaN,
        "Net Income Common Stockholders": NaN,
        "Net Income": NaN,
        "Minority Interests": NaN,
        "Net Income Including Noncontrolling Interests": NaN,
        "Net Income Continuous Operations": NaN,
        "Tax Provision": NaN,
        "Pretax Income": NaN,
        "Other Income Expense": NaN,
        "Other Non Operating Income Expenses": NaN,
        "Special Income Charges": NaN,
        "Gain On Sale Of Ppe": NaN,
        "Impairment Of Capital Assets": NaN,
        "Earnings From Equity Interest": NaN,
        "Gain On Sale Of Security": NaN,
        "Net Non Operating Interest Income Expense": NaN,
        "Total Other Finance Cost": NaN,
        "Interest Expense Non Operating": NaN,
        "Interest Income Non Operating": NaN,
        "Operating Income": NaN,
        "Operating Expense": NaN,
        "Other Taxes": NaN,
        "Depreciation Amortization Depletion Income Statement": NaN,
        "Depreciation And Amortization In Income Statement": NaN,
        "Depreciation Income Statement": NaN,
        "Research And Development": NaN,
        "Selling General And Administration": NaN,
        "Selling And Marketing Expense": NaN,
        "General And Administrative Expense": NaN,
        "Other Gand A": NaN,
        "Insurance And Claims": NaN,
        "Salaries And Wages": NaN,
        "Gross Profit": NaN,
        "Cost Of Revenue": NaN,
        "Total Revenue": NaN,
        "Operating Revenue": NaN
    },
    "2024-09-30": {
        "Tax Effect Of Unusual Items": 22566240000.0,
        "Tax Rate For Calcs": 0.24,
        "Normalized EBITDA": 1174865000000.0,
        "Total Unusual Items": 94026000000.0,
        "Total Unusual Items Excluding Goodwill": 94026000000.0,
        "Net Income From Continuing Operation Net Minority Interest": -355159000000.0,
        "Reconciled Depreciation": 1242583000000.0,
        "Reconciled Cost Of Revenue": 4802278000000.0,
        "EBITDA": 1268891000000.0,
        "EBIT": 26308000000.0,
        "Net Interest Income": -211510000000.0,
        "Interest Expense": 233520000000.0,
        "Interest Income": 24542000000.0,
        "Normalized Income": -426618760000.0,
        "Net Income From Continuing And Discontinued Operation": -355159000000.0,
        "Total Expenses": 6901900000000.0,
        "Total Operating Income As Reported": -80599000000.0,
        "Diluted Average Shares": 1000000000.0,
        "Basic Average Shares": 1000000000.0,
        "Diluted EPS": -355.0,
        "Basic EPS": -355.0,
        "Diluted NI Availto Com Stockholders": -355159000000.0,
        "Net Income Common Stockholders": -355159000000.0,
        "Net Income": -355159000000.0,
        "Minority Interests": -17051000000.0,
        "Net Income Including Noncontrolling Interests": -338108000000.0,
        "Net Income Continuous Operations": -338108000000.0,
        "Tax Provision": 130896000000.0,
        "Pretax Income": -207212000000.0,
        "Other Income Expense": 84897000000.0,
        "Other Non Operating Income Expenses": -10161000000.0,
        "Special Income Charges": -41929000000.0,
        "Gain On Sale Of Ppe": -21332000000.0,
        "Impairment Of Capital Assets": 20597000000.0,
        "Earnings From Equity Interest": 1032000000.0,
        "Gain On Sale Of Security": 135955000000.0,
        "Net Non Operating Interest Income Expense": -211510000000.0,
        "Total Other Finance Cost": 2532000000.0,
        "Interest Expense Non Operating": 233520000000.0,
        "Interest Income Non Operating": 24542000000.0,
        "Operating Income": -80599000000.0,
        "Operating Expense": 923800000000.0,
        "Other Taxes": 14713000000.0,
        "Depreciation Amortization Depletion Income Statement": 66761000000.0,
        "Depreciation And Amortization In Income Statement": 66761000000.0,
        "Depreciation Income Statement": NaN,
        "Research And Development": 387539000000.0,
        "Selling General And Administration": 454787000000.0,
        "Selling And Marketing Expense": 57137000000.0,
        "General And Administrative Expense": 397650000000.0,
        "Other Gand A": 119838000000.0,
        "Insurance And Claims": 3532000000.0,
        "Salaries And Wages": 274280000000.0,
        "Gross Profit": 843201000000.0,
        "Cost Of Revenue": 5978100000000.0,
        "Total Revenue": 6821301000000.0,
        "Operating Revenue": 6797027000000.0
    },
    "2024-12-31": {
        "Tax Effect Of Unusual Items": -108294720000.0,
        "Tax Rate For Calcs": 0.24,
        "Normalized EBITDA": 1331929000000.0,
        "Total Unusual Items": -451228000000.0,
        "Total Unusual Items Excluding Goodwill": -451228000000.0,
        "Net Income From Continuing Operation Net Minority Interest": -917763000000.0,
        "Reconciled Depreciation": 1223369000000.0,
        "Reconciled Cost Of Revenue": 5769971000000.0,
        "EBITDA": 880701000000.0,
        "EBIT": -342668000000.0,
        "Net Interest Income": -203220000000.0,
        "Interest Expense": 219683000000.0,
        "Interest Income": 18671000000.0,
        "Normalized Income": -574829720000.0,
        "Net Income From Continuing And Discontinued Operation": -917763000000.0,
        "Total Expenses": 7749764000000.0,
        "Total Operating Income As Reported": NaN,
        "Diluted Average Shares": NaN,
        "Basic Average Shares": NaN,
        "Diluted EPS": NaN,
        "Basic EPS": NaN,
        "Diluted NI Availto Com Stockholders": -917763000000.0,
        "Net Income Common Stockholders": -917763000000.0,
        "Net Income": -917763000000.0,
        "Minority Interests": -78645000000.0,
        "Net Income Including Noncontrolling Interests": -839118000000.0,
        "Net Income Continuous Operations": -839118000000.0,
        "Tax Provision": 276767000000.0,
        "Pretax Income": -562351000000.0,
        "Other Income Expense": -442239000000.0,
        "Other Non Operating Income Expenses": 7897000000.0,
        "Special Income Charges": -40447000000.0,
        "Gain On Sale Of Ppe": -16239000000.0,
        "Impairment Of Capital Assets": 24208000000.0,
        "Earnings From Equity Interest": 1092000000.0,
        "Gain On Sale Of Security": -410781000000.0,
        "Net Non Operating Interest Income Expense": -203220000000.0,
        "Total Other Finance Cost": 2208000000.0,
        "Interest Expense Non Operating": 219683000000.0,
        "Interest Income Non Operating": 18671000000.0,
        "Operating Income": 83108000000.0,
        "Operating Expense": 817619000000.0,
        "Other Taxes": 15327000000.0,
        "Depreciation Amortization Depletion Income Statement": 61195000000.0,
        "Depreciation And Amortization In Income Statement": 61195000000.0,
        "Depreciation Income Statement": NaN,
        "Research And Development": 376542000000.0,
        "Selling General And Administration": 364555000000.0,
        "Selling And Marketing Expense": 50476000000.0,
        "General And Administrative Expense": 314079000000.0,
        "Other Gand A": 132281000000.0,
        "Insurance And Claims": 3606000000.0,
        "Salaries And Wages": 178192000000.0,
        "Gross Profit": 900727000000.0,
        "Cost Of Revenue": 6932145000000.0,
        "Total Revenue": 7832872000000.0,
        "Operating Revenue": 7895523000000.0
    },
    "2025-03-31": {
        "Tax Effect Of Unusual Items": 651120000.0,
        "Tax Rate For Calcs": 0.24,
        "Normalized EBITDA": 1247666000000.0,
        "Total Unusual Items": 2713000000.0,
        "Total Unusual Items Excluding Goodwill": 2713000000.0,
        "Net Income From Continuing Operation Net Minority Interest": -262725000000.0,
        "Reconciled Depreciation": 1197852000000.0,
        "Reconciled Cost Of Revenue": 4179598000000.0,
        "EBITDA": 1250379000000.0,
        "EBIT": 52527000000.0,
        "Net Interest Income": -180696000000.0,
        "Interest Expense": 201022000000.0,
        "Interest Income": 22038000000.0,
        "Normalized Income": -264786880000.0,
        "Net Income From Continuing And Discontinued Operation": -262725000000.0,
        "Total Expenses": 6031834000000.0,
        "Total Operating Income As Reported": 33464000000.0,
        "Diluted Average Shares": 1000000000.0,
        "Basic Average Shares": 1000000000.0,
        "Diluted EPS": -262.5,
        "Basic EPS": -262.5,
        "Diluted NI Availto Com Stockholders": -262725000000.0,
        "Net Income Common Stockholders": -262725000000.0,
        "Net Income": -262725000000.0,
        "Minority Interests": -25693000000.0,
        "Net Income Including Noncontrolling Interests": -237032000000.0,
        "Net Income Continuous Operations": -237032000000.0,
        "Tax Provision": 88537000000.0,
        "Pretax Income": -148495000000.0,
        "Other Income Expense": -1263000000.0,
        "Other Non Operating Income Expenses": -4109000000.0,
        "Special Income Charges": -15883000000.0,
        "Gain On Sale Of Ppe": -13167000000.0,
        "Impairment Of Capital Assets": 2716000000.0,
        "Earnings From Equity Interest": 133000000.0,
        "Gain On Sale Of Security": 18596000000.0,
        "Net Non Operating Interest Income Expense": -180696000000.0,
        "Total Other Finance Cost": 1712000000.0,
        "Interest Expense Non Operating": 201022000000.0,
        "Interest Income Non Operating": 22038000000.0,
        "Operating Income": 33464000000.0,
        "Operating Expense": 709340000000.0,
        "Other Taxes": 10760000000.0,
        "Depreciation Amortization Depletion Income Statement": 54956000000.0,
        "Depreciation And Amortization In Income Statement": 54956000000.0,
        "Depreciation Income Statement": 54956000000.0,
        "Research And Development": 351061000000.0,
        "Selling General And Administration": 292563000000.0,
        "Selling And Marketing Expense": 34483000000.0,
        "General And Administrative Expense": 258080000000.0,
        "Other Gand A": 95201000000.0,
        "Insurance And Claims": 3337000000.0,
        "Salaries And Wages": 159542000000.0,
        "Gross Profit": 742804000000.0,
        "Cost Of Revenue": 5322494000000.0,
        "Total Revenue": 6065298000000.0,
        "Operating Revenue": 6026501000000.0
    },
    "2025-06-30": {
        "Tax Effect Of Unusual Items": 124191016858.58829,
        "Tax Rate For Calcs": 0.101953,
        "Normalized EBITDA": 1118062000000.0,
        "Total Unusual Items": 1218120000000.0,
        "Total Unusual Items Excluding Goodwill": 1218120000000.0,
        "Net Income From Continuing Operation Net Minority Interest": 865812000000.0,
        "Reconciled Depreciation": 1169948000000.0,
        "Reconciled Cost Of Revenue": 3963990000000.0,
        "EBITDA": 2336182000000.0,
        "EBIT": 1166234000000.0,
        "Net Interest Income": -166538000000.0,
        "Interest Expense": 174336000000.0,
        "Interest Income": 10322000000.0,
        "Normalized Income": -228116983141.4117,
        "Net Income From Continuing And Discontinued Operation": 865812000000.0,
        "Total Expenses": 5702989000000.0,
        "Total Operating Income As Reported": -116033000000.0,
        "Diluted Average Shares": 1000000000.0,
        "Basic Average Shares": 1000000000.0,
        "Diluted EPS": 866.0,
        "Basic EPS": 866.0,
        "Diluted NI Availto Com Stockholders": 865812000000.0,
        "Net Income Common Stockholders": 865812000000.0,
        "Net Income": 865812000000.0,
        "Minority Interests": -24959000000.0,
        "Net Income Including Noncontrolling Interests": 890771000000.0,
        "Net Income Continuous Operations": 890771000000.0,
        "Tax Provision": 101127000000.0,
        "Pretax Income": 991898000000.0,
        "Other Income Expense": 1274469000000.0,
        "Other Non Operating Income Expenses": 55188000000.0,
        "Special Income Charges": 742374000000.0,
        "Gain On Sale Of Ppe": 744909000000.0,
        "Impairment Of Capital Assets": 2535000000.0,
        "Earnings From Equity Interest": 1161000000.0,
        "Gain On Sale Of Security": 475746000000.0,
        "Net Non Operating Interest Income Expense": -166538000000.0,
        "Total Other Finance Cost": 2524000000.0,
        "Interest Expense Non Operating": 174336000000.0,
        "Interest Income Non Operating": 10322000000.0,
        "Operating Income": -116033000000.0,
        "Operating Expense": 623741000000.0,
        "Other Taxes": 3988000000.0,
        "Depreciation Amortization Depletion Income Statement": 54690000000.0,
        "Depreciation And Amortization In Income Statement": 54690000000.0,
        "Depreciation Income Statement": NaN,
        "Research And Development": 338008000000.0,
        "Selling General And Administration": 227055000000.0,
        "Selling And Marketing Expense": 30733000000.0,
        "General And Administrative Expense": 196322000000.0,
        "Other Gand A": 82463000000.0,
        "Insurance And Claims": 2856000000.0,
        "Salaries And Wages": 111003000000.0,
        "Gross Profit": 507708000000.0,
        "Cost Of Revenue": 5079248000000.0,
        "Total Revenue": 5586956000000.0,
        "Operating Revenue": 5551685000000.0
    },
    "2025-09-30": {
        "Tax Effect Of Unusual Items": -57954480000.0,
        "Tax Rate For Calcs": 0.24,
        "Normalized EBITDA": 1430840000000.0,
        "Total Unusual Items": -241477000000.0,
        "Total Unusual Items Excluding Goodwill": -241477000000.0,
        "Net Income From Continuing Operation Net Minority Interest": -20658000000.0,
        "Reconciled Depreciation": 992821000000.0,
        "Reconciled Cost Of Revenue": 4880768000000.0,
        "EBITDA": 1189363000000.0,
        "EBIT": 196542000000.0,
        "Net Interest Income": -160422000000.0,
        "Interest Expense": 166661000000.0,
        "Interest Income": 10431000000.0,
        "Normalized Income": 162864520000.0,
        "Net Income From Continuing And Discontinued Operation": -20658000000.0,
        "Total Expenses": 6525941000000.0,
        "Total Operating Income As Reported": 431037000000.0,
        "Diluted Average Shares": 1000000000.0,
        "Basic Average Shares": 1000000000.0,
        "Diluted EPS": -20.5,
        "Basic EPS": -20.5,
        "Diluted NI Availto Com Stockholders": -20658000000.0,
        "Net Income Common Stockholders": -20658000000.0,
        "Net Income": -20658000000.0,
        "Minority Interests": -21905000000.0,
        "Net Income Including Noncontrolling Interests": 1247000000.0,
        "Net Income Continuous Operations": 1247000000.0,
        "Tax Provision": 28634000000.0,
        "Pretax Income": 29881000000.0,
        "Other Income Expense": -240734000000.0,
        "Other Non Operating Income Expenses": 760000000.0,
        "Special Income Charges": -17471000000.0,
        "Gain On Sale Of Ppe": -14714000000.0,
        "Impairment Of Capital Assets": 2757000000.0,
        "Earnings From Equity Interest": -17000000.0,
        "Gain On Sale Of Security": -224006000000.0,
        "Net Non Operating Interest Income Expense": -160422000000.0,
        "Total Other Finance Cost": 4192000000.0,
        "Interest Expense Non Operating": 166661000000.0,
        "Interest Income Non Operating": 10431000000.0,
        "Operating Income": 431037000000.0,
        "Operating Expense": 709211000000.0,
        "Other Taxes": 5979000000.0,
        "Depreciation Amortization Depletion Income Statement": 56859000000.0,
        "Depreciation And Amortization In Income Statement": 56859000000.0,
        "Depreciation Income Statement": NaN,
        "Research And Development": 344319000000.0,
        "Selling General And Administration": 302054000000.0,
        "Selling And Marketing Expense": 37625000000.0,
        "General And Administrative Expense": 264429000000.0,
        "Other Gand A": 107411000000.0,
        "Insurance And Claims": 3226000000.0,
        "Salaries And Wages": 153792000000.0,
        "Gross Profit": 1140248000000.0,
        "Cost Of Revenue": 5816730000000.0,
        "Total Revenue": 6956978000000.0,
        "Operating Revenue": 6938885000000.0
    }
}