{
    "2023-03-31": {
        "Tax Effect Of Unusual Items": NaN,
        "Tax Rate For Calcs": NaN,
        "Normalized EBITDA": NaN,
        "Total Unusual Items": 58652.0,
        "Total Unusual Items Excluding Goodwill": 58652.0,
        "Net Income From Continuing Operation Net Minority Interest": NaN,
        "Reconciled Depreciation": NaN,
        "Reconciled Cost Of Revenue": NaN,
        "EBITDA": NaN,
        "EBIT": NaN,
        "Net Interest Income": NaN,
        "Interest Expense": NaN,
        "Normalized Income": NaN,
        "Net Income From Continuing And Discontinued Operation": NaN,
        "Total Expenses": NaN,
        "Total Operating Income As Reported": NaN,
        "Diluted Average Shares": 35124095.0,
        "Basic Average Shares": 35124095.0,
        "Diluted EPS": -0.03,
        "Basic EPS": -0.03,
        "Diluted NI Availto Com Stockholders": NaN,
        "Net Income Common Stockholders": NaN,
        "Net Income": NaN,
        "Net Income Including Noncontrolling Interests": NaN,
        "Net Income Continuous Operations": NaN,
        "Tax Provision": NaN,
        "Pretax Income": NaN,
        "Other Income Expense": NaN,
        "Other Non Operating Income Expenses": NaN,
        "Special Income Charges": 58652.0,
        "Gain On Sale Of Ppe": 58652.0,
        "Net Non Operating Interest Income Expense": NaN,
        "Interest Expense Non Operating": NaN,
        "Operating Income": NaN,
        "Operating Expense": NaN,
        "Depreciation Amortization Depletion Income Statement": NaN,
        "Depreciation And Amortization In Income Statement": NaN,
        "Amortization": NaN,
        "Amortization Of Intangibles Income Statement": NaN,
        "Research And Development": NaN,
        "Selling General And Administration": NaN,
        "Gross Profit": NaN,
        "Cost Of Revenue": NaN,
        "Total Revenue": NaN,
        "Operating Revenue": NaN
    },
    "2022-12-31": {
        "Tax Effect Of Unusual Items": NaN,
        "Tax Rate For Calcs": NaN,
        "Normalized EBITDA": NaN,
        "Total Unusual Items": -2742.0,
        "Total Unusual Items Excluding Goodwill": -2742.0,
        "Net Income From Continuing Operation Net Minority Interest": NaN,
        "Reconciled Depreciation": NaN,
        "Reconciled Cost Of Revenue": NaN,
        "EBITDA": NaN,
        "EBIT": NaN,
        "Net Interest Income": NaN,
        "Interest Expense": NaN,
        "Normalized Income": NaN,
        "Net Income From Continuing And Discontinued Operation": NaN,
        "Total Expenses": NaN,
        "Total Operating Income As Reported": NaN,
        "Diluted Average Shares": NaN,
        "Basic Average Shares": NaN,
        "Diluted EPS": NaN,
        "Basic EPS": NaN,
        "Diluted NI Availto Com Stockholders": NaN,
        "Net Income Common Stockholders": NaN,
        "Net Income": NaN,
        "Net Income Including Noncontrolling Interests": NaN,
        "Net Income Continuous Operations": NaN,
        "Tax Provision": NaN,
        "Pretax Income": NaN,
        "Other Income Expense": NaN,
        "Other Non Operating Income Expenses": NaN,
        "Special Income Charges": -2742.0,
        "Gain On Sale Of Ppe": -2742.0,
        "Net Non Operating Interest Income Expense": NaN,
        "Interest Expense Non Operating": NaN,
        "Operating Income": NaN,
        "Operating Expense": NaN,
        "Depreciation Amortization Depletion Income Statement": NaN,
        "Depreciation And Amortization In Income Statement": NaN,
        "Amortization": NaN,
        "Amortization Of Intangibles Income Statement": NaN,
        "Research And Development": NaN,
        "Selling General And Administration": NaN,
        "Gross Profit": NaN,
        "Cost Of Revenue": NaN,
        "Total Revenue": NaN,
        "Operating Revenue": NaN
    },
    "2022-09-30": {
        "Tax Effect Of Unusual Items": 0.0,
        "Tax Rate For Calcs": 0.4,
        "Normalized EBITDA": -391862.0,
        "Total Unusual Items": NaN,
        "Total Unusual Items Excluding Goodwill": NaN,
        "Net Income From Continuing Operation Net Minority Interest": -1380700.0,
        "Reconciled Depreciation": 816334.0,
        "Reconciled Cost Of Revenue": 4597926.0,
        "EBITDA": -391862.0,
        "EBIT": -1208196.0,
        "Net Interest Income": -70370.0,
        "Interest Expense": 70370.0,
        "Normalized Income": -1380700.0,
        "Net Income From Continuing And Discontinued Operation": -1380700.0,
        "Total Expenses": 8602314.0,
        "Total Operating Income As Reported": -1235413.0,
        "Diluted Average Shares": 27070949.0,
        "Basic Average Shares": 27070949.0,
        "Diluted EPS": -0.05,
        "Basic EPS": -0.05,
        "Diluted NI Availto Com Stockholders": -1380700.0,
        "Net Income Common Stockholders": -1380700.0,
        "Net Income": -1380700.0,
        "Net Income Including Noncontrolling Interests": -1380700.0,
        "Net Income Continuous Operations": -1380700.0,
        "Tax Provision": 102134.0,
        "Pretax Income": -1278566.0,
        "Other Income Expense": 27217.0,
        "Other Non Operating Income Expenses": 27217.0,
        "Special Income Charges": NaN,
        "Gain On Sale Of Ppe": NaN,
        "Net Non Operating Interest Income Expense": -70370.0,
        "Interest Expense Non Operating": 70370.0,
        "Operating Income": -1235413.0,
        "Operating Expense": 3469325.0,
        "Depreciation Amortization Depletion Income Statement": 281271.0,
        "Depreciation And Amortization In Income Statement": 281271.0,
        "Amortization": 281271.0,
        "Amortization Of Intangibles Income Statement": 281271.0,
        "Research And Development": 549881.0,
        "Selling General And Administration": 2638173.0,
        "Gross Profit": 2233912.0,
        "Cost Of Revenue": 5132989.0,
        "Total Revenue": 7366901.0,
        "Operating Revenue": 7366901.0
    },
    "2022-06-30": {
        "Tax Effect Of Unusual Items": -3559.2,
        "Tax Rate For Calcs": 0.4,
        "Normalized EBITDA": -456631.0,
        "Total Unusual Items": -8898.0,
        "Total Unusual Items Excluding Goodwill": -8898.0,
        "Net Income From Continuing Operation Net Minority Interest": -1359790.0,
        "Reconciled Depreciation": 281271.0,
        "Reconciled Cost Of Revenue": 6098627.0,
        "EBITDA": -465529.0,
        "EBIT": -746800.0,
        "Net Interest Income": -78411.0,
        "Interest Expense": 78411.0,
        "Normalized Income": -1354451.2,
        "Net Income From Continuing And Discontinued Operation": -1359790.0,
        "Total Expenses": 9682761.0,
        "Total Operating Income As Reported": -784428.0,
        "Diluted Average Shares": 27042307.0,
        "Basic Average Shares": 27042307.0,
        "Diluted EPS": -0.05,
        "Basic EPS": -0.05,
        "Diluted NI Availto Com Stockholders": -1359790.0,
        "Net Income Common Stockholders": -1359790.0,
        "Net Income": -1359790.0,
        "Net Income Including Noncontrolling Interests": -1359790.0,
        "Net Income Continuous Operations": -1359790.0,
        "Tax Provision": 534579.0,
        "Pretax Income": -825211.0,
        "Other Income Expense": 28730.0,
        "Other Non Operating Income Expenses": 37628.0,
        "Special Income Charges": -8898.0,
        "Gain On Sale Of Ppe": -8898.0,
        "Net Non Operating Interest Income Expense": -78411.0,
        "Interest Expense Non Operating": 78411.0,
        "Operating Income": -775530.0,
        "Operating Expense": 3584134.0,
        "Depreciation Amortization Depletion Income Statement": 281271.0,
        "Depreciation And Amortization In Income Statement": 281271.0,
        "Amortization": 281271.0,
        "Amortization Of Intangibles Income Statement": 281271.0,
        "Research And Development": 516310.0,
        "Selling General And Administration": 2786553.0,
        "Gross Profit": 2808604.0,
        "Cost Of Revenue": 6098627.0,
        "Total Revenue": 8907231.0,
        "Operating Revenue": 8907231.0
    },
    "2022-03-31": {
        "Diluted EPS": -0.02,
        "Total Revenue": 8,
        "Gross Profit": 3,
        "Operating Income": 0,
        "EBIT": 1,
        "Net Income": 0
    },
    "2021-12-31": {
        "Diluted EPS": -0.04,
        "Total Revenue": 9,
        "Gross Profit": 3,
        "Operating Income": -1,
        "EBIT": 0,
        "Net Income": -1
    },
    "2021-09-30": {
        "Diluted EPS": -0.02,
        "Total Revenue": 9,
        "Gross Profit": 3,
        "Operating Income": 0,
        "EBIT": 1,
        "Net Income": -1
    },
    "2021-06-30": {
        "Diluted EPS": -0.1,
        "Total Revenue": 8,
        "Gross Profit": 2,
        "Operating Income": -3,
        "EBIT": -2,
        "Net Income": -3
    },
    "2021-03-31": {
        "Diluted EPS": -0.01,
        "Total Revenue": 11,
        "Gross Profit": 4,
        "Operating Income": 0,
        "EBIT": 1,
        "Net Income": 0
    },
    "2020-12-31": {
        "Diluted EPS": -0.01,
        "Total Revenue": 10,
        "Gross Profit": 4,
        "Operating Income": 0,
        "EBIT": 1,
        "Net Income": 0
    },
    "2020-09-30": {
        "Diluted EPS": 0.0,
        "Total Revenue": 10,
        "Gross Profit": 4,
        "Operating Income": 1,
        "EBIT": 2,
        "Net Income": 0
    },
    "2020-06-30": {
        "Diluted EPS": 0.02,
        "Total Revenue": 9,
        "Gross Profit": 4,
        "Operating Income": 1,
        "EBIT": 1,
        "Net Income": 1
    },
    "2020-03-31": {
        "Diluted EPS": 0.03,
        "Total Revenue": 9,
        "Gross Profit": 4,
        "Operating Income": 1,
        "EBIT": 2,
        "Net Income": 1
    },
    "2019-12-31": {
        "Diluted EPS": 0.03,
        "Total Revenue": 10,
        "Gross Profit": 4,
        "Operating Income": 1,
        "EBIT": 2,
        "Net Income": 1
    },
    "2019-09-30": {
        "Diluted EPS": -0.05,
        "Total Revenue": 8,
        "Gross Profit": 2,
        "Operating Income": -1,
        "EBIT": 0,
        "Net Income": -1
    },
    "2019-06-30": {
        "Diluted EPS": -0.07,
        "Total Revenue": 9,
        "Gross Profit": 3,
        "Operating Income": -1,
        "EBIT": 0,
        "Net Income": -2
    },
    "2019-03-31": {
        "Diluted EPS": -0.01,
        "Total Revenue": 8,
        "Gross Profit": 3,
        "Operating Income": 0,
        "EBIT": 1,
        "Net Income": 0
    },
    "2018-12-31": {
        "Diluted EPS": 0.0,
        "Total Revenue": 9,
        "Gross Profit": 4,
        "Operating Income": 0,
        "EBIT": 1,
        "Net Income": 0
    },
    "2018-09-30": {
        "Diluted EPS": -0.02,
        "Total Revenue": 9,
        "Gross Profit": 3,
        "Operating Income": 0,
        "EBIT": 1,
        "Net Income": -1
    },
    "2018-06-30": {
        "Diluted EPS": -0.03,
        "Total Revenue": 8,
        "Gross Profit": 2,
        "Operating Income": 0,
        "EBIT": 0,
        "Net Income": -1
    },
    "2018-03-31": {
        "Diluted EPS": 0.04,
        "Total Revenue": 9,
        "Gross Profit": 3,
        "Operating Income": 0,
        "EBIT": 1,
        "Net Income": 1
    },
    "2017-12-31": {
        "Diluted EPS": 0.02,
        "Total Revenue": 8,
        "Gross Profit": 4,
        "Operating Income": 0,
        "EBIT": 1,
        "Net Income": 0
    },
    "2017-09-30": {
        "Diluted EPS": 0.01,
        "Total Revenue": 8,
        "Gross Profit": 3,
        "Operating Income": 0,
        "EBIT": 1,
        "Net Income": 0
    },
    "2017-06-30": {
        "Diluted EPS": 0.29,
        "Total Revenue": 9,
        "Gross Profit": 4,
        "Operating Income": 1,
        "EBIT": 2,
        "Net Income": 6
    },
    "2017-03-31": {
        "Diluted EPS": 0.0,
        "Total Revenue": 8,
        "Gross Profit": 4,
        "Operating Income": 1,
        "EBIT": 2,
        "Net Income": 0
    },
    "2016-12-31": {
        "Diluted EPS": 0.06,
        "Total Revenue": 6,
        "Gross Profit": 3,
        "Operating Income": 1,
        "EBIT": 2,
        "Net Income": 1
    },
    "2016-09-30": {
        "Diluted EPS": 0.01,
        "Total Revenue": 5,
        "Gross Profit": 3,
        "Operating Income": 0,
        "EBIT": 1,
        "Net Income": 0
    },
    "2016-06-30": {
        "Diluted EPS": 0.03,
        "Total Revenue": 5,
        "Gross Profit": 2,
        "Operating Income": 1,
        "EBIT": 1,
        "Net Income": 0
    },
    "2016-03-31": {
        "Diluted EPS": 0.04,
        "Total Revenue": 4,
        "Gross Profit": 2,
        "Operating Income": 0,
        "EBIT": 0,
        "Net Income": 1
    },
    "2015-12-31": {
        "Diluted EPS": -0.04,
        "Total Revenue": 4,
        "Gross Profit": 2,
        "Operating Income": 1,
        "EBIT": 1,
        "Net Income": -1
    },
    "2015-09-30": {
        "Diluted EPS": 0.05,
        "Total Revenue": 4,
        "Gross Profit": 2,
        "Operating Income": 1,
        "EBIT": 1,
        "Net Income": 1
    },
    "2015-06-30": {
        "Diluted EPS": -0.03,
        "Total Revenue": 5,
        "Gross Profit": 2,
        "Operating Income": 0,
        "EBIT": 1,
        "Net Income": 0
    },
    "2015-03-31": {
        "Diluted EPS": 0.01,
        "Total Revenue": 3,
        "Gross Profit": 2,
        "Operating Income": 0,
        "EBIT": 0,
        "Net Income": 0
    },
    "2014-12-31": {
        "Diluted EPS": 0.01,
        "Total Revenue": 3,
        "Gross Profit": 1,
        "Operating Income": 0,
        "EBIT": 0,
        "Net Income": 0
    },
    "2014-09-30": {
        "Diluted EPS": -0.04,
        "Total Revenue": 3,
        "Gross Profit": 1,
        "Operating Income": -1,
        "EBIT": 0,
        "Net Income": -1
    },
    "2014-06-30": {
        "Diluted EPS": 0.01,
        "Total Revenue": 3,
        "Gross Profit": 1,
        "Operating Income": 0,
        "EBIT": 0,
        "Net Income": 0
    },
    "2014-03-31": {
        "Diluted EPS": -0.01,
        "Total Revenue": 3,
        "Gross Profit": 1,
        "Operating Income": 0,
        "EBIT": 0,
        "Net Income": 0
    },
    "2013-12-31": {
        "Diluted EPS": -0.01,
        "Total Revenue": 3,
        "Gross Profit": 1,
        "Operating Income": 0,
        "EBIT": 0,
        "Net Income": 0
    },
    "2013-09-30": {
        "Diluted EPS": -0.01,
        "Total Revenue": 3,
        "Gross Profit": 1,
        "Operating Income": 0,
        "EBIT": 0,
        "Net Income": 0
    },
    "2013-06-30": {
        "Diluted EPS": -0.02,
        "Total Revenue": 3,
        "Gross Profit": 1,
        "Operating Income": 0,
        "EBIT": 0,
        "Net Income": 0
    },
    "2013-03-31": {
        "Diluted EPS": 0.02,
        "Total Revenue": 3,
        "Gross Profit": 1,
        "Operating Income": 0,
        "EBIT": 0,
        "Net Income": 0
    },
    "2012-12-31": {
        "Diluted EPS": 0.01,
        "Total Revenue": 3,
        "Gross Profit": 1,
        "Operating Income": 0,
        "EBIT": 0,
        "Net Income": 0
    },
    "2012-09-30": {
        "Diluted EPS": 0.01,
        "Total Revenue": 3,
        "Gross Profit": 1,
        "Operating Income": 0,
        "EBIT": 0,
        "Net Income": 0
    },
    "2012-06-30": {
        "Diluted EPS": 0.02,
        "Total Revenue": 3,
        "Gross Profit": 1,
        "Operating Income": 0,
        "EBIT": 0,
        "Net Income": 0
    },
    "2012-03-31": {
        "Diluted EPS": -0.05,
        "Total Revenue": 3,
        "Gross Profit": 1,
        "Operating Income": -1,
        "EBIT": 0,
        "Net Income": -1
    },
    "2011-12-31": {
        "Diluted EPS": -0.04,
        "Total Revenue": 3,
        "Gross Profit": 1,
        "Operating Income": 0,
        "EBIT": 0,
        "Net Income": 0
    },
    "2011-09-30": {
        "Diluted EPS": -0.02,
        "Total Revenue": 3,
        "Gross Profit": 1,
        "Operating Income": 0,
        "EBIT": 0,
        "Net Income": 0
    },
    "2011-06-30": {
        "Diluted EPS": 0.0,
        "Total Revenue": 3,
        "Gross Profit": 1,
        "Operating Income": 0,
        "EBIT": 0,
        "Net Income": 0
    },
    "2011-03-31": {
        "Diluted EPS": -0.04,
        "Total Revenue": 2,
        "Gross Profit": 1,
        "Operating Income": 0,
        "EBIT": 0,
        "Net Income": 0
    },
    "2010-12-31": {
        "Diluted EPS": -0.04,
        "Total Revenue": 3,
        "Gross Profit": 1,
        "Operating Income": 0,
        "EBIT": 0,
        "Net Income": 0
    },
    "2010-09-30": {
        "Diluted EPS": -0.09,
        "Total Revenue": 2,
        "Gross Profit": 1,
        "Operating Income": 0,
        "EBIT": 0,
        "Net Income": -1
    },
    "2010-06-30": {
        "Diluted EPS": 0.02,
        "Total Revenue": 3,
        "Gross Profit": 1,
        "Operating Income": 0,
        "EBIT": 0,
        "Net Income": 0
    },
    "2010-03-31": {
        "Diluted EPS": 0.0,
        "Total Revenue": 3,
        "Gross Profit": 1,
        "Operating Income": 0,
        "EBIT": 0,
        "Net Income": 0
    },
    "2009-12-31": {
        "Diluted EPS": 0.0,
        "Total Revenue": 2,
        "Gross Profit": 1,
        "Operating Income": 0,
        "EBIT": 0,
        "Net Income": 0
    },
    "2009-09-30": {
        "Diluted EPS": -0.09,
        "Total Revenue": 2,
        "Gross Profit": 1,
        "Operating Income": -1,
        "EBIT": 0,
        "Net Income": -1
    },
    "2009-06-30": {
        "Diluted EPS": -0.03,
        "Total Revenue": 2,
        "Gross Profit": 1,
        "Operating Income": 0,
        "EBIT": 0,
        "Net Income": 0
    },
    "2009-03-31": {
        "Diluted EPS": -0.11,
        "Total Revenue": 2,
        "Gross Profit": 0,
        "Operating Income": -1,
        "EBIT": 0,
        "Net Income": -1
    },
    "2023-06-30": {
        "Tax Effect Of Unusual Items": NaN,
        "Tax Rate For Calcs": NaN,
        "Normalized EBITDA": NaN,
        "Total Unusual Items": NaN,
        "Total Unusual Items Excluding Goodwill": NaN,
        "Net Income From Continuing Operation Net Minority Interest": NaN,
        "Reconciled Depreciation": NaN,
        "Reconciled Cost Of Revenue": NaN,
        "EBITDA": NaN,
        "EBIT": NaN,
        "Net Interest Income": NaN,
        "Interest Expense": NaN,
        "Normalized Income": NaN,
        "Net Income From Continuing And Discontinued Operation": NaN,
        "Total Expenses": NaN,
        "Total Operating Income As Reported": NaN,
        "Diluted Average Shares": 37320084.0,
        "Basic Average Shares": 37320084.0,
        "Diluted EPS": -0.02,
        "Basic EPS": -0.02,
        "Diluted NI Availto Com Stockholders": NaN,
        "Net Income Common Stockholders": NaN,
        "Net Income": NaN,
        "Net Income Including Noncontrolling Interests": NaN,
        "Net Income Continuous Operations": NaN,
        "Tax Provision": NaN,
        "Pretax Income": NaN,
        "Other Income Expense": NaN,
        "Other Non Operating Income Expenses": NaN,
        "Special Income Charges": NaN,
        "Gain On Sale Of Ppe": NaN,
        "Net Non Operating Interest Income Expense": NaN,
        "Interest Expense Non Operating": NaN,
        "Operating Income": NaN,
        "Operating Expense": NaN,
        "Depreciation Amortization Depletion Income Statement": NaN,
        "Depreciation And Amortization In Income Statement": NaN,
        "Amortization": NaN,
        "Amortization Of Intangibles Income Statement": NaN,
        "Research And Development": NaN,
        "Selling General And Administration": NaN,
        "Gross Profit": NaN,
        "Cost Of Revenue": NaN,
        "Total Revenue": NaN,
        "Operating Revenue": NaN
    },
    "2023-09-30": {
        "Tax Effect Of Unusual Items": NaN,
        "Tax Rate For Calcs": NaN,
        "Normalized EBITDA": NaN,
        "Total Unusual Items": NaN,
        "Total Unusual Items Excluding Goodwill": NaN,
        "Net Income From Continuing Operation Net Minority Interest": NaN,
        "Reconciled Depreciation": NaN,
        "Reconciled Cost Of Revenue": NaN,
        "EBITDA": NaN,
        "EBIT": NaN,
        "Net Interest Income": NaN,
        "Interest Expense": NaN,
        "Normalized Income": NaN,
        "Net Income From Continuing And Discontinued Operation": NaN,
        "Total Expenses": NaN,
        "Total Operating Income As Reported": NaN,
        "Diluted Average Shares": 37431748.0,
        "Basic Average Shares": NaN,
        "Diluted EPS": -0.04,
        "Basic EPS": -0.04,
        "Diluted NI Availto Com Stockholders": NaN,
        "Net Income Common Stockholders": NaN,
        "Net Income": NaN,
        "Net Income Including Noncontrolling Interests": NaN,
        "Net Income Continuous Operations": NaN,
        "Tax Provision": NaN,
        "Pretax Income": NaN,
        "Other Income Expense": NaN,
        "Other Non Operating Income Expenses": NaN,
        "Special Income Charges": NaN,
        "Gain On Sale Of Ppe": NaN,
        "Net Non Operating Interest Income Expense": NaN,
        "Interest Expense Non Operating": NaN,
        "Operating Income": NaN,
        "Operating Expense": NaN,
        "Depreciation Amortization Depletion Income Statement": NaN,
        "Depreciation And Amortization In Income Statement": NaN,
        "Amortization": NaN,
        "Amortization Of Intangibles Income Statement": NaN,
        "Research And Development": NaN,
        "Selling General And Administration": NaN,
        "Gross Profit": NaN,
        "Cost Of Revenue": NaN,
        "Total Revenue": NaN,
        "Operating Revenue": NaN
    },
    "2023-12-31": {
        "Tax Effect Of Unusual Items": NaN,
        "Tax Rate For Calcs": NaN,
        "Normalized EBITDA": NaN,
        "Total Unusual Items": NaN,
        "Total Unusual Items Excluding Goodwill": NaN,
        "Net Income From Continuing Operation Net Minority Interest": NaN,
        "Reconciled Depreciation": NaN,
        "Reconciled Cost Of Revenue": NaN,
        "EBITDA": NaN,
        "EBIT": NaN,
        "Net Interest Income": NaN,
        "Interest Expense": NaN,
        "Normalized Income": NaN,
        "Net Income From Continuing And Discontinued Operation": NaN,
        "Total Expenses": NaN,
        "Total Operating Income As Reported": NaN,
        "Diluted Average Shares": 37501683.0,
        "Basic Average Shares": 37501683.0,
        "Diluted EPS": -0.05,
        "Basic EPS": -0.05,
        "Diluted NI Availto Com Stockholders": NaN,
        "Net Income Common Stockholders": NaN,
        "Net Income": NaN,
        "Net Income Including Noncontrolling Interests": NaN,
        "Net Income Continuous Operations": NaN,
        "Tax Provision": NaN,
        "Pretax Income": NaN,
        "Other Income Expense": NaN,
        "Other Non Operating Income Expenses": NaN,
        "Special Income Charges": NaN,
        "Gain On Sale Of Ppe": NaN,
        "Other Special Charges": NaN,
        "Gain On Sale Of Security": NaN,
        "Net Non Operating Interest Income Expense": NaN,
        "Interest Expense Non Operating": NaN,
        "Operating Income": NaN,
        "Operating Expense": NaN,
        "Depreciation Amortization Depletion Income Statement": NaN,
        "Depreciation And Amortization In Income Statement": NaN,
        "Amortization": NaN,
        "Amortization Of Intangibles Income Statement": NaN,
        "Research And Development": NaN,
        "Selling General And Administration": NaN,
        "Gross Profit": NaN,
        "Cost Of Revenue": NaN,
        "Total Revenue": NaN,
        "Operating Revenue": NaN
    },
    "2024-03-31": {
        "Tax Effect Of Unusual Items": NaN,
        "Tax Rate For Calcs": NaN,
        "Normalized EBITDA": NaN,
        "Total Unusual Items": NaN,
        "Total Unusual Items Excluding Goodwill": NaN,
        "Net Income From Continuing Operation Net Minority Interest": NaN,
        "Reconciled Depreciation": NaN,
        "Reconciled Cost Of Revenue": NaN,
        "EBITDA": NaN,
        "EBIT": NaN,
        "Net Interest Income": NaN,
        "Interest Expense": NaN,
        "Normalized Income": NaN,
        "Net Income From Continuing And Discontinued Operation": NaN,
        "Total Expenses": NaN,
        "Total Operating Income As Reported": NaN,
        "Diluted Average Shares": 37988770.0,
        "Basic Average Shares": 37988770.0,
        "Diluted EPS": -0.07,
        "Basic EPS": -0.07,
        "Diluted NI Availto Com Stockholders": NaN,
        "Net Income Common Stockholders": NaN,
        "Net Income": NaN,
        "Net Income Including Noncontrolling Interests": NaN,
        "Net Income Continuous Operations": NaN,
        "Tax Provision": NaN,
        "Pretax Income": NaN,
        "Other Income Expense": NaN,
        "Other Non Operating Income Expenses": NaN,
        "Special Income Charges": NaN,
        "Gain On Sale Of Ppe": NaN,
        "Other Special Charges": NaN,
        "Gain On Sale Of Security": NaN,
        "Net Non Operating Interest Income Expense": NaN,
        "Interest Expense Non Operating": NaN,
        "Operating Income": NaN,
        "Operating Expense": NaN,
        "Depreciation Amortization Depletion Income Statement": NaN,
        "Depreciation And Amortization In Income Statement": NaN,
        "Amortization": NaN,
        "Amortization Of Intangibles Income Statement": NaN,
        "Research And Development": NaN,
        "Selling General And Administration": NaN,
        "Gross Profit": NaN,
        "Cost Of Revenue": NaN,
        "Total Revenue": NaN,
        "Operating Revenue": NaN
    },
    "2024-06-30": {
        "Tax Effect Of Unusual Items": -2492.994903,
        "Tax Rate For Calcs": 0.022392,
        "Normalized EBITDA": -1190976.0,
        "Total Unusual Items": -111336.0,
        "Total Unusual Items Excluding Goodwill": -111336.0,
        "Net Income From Continuing Operation Net Minority Interest": -2353773.0,
        "Reconciled Depreciation": 1062559.0,
        "Reconciled Cost Of Revenue": 5480944.0,
        "EBITDA": -1302312.0,
        "EBIT": -2364871.0,
        "Net Interest Income": -42814.0,
        "Interest Expense": 42814.0,
        "Normalized Income": -2244929.994903,
        "Net Income From Continuing And Discontinued Operation": -2353773.0,
        "Total Expenses": 10732313.0,
        "Total Operating Income As Reported": -2209517.0,
        "Diluted Average Shares": NaN,
        "Basic Average Shares": NaN,
        "Diluted EPS": NaN,
        "Basic EPS": NaN,
        "Diluted NI Availto Com Stockholders": -2353773.0,
        "Net Income Common Stockholders": -2353773.0,
        "Net Income": -2353773.0,
        "Net Income Including Noncontrolling Interests": -2353773.0,
        "Net Income Continuous Operations": -2353773.0,
        "Tax Provision": -53912.0,
        "Pretax Income": -2407685.0,
        "Other Income Expense": -266690.0,
        "Other Non Operating Income Expenses": -155354.0,
        "Special Income Charges": -111336.0,
        "Gain On Sale Of Ppe": -111336.0,
        "Other Special Charges": NaN,
        "Gain On Sale Of Security": NaN,
        "Net Non Operating Interest Income Expense": -42814.0,
        "Interest Expense Non Operating": 42814.0,
        "Operating Income": -2098181.0,
        "Operating Expense": 4623213.0,
        "Depreciation Amortization Depletion Income Statement": 434403.0,
        "Depreciation And Amortization In Income Statement": 434403.0,
        "Amortization": 434403.0,
        "Amortization Of Intangibles Income Statement": 434403.0,
        "Research And Development": 582822.0,
        "Selling General And Administration": 3605988.0,
        "Gross Profit": 2525032.0,
        "Cost Of Revenue": 6109100.0,
        "Total Revenue": 8634132.0,
        "Operating Revenue": 8634132.0
    },
    "2024-09-30": {
        "Tax Effect Of Unusual Items": -16471.77,
        "Tax Rate For Calcs": 0.21,
        "Normalized EBITDA": -389750.0,
        "Total Unusual Items": -78437.0,
        "Total Unusual Items Excluding Goodwill": -78437.0,
        "Net Income From Continuing Operation Net Minority Interest": -1622745.0,
        "Reconciled Depreciation": 989562.0,
        "Reconciled Cost Of Revenue": 4962166.0,
        "EBITDA": -468187.0,
        "EBIT": -1457749.0,
        "Net Interest Income": -149360.0,
        "Interest Expense": 149360.0,
        "Normalized Income": -1560779.77,
        "Net Income From Continuing And Discontinued Operation": -1622745.0,
        "Total Expenses": 9698752.0,
        "Total Operating Income As Reported": -1376808.0,
        "Diluted Average Shares": 39561480.0,
        "Basic Average Shares": 39561480.0,
        "Diluted EPS": -0.04,
        "Basic EPS": -0.04,
        "Diluted NI Availto Com Stockholders": -1622745.0,
        "Net Income Common Stockholders": -1622745.0,
        "Net Income": -1622745.0,
        "Net Income Including Noncontrolling Interests": -1622745.0,
        "Net Income Continuous Operations": -1622745.0,
        "Tax Provision": 15636.0,
        "Pretax Income": -1607109.0,
        "Other Income Expense": -159378.0,
        "Other Non Operating Income Expenses": -80941.0,
        "Special Income Charges": -78437.0,
        "Gain On Sale Of Ppe": -78437.0,
        "Other Special Charges": NaN,
        "Restructuring And Mergern Acquisition": 0.0,
        "Gain On Sale Of Security": NaN,
        "Net Non Operating Interest Income Expense": -149360.0,
        "Interest Expense Non Operating": 149360.0,
        "Operating Income": -1298371.0,
        "Operating Expense": 4142800.0,
        "Depreciation Amortization Depletion Income Statement": 395776.0,
        "Depreciation And Amortization In Income Statement": 395776.0,
        "Amortization": 395776.0,
        "Amortization Of Intangibles Income Statement": 395776.0,
        "Research And Development": 476441.0,
        "Selling General And Administration": 3270583.0,
        "Gross Profit": 2844429.0,
        "Cost Of Revenue": 5555952.0,
        "Total Revenue": 8400381.0,
        "Operating Revenue": 8400381.0
    },
    "2024-12-31": {
        "Tax Effect Of Unusual Items": 0.0,
        "Tax Rate For Calcs": 0.21,
        "Normalized EBITDA": -1494379.0,
        "Total Unusual Items": 0.0,
        "Total Unusual Items Excluding Goodwill": 0.0,
        "Net Income From Continuing Operation Net Minority Interest": -2611997.0,
        "Reconciled Depreciation": 904040.0,
        "Reconciled Cost Of Revenue": 4884669.0,
        "EBITDA": -1494379.0,
        "EBIT": -2398419.0,
        "Net Interest Income": -169053.0,
        "Interest Expense": 169053.0,
        "Normalized Income": -2611997.0,
        "Net Income From Continuing And Discontinued Operation": -2611997.0,
        "Total Expenses": 9909168.0,
        "Total Operating Income As Reported": -2484339.0,
        "Diluted Average Shares": 39728933.0,
        "Basic Average Shares": 39728933.0,
        "Diluted EPS": -0.07,
        "Basic EPS": -0.07,
        "Diluted NI Availto Com Stockholders": -2611997.0,
        "Net Income Common Stockholders": -2611997.0,
        "Net Income": -2611997.0,
        "Net Income Including Noncontrolling Interests": -2611997.0,
        "Net Income Continuous Operations": -2611997.0,
        "Tax Provision": 44525.0,
        "Pretax Income": -2567472.0,
        "Other Income Expense": 85920.0,
        "Other Non Operating Income Expenses": 85920.0,
        "Special Income Charges": 0.0,
        "Gain On Sale Of Ppe": 0.0,
        "Other Special Charges": NaN,
        "Restructuring And Mergern Acquisition": NaN,
        "Gain On Sale Of Security": NaN,
        "Net Non Operating Interest Income Expense": -169053.0,
        "Interest Expense Non Operating": 169053.0,
        "Operating Income": -2484339.0,
        "Operating Expense": 4415170.0,
        "Depreciation Amortization Depletion Income Statement": 294711.0,
        "Depreciation And Amortization In Income Statement": 294711.0,
        "Amortization": 294711.0,
        "Amortization Of Intangibles Income Statement": 294711.0,
        "Research And Development": 764396.0,
        "Selling General And Administration": 3356063.0,
        "Gross Profit": 1930831.0,
        "Cost Of Revenue": 5493998.0,
        "Total Revenue": 7424829.0,
        "Operating Revenue": 7424829.0
    },
    "2025-03-31": {
        "Tax Effect Of Unusual Items": 94496.64,
        "Tax Rate For Calcs": 0.21,
        "Normalized EBITDA": -1982430.0,
        "Total Unusual Items": 449984.0,
        "Total Unusual Items Excluding Goodwill": 449984.0,
        "Net Income From Continuing Operation Net Minority Interest": -3582460.0,
        "Reconciled Depreciation": 1463150.0,
        "Reconciled Cost Of Revenue": 5819401.0,
        "EBITDA": -1532446.0,
        "EBIT": -2995596.0,
        "Net Interest Income": -486833.0,
        "Interest Expense": 486833.0,
        "Normalized Income": -3937947.36,
        "Net Income From Continuing And Discontinued Operation": -3582460.0,
        "Total Expenses": 12488848.0,
        "Total Operating Income As Reported": -3323289.0,
        "Diluted Average Shares": 41363643.0,
        "Basic Average Shares": 41363643.0,
        "Diluted EPS": -0.09,
        "Basic EPS": -0.09,
        "Diluted NI Availto Com Stockholders": -3582460.0,
        "Net Income Common Stockholders": -3582460.0,
        "Net Income": -3582460.0,
        "Net Income Including Noncontrolling Interests": -3582460.0,
        "Net Income Continuous Operations": -3582460.0,
        "Tax Provision": 100031.0,
        "Pretax Income": -3482429.0,
        "Other Income Expense": 325625.0,
        "Other Non Operating Income Expenses": -124359.0,
        "Special Income Charges": -420570.0,
        "Gain On Sale Of Ppe": -2068.0,
        "Other Special Charges": 418502.0,
        "Restructuring And Mergern Acquisition": NaN,
        "Gain On Sale Of Security": 870554.0,
        "Net Non Operating Interest Income Expense": -486833.0,
        "Interest Expense Non Operating": 486833.0,
        "Operating Income": -3321221.0,
        "Operating Expense": 5985322.0,
        "Depreciation Amortization Depletion Income Statement": 779025.0,
        "Depreciation And Amortization In Income Statement": 779025.0,
        "Amortization": 779025.0,
        "Amortization Of Intangibles Income Statement": 779025.0,
        "Research And Development": 757938.0,
        "Selling General And Administration": 4448359.0,
        "Gross Profit": 2664101.0,
        "Cost Of Revenue": 6503526.0,
        "Total Revenue": 9167627.0,
        "Operating Revenue": 9167627.0
    },
    "2025-06-30": {
        "Tax Effect Of Unusual Items": -64856.034784,
        "Tax Rate For Calcs": 0.017051,
        "Normalized EBITDA": -2269383.0,
        "Total Unusual Items": -3803544.0,
        "Total Unusual Items Excluding Goodwill": -3803544.0,
        "Net Income From Continuing Operation Net Minority Interest": -7055980.0,
        "Reconciled Depreciation": 792488.0,
        "Reconciled Cost Of Revenue": 8671857.0,
        "EBITDA": -6072927.0,
        "EBIT": -6865415.0,
        "Net Interest Income": -312967.0,
        "Interest Expense": 312967.0,
        "Normalized Income": -3317292.034784,
        "Net Income From Continuing And Discontinued Operation": -7055980.0,
        "Total Expenses": 15268964.0,
        "Total Operating Income As Reported": -4638445.0,
        "Diluted Average Shares": 42874607.0,
        "Basic Average Shares": 42874607.0,
        "Diluted EPS": -0.16,
        "Basic EPS": -0.16,
        "Diluted NI Availto Com Stockholders": -7055980.0,
        "Net Income Common Stockholders": -7055980.0,
        "Net Income": -7055980.0,
        "Net Income Including Noncontrolling Interests": -7055980.0,
        "Net Income Continuous Operations": -7055980.0,
        "Tax Provision": -122402.0,
        "Pretax Income": -7178382.0,
        "Other Income Expense": -3806244.0,
        "Other Non Operating Income Expenses": -2700.0,
        "Special Income Charges": -1579274.0,
        "Gain On Sale Of Ppe": -18829.0,
        "Other Special Charges": 0.0,
        "Restructuring And Mergern Acquisition": NaN,
        "Gain On Sale Of Security": -2224270.0,
        "Net Non Operating Interest Income Expense": -312967.0,
        "Interest Expense Non Operating": 312967.0,
        "Operating Income": -3059171.0,
        "Operating Expense": 5749924.0,
        "Depreciation Amortization Depletion Income Statement": -54695.0,
        "Depreciation And Amortization In Income Statement": -54695.0,
        "Amortization": -54695.0,
        "Amortization Of Intangibles Income Statement": -54695.0,
        "Research And Development": 1064997.0,
        "Selling General And Administration": 4739622.0,
        "Gross Profit": 2690753.0,
        "Cost Of Revenue": 9519040.0,
        "Total Revenue": 12209793.0,
        "Operating Revenue": 12209793.0
    },
    "2025-09-30": {
        "Tax Effect Of Unusual Items": -270170.88,
        "Tax Rate For Calcs": 0.21,
        "Normalized EBITDA": -37403.0,
        "Total Unusual Items": -1286528.0,
        "Total Unusual Items Excluding Goodwill": -1286528.0,
        "Net Income From Continuing Operation Net Minority Interest": -2893002.0,
        "Reconciled Depreciation": 1218948.0,
        "Reconciled Cost Of Revenue": 9807285.0,
        "EBITDA": -1323931.0,
        "EBIT": -2542879.0,
        "Net Interest Income": -268853.0,
        "Interest Expense": 268853.0,
        "Normalized Income": -1876644.88,
        "Net Income From Continuing And Discontinued Operation": -2893002.0,
        "Total Expenses": 16277531.0,
        "Total Operating Income As Reported": -2505778.0,
        "Diluted Average Shares": 43287933.0,
        "Basic Average Shares": 43287933.0,
        "Diluted EPS": -0.07,
        "Basic EPS": -0.07,
        "Diluted NI Availto Com Stockholders": -2893002.0,
        "Net Income Common Stockholders": -2893002.0,
        "Net Income": -2893002.0,
        "Net Income Including Noncontrolling Interests": -2893002.0,
        "Net Income Continuous Operations": -2893002.0,
        "Tax Provision": 81270.0,
        "Pretax Income": -2811732.0,
        "Other Income Expense": -1323629.0,
        "Other Non Operating Income Expenses": -37101.0,
        "Special Income Charges": -1286528.0,
        "Gain On Sale Of Ppe": -3999.0,
        "Other Special Charges": NaN,
        "Restructuring And Mergern Acquisition": 1282529.0,
        "Gain On Sale Of Security": NaN,
        "Net Non Operating Interest Income Expense": -268853.0,
        "Interest Expense Non Operating": 268853.0,
        "Operating Income": -1219250.0,
        "Operating Expense": 5701822.0,
        "Depreciation Amortization Depletion Income Statement": 450524.0,
        "Depreciation And Amortization In Income Statement": 450524.0,
        "Amortization": 450524.0,
        "Amortization Of Intangibles Income Statement": 450524.0,
        "Research And Development": 867428.0,
        "Selling General And Administration": 4383870.0,
        "Gross Profit": 4482572.0,
        "Cost Of Revenue": 10575709.0,
        "Total Revenue": 15058281.0,
        "Operating Revenue": 15058281.0
    }
}