{
    "2023-03-31": {
        "Tax Effect Of Unusual Items": NaN,
        "Tax Rate For Calcs": NaN,
        "Normalized EBITDA": NaN,
        "Total Unusual Items": NaN,
        "Total Unusual Items Excluding Goodwill": NaN,
        "Net Income From Continuing Operation Net Minority Interest": NaN,
        "Reconciled Depreciation": NaN,
        "Reconciled Cost Of Revenue": NaN,
        "EBITDA": NaN,
        "EBIT": NaN,
        "Net Interest Income": NaN,
        "Interest Expense": NaN,
        "Interest Income": NaN,
        "Normalized Income": NaN,
        "Net Income From Continuing And Discontinued Operation": NaN,
        "Total Expenses": NaN,
        "Total Operating Income As Reported": NaN,
        "Diluted Average Shares": NaN,
        "Basic Average Shares": NaN,
        "Diluted EPS": NaN,
        "Basic EPS": NaN,
        "Diluted NI Availto Com Stockholders": NaN,
        "Net Income Common Stockholders": NaN,
        "Net Income": NaN,
        "Net Income Including Noncontrolling Interests": NaN,
        "Net Income Continuous Operations": NaN,
        "Pretax Income": NaN,
        "Other Income Expense": -2311000.0,
        "Special Income Charges": NaN,
        "Other Special Charges": 2311000.0,
        "Net Non Operating Interest Income Expense": NaN,
        "Interest Expense Non Operating": NaN,
        "Interest Income Non Operating": NaN,
        "Operating Income": NaN,
        "Operating Expense": NaN,
        "Research And Development": NaN,
        "Selling General And Administration": NaN,
        "General And Administrative Expense": NaN,
        "Other Gand A": NaN,
        "Gross Profit": NaN,
        "Cost Of Revenue": NaN,
        "Total Revenue": NaN,
        "Operating Revenue": NaN
    },
    "2022-12-31": {
        "Tax Effect Of Unusual Items": NaN,
        "Tax Rate For Calcs": NaN,
        "Normalized EBITDA": NaN,
        "Total Unusual Items": NaN,
        "Total Unusual Items Excluding Goodwill": NaN,
        "Net Income From Continuing Operation Net Minority Interest": NaN,
        "Reconciled Depreciation": NaN,
        "Reconciled Cost Of Revenue": NaN,
        "EBITDA": NaN,
        "EBIT": NaN,
        "Net Interest Income": NaN,
        "Interest Expense": NaN,
        "Interest Income": NaN,
        "Normalized Income": NaN,
        "Net Income From Continuing And Discontinued Operation": NaN,
        "Total Expenses": NaN,
        "Total Operating Income As Reported": NaN,
        "Diluted Average Shares": NaN,
        "Basic Average Shares": NaN,
        "Diluted EPS": NaN,
        "Basic EPS": NaN,
        "Diluted NI Availto Com Stockholders": NaN,
        "Net Income Common Stockholders": NaN,
        "Net Income": NaN,
        "Net Income Including Noncontrolling Interests": NaN,
        "Net Income Continuous Operations": NaN,
        "Pretax Income": NaN,
        "Other Income Expense": 0.0,
        "Special Income Charges": NaN,
        "Other Special Charges": 0.0,
        "Net Non Operating Interest Income Expense": NaN,
        "Interest Expense Non Operating": NaN,
        "Interest Income Non Operating": NaN,
        "Operating Income": NaN,
        "Operating Expense": NaN,
        "Research And Development": NaN,
        "Selling General And Administration": NaN,
        "General And Administrative Expense": NaN,
        "Other Gand A": NaN,
        "Gross Profit": NaN,
        "Cost Of Revenue": NaN,
        "Total Revenue": NaN,
        "Operating Revenue": NaN
    },
    "2022-09-30": {
        "Tax Effect Of Unusual Items": NaN,
        "Tax Rate For Calcs": NaN,
        "Normalized EBITDA": NaN,
        "Total Unusual Items": NaN,
        "Total Unusual Items Excluding Goodwill": NaN,
        "Net Income From Continuing Operation Net Minority Interest": NaN,
        "Reconciled Depreciation": NaN,
        "Reconciled Cost Of Revenue": NaN,
        "EBITDA": NaN,
        "EBIT": NaN,
        "Net Interest Income": NaN,
        "Interest Expense": NaN,
        "Interest Income": NaN,
        "Normalized Income": NaN,
        "Net Income From Continuing And Discontinued Operation": NaN,
        "Total Expenses": NaN,
        "Total Operating Income As Reported": NaN,
        "Diluted Average Shares": 64458741.0,
        "Basic Average Shares": 64458741.0,
        "Diluted EPS": -0.14,
        "Basic EPS": -0.14,
        "Diluted NI Availto Com Stockholders": NaN,
        "Net Income Common Stockholders": NaN,
        "Net Income": NaN,
        "Net Income Including Noncontrolling Interests": NaN,
        "Net Income Continuous Operations": NaN,
        "Pretax Income": NaN,
        "Other Income Expense": NaN,
        "Special Income Charges": NaN,
        "Other Special Charges": NaN,
        "Net Non Operating Interest Income Expense": NaN,
        "Interest Expense Non Operating": NaN,
        "Interest Income Non Operating": NaN,
        "Operating Income": NaN,
        "Operating Expense": NaN,
        "Research And Development": NaN,
        "Selling General And Administration": NaN,
        "General And Administrative Expense": NaN,
        "Other Gand A": NaN,
        "Gross Profit": NaN,
        "Cost Of Revenue": NaN,
        "Total Revenue": NaN,
        "Operating Revenue": NaN
    },
    "2022-06-30": {
        "Tax Effect Of Unusual Items": 0.0,
        "Tax Rate For Calcs": 0.0,
        "Normalized EBITDA": -7899000.0,
        "Total Unusual Items": 0.0,
        "Total Unusual Items Excluding Goodwill": 0.0,
        "Net Income From Continuing Operation Net Minority Interest": -9447000.0,
        "Reconciled Depreciation": 1006000.0,
        "Reconciled Cost Of Revenue": 731000.0,
        "EBITDA": -7899000.0,
        "EBIT": -8905000.0,
        "Net Interest Income": -477000.0,
        "Interest Expense": 542000.0,
        "Interest Income": 65000.0,
        "Normalized Income": -9447000.0,
        "Net Income From Continuing And Discontinued Operation": -9447000.0,
        "Total Expenses": 12888000.0,
        "Total Operating Income As Reported": -8970000.0,
        "Diluted Average Shares": 62179305.0,
        "Basic Average Shares": 62179305.0,
        "Diluted EPS": -0.15,
        "Basic EPS": -0.15,
        "Diluted NI Availto Com Stockholders": -9447000.0,
        "Net Income Common Stockholders": -9447000.0,
        "Net Income": -9447000.0,
        "Net Income Including Noncontrolling Interests": -9447000.0,
        "Net Income Continuous Operations": -9447000.0,
        "Pretax Income": -9447000.0,
        "Other Income Expense": NaN,
        "Special Income Charges": 0.0,
        "Other Special Charges": NaN,
        "Net Non Operating Interest Income Expense": -477000.0,
        "Interest Expense Non Operating": 542000.0,
        "Interest Income Non Operating": 65000.0,
        "Operating Income": -8970000.0,
        "Operating Expense": 12157000.0,
        "Research And Development": 5219000.0,
        "Selling General And Administration": 6938000.0,
        "General And Administrative Expense": 6938000.0,
        "Other Gand A": 6938000.0,
        "Gross Profit": 3187000.0,
        "Cost Of Revenue": 731000.0,
        "Total Revenue": 3918000.0,
        "Operating Revenue": 3918000.0
    },
    "2022-03-31": {
        "Diluted EPS": -0.3,
        "Total Revenue": 3,
        "Gross Profit": 3,
        "Operating Income": -14,
        "EBIT": -14,
        "Net Income": -16
    },
    "2021-12-31": {
        "Diluted EPS": -0.22,
        "Total Revenue": 3,
        "Gross Profit": 2,
        "Operating Income": -11,
        "EBIT": -10,
        "Net Income": -12
    },
    "2021-09-30": {
        "Diluted EPS": -0.14,
        "Total Revenue": 3,
        "Gross Profit": 2,
        "Operating Income": -7,
        "EBIT": -6,
        "Net Income": -7
    },
    "2021-06-30": {
        "Diluted EPS": -0.13,
        "Total Revenue": 3,
        "Gross Profit": 3,
        "Operating Income": -6,
        "EBIT": -5,
        "Net Income": -7
    },
    "2021-03-31": {
        "Diluted EPS": -0.21,
        "Total Revenue": 3,
        "Gross Profit": 2,
        "Operating Income": -9,
        "EBIT": -7,
        "Net Income": -9
    },
    "2020-12-31": {
        "Diluted EPS": -0.35,
        "Total Revenue": NaN,
        "Gross Profit": NaN,
        "Operating Income": -17,
        "EBIT": -16,
        "Net Income": -16
    },
    "2020-09-30": {
        "Diluted EPS": -0.4,
        "Total Revenue": NaN,
        "Gross Profit": NaN,
        "Operating Income": -15,
        "EBIT": -14,
        "Net Income": -15
    },
    "2020-06-30": {
        "Diluted EPS": -0.49,
        "Total Revenue": NaN,
        "Gross Profit": NaN,
        "Operating Income": -14,
        "EBIT": -13,
        "Net Income": -14
    },
    "2020-03-31": {
        "Diluted EPS": -0.52,
        "Total Revenue": NaN,
        "Gross Profit": NaN,
        "Operating Income": -15,
        "EBIT": -14,
        "Net Income": -15
    },
    "2019-12-31": {
        "Diluted EPS": -0.67,
        "Total Revenue": NaN,
        "Gross Profit": NaN,
        "Operating Income": -14,
        "EBIT": -13,
        "Net Income": -14
    },
    "2019-09-30": {
        "Diluted EPS": -0.72,
        "Total Revenue": NaN,
        "Gross Profit": NaN,
        "Operating Income": -13,
        "EBIT": -13,
        "Net Income": -13
    },
    "2019-06-30": {
        "Diluted EPS": -0.31,
        "Total Revenue": 8,
        "Gross Profit": 7,
        "Operating Income": -6,
        "EBIT": -5,
        "Net Income": -6
    },
    "2019-03-31": {
        "Diluted EPS": -0.87,
        "Total Revenue": NaN,
        "Gross Profit": NaN,
        "Operating Income": -14,
        "EBIT": -13,
        "Net Income": -14
    },
    "2018-12-31": {
        "Diluted EPS": 47.52,
        "Total Revenue": 1,
        "Gross Profit": 1,
        "Operating Income": -10,
        "EBIT": -9,
        "Net Income": -10
    },
    "2018-09-30": {
        "Diluted EPS": -0.84,
        "Total Revenue": 0,
        "Gross Profit": 0,
        "Operating Income": -9,
        "EBIT": -9,
        "Net Income": -10
    },
    "2018-06-30": {
        "Diluted EPS": -9.86,
        "Total Revenue": 1,
        "Gross Profit": 1,
        "Operating Income": -7,
        "EBIT": -7,
        "Net Income": -6
    },
    "2018-03-31": {
        "Diluted EPS": -44.33,
        "Total Revenue": 1,
        "Gross Profit": 1,
        "Operating Income": -9,
        "EBIT": 9,
        "Net Income": -28
    },
    "2017-12-31": {
        "Diluted EPS": 0.0,
        "Total Revenue": NaN,
        "Gross Profit": NaN,
        "Operating Income": NaN,
        "EBIT": NaN,
        "Net Income": NaN
    },
    "2017-09-30": {
        "Diluted EPS": -34.91,
        "Total Revenue": 2,
        "Gross Profit": 2,
        "Operating Income": -8,
        "EBIT": -5,
        "Net Income": -19
    },
    "2017-06-30": {
        "Diluted EPS": -14.75,
        "Total Revenue": 2,
        "Gross Profit": 2,
        "Operating Income": -6,
        "EBIT": -6,
        "Net Income": -8
    },
    "2023-06-30": {
        "Tax Effect Of Unusual Items": NaN,
        "Tax Rate For Calcs": NaN,
        "Normalized EBITDA": NaN,
        "Total Unusual Items": NaN,
        "Total Unusual Items Excluding Goodwill": NaN,
        "Net Income From Continuing Operation Net Minority Interest": NaN,
        "Reconciled Depreciation": NaN,
        "Reconciled Cost Of Revenue": NaN,
        "EBITDA": NaN,
        "EBIT": NaN,
        "Net Interest Income": NaN,
        "Interest Expense": NaN,
        "Interest Income": NaN,
        "Normalized Income": NaN,
        "Net Income From Continuing And Discontinued Operation": NaN,
        "Total Expenses": NaN,
        "Total Operating Income As Reported": NaN,
        "Diluted Average Shares": 64788482.0,
        "Basic Average Shares": 64788482.0,
        "Diluted EPS": -0.36,
        "Basic EPS": -0.36,
        "Diluted NI Availto Com Stockholders": NaN,
        "Net Income Common Stockholders": NaN,
        "Net Income": NaN,
        "Net Income Including Noncontrolling Interests": NaN,
        "Net Income Continuous Operations": NaN,
        "Pretax Income": NaN,
        "Other Income Expense": NaN,
        "Special Income Charges": NaN,
        "Other Special Charges": NaN,
        "Net Non Operating Interest Income Expense": NaN,
        "Interest Expense Non Operating": NaN,
        "Interest Income Non Operating": NaN,
        "Operating Income": NaN,
        "Operating Expense": NaN,
        "Research And Development": NaN,
        "Selling General And Administration": NaN,
        "General And Administrative Expense": NaN,
        "Other Gand A": NaN,
        "Gross Profit": NaN,
        "Cost Of Revenue": NaN,
        "Total Revenue": NaN,
        "Operating Revenue": NaN
    },
    "2023-09-30": {
        "Tax Effect Of Unusual Items": NaN,
        "Tax Rate For Calcs": NaN,
        "Normalized EBITDA": NaN,
        "Total Unusual Items": NaN,
        "Total Unusual Items Excluding Goodwill": NaN,
        "Net Income From Continuing Operation Net Minority Interest": NaN,
        "Reconciled Depreciation": NaN,
        "Reconciled Cost Of Revenue": NaN,
        "EBITDA": NaN,
        "EBIT": NaN,
        "Net Interest Income": NaN,
        "Interest Expense": NaN,
        "Interest Income": NaN,
        "Normalized Income": NaN,
        "Net Income From Continuing And Discontinued Operation": NaN,
        "Total Expenses": NaN,
        "Total Operating Income As Reported": NaN,
        "Diluted Average Shares": 64857508.0,
        "Basic Average Shares": 64857508.0,
        "Diluted EPS": -0.24,
        "Basic EPS": -0.24,
        "Diluted NI Availto Com Stockholders": NaN,
        "Net Income Common Stockholders": NaN,
        "Net Income": NaN,
        "Net Income Including Noncontrolling Interests": NaN,
        "Net Income Continuous Operations": NaN,
        "Pretax Income": NaN,
        "Other Income Expense": NaN,
        "Special Income Charges": NaN,
        "Other Special Charges": NaN,
        "Net Non Operating Interest Income Expense": NaN,
        "Interest Expense Non Operating": NaN,
        "Interest Income Non Operating": NaN,
        "Operating Income": NaN,
        "Operating Expense": NaN,
        "Research And Development": NaN,
        "Selling General And Administration": NaN,
        "General And Administrative Expense": NaN,
        "Other Gand A": NaN,
        "Gross Profit": NaN,
        "Cost Of Revenue": NaN,
        "Total Revenue": NaN,
        "Operating Revenue": NaN
    },
    "2023-12-31": {
        "Tax Effect Of Unusual Items": NaN,
        "Tax Rate For Calcs": NaN,
        "Normalized EBITDA": NaN,
        "Total Unusual Items": 0.0,
        "Total Unusual Items Excluding Goodwill": 0.0,
        "Net Income From Continuing Operation Net Minority Interest": NaN,
        "Reconciled Depreciation": NaN,
        "Reconciled Cost Of Revenue": NaN,
        "EBITDA": NaN,
        "EBIT": NaN,
        "Net Interest Income": NaN,
        "Interest Expense": NaN,
        "Interest Income": NaN,
        "Normalized Income": NaN,
        "Net Income From Continuing And Discontinued Operation": NaN,
        "Total Expenses": NaN,
        "Total Operating Income As Reported": NaN,
        "Diluted Average Shares": NaN,
        "Basic Average Shares": NaN,
        "Diluted EPS": NaN,
        "Basic EPS": NaN,
        "Diluted NI Availto Com Stockholders": NaN,
        "Net Income Common Stockholders": NaN,
        "Net Income": NaN,
        "Net Income Including Noncontrolling Interests": NaN,
        "Net Income Continuous Operations": NaN,
        "Pretax Income": NaN,
        "Other Income Expense": 0.0,
        "Special Income Charges": 0.0,
        "Other Special Charges": 0.0,
        "Net Non Operating Interest Income Expense": NaN,
        "Interest Expense Non Operating": NaN,
        "Interest Income Non Operating": NaN,
        "Operating Income": NaN,
        "Operating Expense": NaN,
        "Research And Development": NaN,
        "Selling General And Administration": NaN,
        "General And Administrative Expense": NaN,
        "Other Gand A": NaN,
        "Gross Profit": NaN,
        "Cost Of Revenue": NaN,
        "Total Revenue": NaN,
        "Operating Revenue": NaN
    },
    "2024-03-31": {
        "Tax Effect Of Unusual Items": NaN,
        "Tax Rate For Calcs": NaN,
        "Normalized EBITDA": NaN,
        "Total Unusual Items": -11483000.0,
        "Total Unusual Items Excluding Goodwill": -11483000.0,
        "Net Income From Continuing Operation Net Minority Interest": NaN,
        "Reconciled Depreciation": NaN,
        "Reconciled Cost Of Revenue": NaN,
        "EBITDA": NaN,
        "EBIT": NaN,
        "Net Interest Income": NaN,
        "Interest Expense": NaN,
        "Interest Income": NaN,
        "Normalized Income": NaN,
        "Net Income From Continuing And Discontinued Operation": NaN,
        "Total Expenses": NaN,
        "Total Operating Income As Reported": NaN,
        "Diluted Average Shares": NaN,
        "Basic Average Shares": NaN,
        "Diluted EPS": NaN,
        "Basic EPS": NaN,
        "Diluted NI Availto Com Stockholders": NaN,
        "Net Income Common Stockholders": NaN,
        "Net Income": NaN,
        "Net Income Including Noncontrolling Interests": NaN,
        "Net Income Continuous Operations": NaN,
        "Pretax Income": NaN,
        "Other Income Expense": -11483000.0,
        "Special Income Charges": -11483000.0,
        "Other Special Charges": 11483000.0,
        "Net Non Operating Interest Income Expense": NaN,
        "Interest Expense Non Operating": NaN,
        "Interest Income Non Operating": NaN,
        "Operating Income": NaN,
        "Operating Expense": NaN,
        "Research And Development": NaN,
        "Selling General And Administration": NaN,
        "General And Administrative Expense": NaN,
        "Other Gand A": NaN,
        "Gross Profit": NaN,
        "Cost Of Revenue": NaN,
        "Total Revenue": NaN,
        "Operating Revenue": NaN
    },
    "2024-06-30": {
        "Tax Effect Of Unusual Items": NaN,
        "Tax Rate For Calcs": NaN,
        "Normalized EBITDA": NaN,
        "Total Unusual Items": 0.0,
        "Total Unusual Items Excluding Goodwill": 0.0,
        "Net Income From Continuing Operation Net Minority Interest": NaN,
        "Reconciled Depreciation": NaN,
        "Reconciled Cost Of Revenue": NaN,
        "EBITDA": NaN,
        "EBIT": NaN,
        "Net Interest Income": NaN,
        "Interest Expense": NaN,
        "Interest Income": NaN,
        "Normalized Income": NaN,
        "Net Income From Continuing And Discontinued Operation": NaN,
        "Total Expenses": NaN,
        "Total Operating Income As Reported": NaN,
        "Diluted Average Shares": 76435831.0,
        "Basic Average Shares": 76435831.0,
        "Diluted EPS": -0.37,
        "Basic EPS": -0.37,
        "Diluted NI Availto Com Stockholders": NaN,
        "Net Income Common Stockholders": NaN,
        "Net Income": NaN,
        "Net Income Including Noncontrolling Interests": NaN,
        "Net Income Continuous Operations": NaN,
        "Pretax Income": NaN,
        "Other Income Expense": NaN,
        "Special Income Charges": 0.0,
        "Other Special Charges": NaN,
        "Net Non Operating Interest Income Expense": NaN,
        "Interest Expense Non Operating": NaN,
        "Interest Income Non Operating": NaN,
        "Operating Income": NaN,
        "Operating Expense": NaN,
        "Research And Development": NaN,
        "Selling General And Administration": NaN,
        "General And Administrative Expense": NaN,
        "Other Gand A": NaN,
        "Gross Profit": NaN,
        "Cost Of Revenue": NaN,
        "Total Revenue": NaN,
        "Operating Revenue": NaN
    },
    "2024-09-30": {
        "Tax Effect Of Unusual Items": 0.0,
        "Tax Rate For Calcs": 0.0,
        "Normalized EBITDA": -26764000.0,
        "Total Unusual Items": 7215000.0,
        "Total Unusual Items Excluding Goodwill": 7215000.0,
        "Net Income From Continuing Operation Net Minority Interest": -31030000.0,
        "Reconciled Depreciation": 610000.0,
        "Reconciled Cost Of Revenue": 1565000.0,
        "EBITDA": -26764000.0,
        "EBIT": -27374000.0,
        "Net Interest Income": -1841000.0,
        "Interest Expense": 3656000.0,
        "Interest Income": 1815000.0,
        "Normalized Income": -31030000.0,
        "Net Income From Continuing And Discontinued Operation": -31030000.0,
        "Total Expenses": 33637000.0,
        "Total Operating Income As Reported": -29189000.0,
        "Diluted Average Shares": 78316820.0,
        "Basic Average Shares": 78316820.0,
        "Diluted EPS": -0.4,
        "Basic EPS": -0.4,
        "Diluted NI Availto Com Stockholders": -31030000.0,
        "Net Income Common Stockholders": -31030000.0,
        "Net Income": -31030000.0,
        "Net Income Including Noncontrolling Interests": -31030000.0,
        "Net Income Continuous Operations": -31030000.0,
        "Pretax Income": -31030000.0,
        "Other Income Expense": 7215000.0,
        "Special Income Charges": 7215000.0,
        "Other Special Charges": -7215000.0,
        "Net Non Operating Interest Income Expense": -1841000.0,
        "Interest Expense Non Operating": 3656000.0,
        "Interest Income Non Operating": 1815000.0,
        "Operating Income": -29189000.0,
        "Operating Expense": 32072000.0,
        "Research And Development": 11890000.0,
        "Selling General And Administration": 20182000.0,
        "General And Administrative Expense": 20182000.0,
        "Other Gand A": 20182000.0,
        "Gross Profit": 2883000.0,
        "Cost Of Revenue": 1565000.0,
        "Total Revenue": 4448000.0,
        "Operating Revenue": 4448000.0
    },
    "2024-12-31": {
        "Tax Effect Of Unusual Items": 0.0,
        "Tax Rate For Calcs": 0.0,
        "Normalized EBITDA": -33485000.0,
        "Total Unusual Items": 0.0,
        "Total Unusual Items Excluding Goodwill": 0.0,
        "Net Income From Continuing Operation Net Minority Interest": -38369000.0,
        "Reconciled Depreciation": 518000.0,
        "Reconciled Cost Of Revenue": 1354000.0,
        "EBITDA": -33485000.0,
        "EBIT": -34003000.0,
        "Net Interest Income": -2262000.0,
        "Interest Expense": 4366000.0,
        "Interest Income": 2104000.0,
        "Normalized Income": -38369000.0,
        "Net Income From Continuing And Discontinued Operation": -38369000.0,
        "Total Expenses": 39024000.0,
        "Total Operating Income As Reported": -36107000.0,
        "Diluted Average Shares": NaN,
        "Basic Average Shares": NaN,
        "Diluted EPS": NaN,
        "Basic EPS": NaN,
        "Diluted NI Availto Com Stockholders": -38369000.0,
        "Net Income Common Stockholders": -38369000.0,
        "Net Income": -38369000.0,
        "Net Income Including Noncontrolling Interests": -38369000.0,
        "Net Income Continuous Operations": -38369000.0,
        "Pretax Income": -38369000.0,
        "Other Income Expense": 0.0,
        "Special Income Charges": 0.0,
        "Other Special Charges": 0.0,
        "Net Non Operating Interest Income Expense": -2262000.0,
        "Interest Expense Non Operating": 4366000.0,
        "Interest Income Non Operating": 2104000.0,
        "Operating Income": -36107000.0,
        "Operating Expense": 37670000.0,
        "Research And Development": 16475000.0,
        "Selling General And Administration": 21195000.0,
        "General And Administrative Expense": 21195000.0,
        "Other Gand A": 21195000.0,
        "Gross Profit": 1563000.0,
        "Cost Of Revenue": 1354000.0,
        "Total Revenue": 2917000.0,
        "Operating Revenue": 2917000.0
    },
    "2025-03-31": {
        "Tax Effect Of Unusual Items": 0.0,
        "Tax Rate For Calcs": 0.0,
        "Normalized EBITDA": -33246000.0,
        "Total Unusual Items": NaN,
        "Total Unusual Items Excluding Goodwill": NaN,
        "Net Income From Continuing Operation Net Minority Interest": -38367000.0,
        "Reconciled Depreciation": 451000.0,
        "Reconciled Cost Of Revenue": 1517000.0,
        "EBITDA": -33246000.0,
        "EBIT": -33697000.0,
        "Net Interest Income": -2942000.0,
        "Interest Expense": 4670000.0,
        "Interest Income": 1728000.0,
        "Normalized Income": -38367000.0,
        "Net Income From Continuing And Discontinued Operation": -38367000.0,
        "Total Expenses": 38545000.0,
        "Total Operating Income As Reported": -35425000.0,
        "Diluted Average Shares": 85172696.0,
        "Basic Average Shares": 85172696.0,
        "Diluted EPS": -0.45,
        "Basic EPS": -0.45,
        "Diluted NI Availto Com Stockholders": -38367000.0,
        "Net Income Common Stockholders": -38367000.0,
        "Net Income": -38367000.0,
        "Net Income Including Noncontrolling Interests": -38367000.0,
        "Net Income Continuous Operations": -38367000.0,
        "Pretax Income": -38367000.0,
        "Other Income Expense": NaN,
        "Special Income Charges": NaN,
        "Other Special Charges": NaN,
        "Net Non Operating Interest Income Expense": -2942000.0,
        "Interest Expense Non Operating": 4670000.0,
        "Interest Income Non Operating": 1728000.0,
        "Operating Income": -35425000.0,
        "Operating Expense": 37028000.0,
        "Research And Development": 6966000.0,
        "Selling General And Administration": 30062000.0,
        "General And Administrative Expense": 30062000.0,
        "Other Gand A": 30062000.0,
        "Gross Profit": 1603000.0,
        "Cost Of Revenue": 1517000.0,
        "Total Revenue": 3120000.0,
        "Operating Revenue": 3120000.0
    },
    "2025-06-30": {
        "Tax Effect Of Unusual Items": 0.0,
        "Tax Rate For Calcs": 0.0,
        "Normalized EBITDA": -35640000.0,
        "Total Unusual Items": NaN,
        "Total Unusual Items Excluding Goodwill": NaN,
        "Net Income From Continuing Operation Net Minority Interest": -41579000.0,
        "Reconciled Depreciation": 281000.0,
        "Reconciled Cost Of Revenue": 1497000.0,
        "EBITDA": -35640000.0,
        "EBIT": -35921000.0,
        "Net Interest Income": -4074000.0,
        "Interest Expense": 5658000.0,
        "Interest Income": 1584000.0,
        "Normalized Income": -41579000.0,
        "Net Income From Continuing And Discontinued Operation": -41579000.0,
        "Total Expenses": 46342000.0,
        "Total Operating Income As Reported": -37505000.0,
        "Diluted Average Shares": 85588108.0,
        "Basic Average Shares": 85588108.0,
        "Diluted EPS": -0.49,
        "Basic EPS": -0.49,
        "Diluted NI Availto Com Stockholders": -41579000.0,
        "Net Income Common Stockholders": -41579000.0,
        "Net Income": -41579000.0,
        "Net Income Including Noncontrolling Interests": -41579000.0,
        "Net Income Continuous Operations": -41579000.0,
        "Pretax Income": -41579000.0,
        "Other Income Expense": NaN,
        "Special Income Charges": NaN,
        "Other Special Charges": NaN,
        "Net Non Operating Interest Income Expense": -4074000.0,
        "Interest Expense Non Operating": 5658000.0,
        "Interest Income Non Operating": 1584000.0,
        "Operating Income": -37505000.0,
        "Operating Expense": 44845000.0,
        "Research And Development": 6021000.0,
        "Selling General And Administration": 38824000.0,
        "General And Administrative Expense": 38824000.0,
        "Other Gand A": 38824000.0,
        "Gross Profit": 7340000.0,
        "Cost Of Revenue": 1497000.0,
        "Total Revenue": 8837000.0,
        "Operating Revenue": 8837000.0
    },
    "2025-09-30": {
        "Tax Effect Of Unusual Items": 0.0,
        "Tax Rate For Calcs": 0.0,
        "Normalized EBITDA": 3888000.0,
        "Total Unusual Items": NaN,
        "Total Unusual Items Excluding Goodwill": NaN,
        "Net Income From Continuing Operation Net Minority Interest": -3533000.0,
        "Reconciled Depreciation": 476000.0,
        "Reconciled Cost Of Revenue": 3173000.0,
        "EBITDA": 3888000.0,
        "EBIT": 3412000.0,
        "Net Interest Income": -5300000.0,
        "Interest Expense": 6945000.0,
        "Interest Income": 1645000.0,
        "Normalized Income": -3533000.0,
        "Net Income From Continuing And Discontinued Operation": -3533000.0,
        "Total Expenses": 52575000.0,
        "Total Operating Income As Reported": 1767000.0,
        "Diluted Average Shares": 86333772.0,
        "Basic Average Shares": 86333772.0,
        "Diluted EPS": -0.04,
        "Basic EPS": -0.04,
        "Diluted NI Availto Com Stockholders": -3533000.0,
        "Net Income Common Stockholders": -3533000.0,
        "Net Income": -3533000.0,
        "Net Income Including Noncontrolling Interests": -3533000.0,
        "Net Income Continuous Operations": -3533000.0,
        "Pretax Income": -3533000.0,
        "Other Income Expense": NaN,
        "Special Income Charges": NaN,
        "Other Special Charges": NaN,
        "Net Non Operating Interest Income Expense": -5300000.0,
        "Interest Expense Non Operating": 6945000.0,
        "Interest Income Non Operating": 1645000.0,
        "Operating Income": 1767000.0,
        "Operating Expense": 49402000.0,
        "Research And Development": 9346000.0,
        "Selling General And Administration": 40056000.0,
        "General And Administrative Expense": 40056000.0,
        "Other Gand A": 40056000.0,
        "Gross Profit": 51169000.0,
        "Cost Of Revenue": 3173000.0,
        "Total Revenue": 54342000.0,
        "Operating Revenue": 54342000.0
    }
}