{
    "2023-03-31": {
        "Tax Effect Of Unusual Items": NaN,
        "Tax Rate For Calcs": NaN,
        "Normalized EBITDA": NaN,
        "Net Income From Continuing Operation Net Minority Interest": NaN,
        "Reconciled Depreciation": NaN,
        "EBITDA": NaN,
        "EBIT": NaN,
        "Normalized Income": NaN,
        "Net Income From Continuing And Discontinued Operation": NaN,
        "Total Expenses": NaN,
        "Total Operating Income As Reported": NaN,
        "Diluted Average Shares": 43897603.0,
        "Basic Average Shares": 43897603.0,
        "Diluted EPS": -0.15,
        "Basic EPS": -0.15,
        "Diluted NI Availto Com Stockholders": NaN,
        "Net Income Common Stockholders": NaN,
        "Net Income": NaN,
        "Net Income Including Noncontrolling Interests": NaN,
        "Net Income Continuous Operations": NaN,
        "Pretax Income": NaN,
        "Other Income Expense": NaN,
        "Other Non Operating Income Expenses": NaN,
        "Operating Income": NaN,
        "Operating Expense": NaN,
        "Research And Development": NaN,
        "Selling General And Administration": NaN,
        "General And Administrative Expense": NaN,
        "Other Gand A": NaN,
        "Total Revenue": NaN,
        "Operating Revenue": NaN
    },
    "2022-12-31": {
        "Tax Effect Of Unusual Items": NaN,
        "Tax Rate For Calcs": NaN,
        "Normalized EBITDA": NaN,
        "Net Income From Continuing Operation Net Minority Interest": NaN,
        "Reconciled Depreciation": NaN,
        "EBITDA": NaN,
        "EBIT": NaN,
        "Normalized Income": NaN,
        "Net Income From Continuing And Discontinued Operation": NaN,
        "Total Expenses": NaN,
        "Total Operating Income As Reported": NaN,
        "Diluted Average Shares": 43897603.0,
        "Basic Average Shares": 43897603.0,
        "Diluted EPS": -0.21,
        "Basic EPS": -0.21,
        "Diluted NI Availto Com Stockholders": NaN,
        "Net Income Common Stockholders": NaN,
        "Net Income": NaN,
        "Net Income Including Noncontrolling Interests": NaN,
        "Net Income Continuous Operations": NaN,
        "Pretax Income": NaN,
        "Other Income Expense": NaN,
        "Other Non Operating Income Expenses": NaN,
        "Operating Income": NaN,
        "Operating Expense": NaN,
        "Research And Development": NaN,
        "Selling General And Administration": NaN,
        "General And Administrative Expense": NaN,
        "Other Gand A": NaN,
        "Total Revenue": NaN,
        "Operating Revenue": NaN
    },
    "2022-09-30": {
        "Tax Effect Of Unusual Items": 0.0,
        "Tax Rate For Calcs": 0.0,
        "Normalized EBITDA": -8436000.0,
        "Net Income From Continuing Operation Net Minority Interest": -8320000.0,
        "Reconciled Depreciation": 77000.0,
        "EBITDA": -8436000.0,
        "EBIT": -8513000.0,
        "Normalized Income": -8320000.0,
        "Net Income From Continuing And Discontinued Operation": -8320000.0,
        "Total Expenses": 8513000.0,
        "Total Operating Income As Reported": -8513000.0,
        "Diluted Average Shares": 22228228.0,
        "Basic Average Shares": 22228228.0,
        "Diluted EPS": -0.37,
        "Basic EPS": -0.37,
        "Diluted NI Availto Com Stockholders": -8320000.0,
        "Net Income Common Stockholders": -8320000.0,
        "Net Income": -8320000.0,
        "Net Income Including Noncontrolling Interests": -8320000.0,
        "Net Income Continuous Operations": -8320000.0,
        "Pretax Income": -8320000.0,
        "Other Income Expense": 193000.0,
        "Other Non Operating Income Expenses": 193000.0,
        "Operating Income": -8513000.0,
        "Operating Expense": 8513000.0,
        "Research And Development": 5582000.0,
        "Selling General And Administration": 2931000.0,
        "General And Administrative Expense": 2931000.0,
        "Other Gand A": 2931000.0,
        "Total Revenue": 0.0,
        "Operating Revenue": 0.0
    },
    "2022-06-30": {
        "Tax Effect Of Unusual Items": 0.0,
        "Tax Rate For Calcs": 0.0,
        "Normalized EBITDA": -8606000.0,
        "Net Income From Continuing Operation Net Minority Interest": -8667000.0,
        "Reconciled Depreciation": 81000.0,
        "EBITDA": -8606000.0,
        "EBIT": -8687000.0,
        "Normalized Income": -8667000.0,
        "Net Income From Continuing And Discontinued Operation": -8667000.0,
        "Total Expenses": 8687000.0,
        "Total Operating Income As Reported": -8687000.0,
        "Diluted Average Shares": 18338853.0,
        "Basic Average Shares": 18338853.0,
        "Diluted EPS": -0.47,
        "Basic EPS": -0.47,
        "Diluted NI Availto Com Stockholders": -8667000.0,
        "Net Income Common Stockholders": -8667000.0,
        "Net Income": -8667000.0,
        "Net Income Including Noncontrolling Interests": -8667000.0,
        "Net Income Continuous Operations": -8667000.0,
        "Pretax Income": -8667000.0,
        "Other Income Expense": 20000.0,
        "Other Non Operating Income Expenses": 20000.0,
        "Operating Income": -8687000.0,
        "Operating Expense": 8687000.0,
        "Research And Development": 5644000.0,
        "Selling General And Administration": 3043000.0,
        "General And Administrative Expense": 3043000.0,
        "Other Gand A": 3043000.0,
        "Total Revenue": 0.0,
        "Operating Revenue": 0.0
    },
    "2022-03-31": {
        "Diluted EPS": -0.49,
        "Total Revenue": NaN,
        "Gross Profit": NaN,
        "Operating Income": -9,
        "EBIT": -9,
        "Net Income": -9
    },
    "2021-12-31": {
        "Diluted EPS": -0.48,
        "Total Revenue": NaN,
        "Gross Profit": NaN,
        "Operating Income": -9,
        "EBIT": -9,
        "Net Income": -9
    },
    "2021-09-30": {
        "Diluted EPS": -0.92,
        "Total Revenue": NaN,
        "Gross Profit": NaN,
        "Operating Income": -17,
        "EBIT": -17,
        "Net Income": -17
    },
    "2021-06-30": {
        "Diluted EPS": -0.79,
        "Total Revenue": NaN,
        "Gross Profit": NaN,
        "Operating Income": -13,
        "EBIT": -12,
        "Net Income": -13
    },
    "2021-03-31": {
        "Diluted EPS": -0.76,
        "Total Revenue": NaN,
        "Gross Profit": NaN,
        "Operating Income": -12,
        "EBIT": -12,
        "Net Income": -12
    },
    "2020-12-31": {
        "Diluted EPS": -0.62,
        "Total Revenue": NaN,
        "Gross Profit": NaN,
        "Operating Income": -14,
        "EBIT": -14,
        "Net Income": -14
    },
    "2020-09-30": {
        "Diluted EPS": -0.64,
        "Total Revenue": NaN,
        "Gross Profit": NaN,
        "Operating Income": -10,
        "EBIT": -10,
        "Net Income": -10
    },
    "2020-06-30": {
        "Diluted EPS": -1.21,
        "Total Revenue": NaN,
        "Gross Profit": NaN,
        "Operating Income": -11,
        "EBIT": -11,
        "Net Income": -11
    },
    "2020-03-31": {
        "Diluted EPS": -1.1,
        "Total Revenue": NaN,
        "Gross Profit": NaN,
        "Operating Income": -7,
        "EBIT": -7,
        "Net Income": -7
    },
    "2019-12-31": {
        "Diluted EPS": 2.43,
        "Total Revenue": NaN,
        "Gross Profit": NaN,
        "Operating Income": 2,
        "EBIT": 2,
        "Net Income": 2
    },
    "2019-09-30": {
        "Diluted EPS": -1.42,
        "Total Revenue": NaN,
        "Gross Profit": NaN,
        "Operating Income": -9,
        "EBIT": -9,
        "Net Income": -9
    },
    "2019-06-30": {
        "Diluted EPS": -0.61,
        "Total Revenue": NaN,
        "Gross Profit": NaN,
        "Operating Income": -4,
        "EBIT": -3,
        "Net Income": -4
    },
    "2019-03-31": {
        "Diluted EPS": -4.2,
        "Total Revenue": NaN,
        "Gross Profit": NaN,
        "Operating Income": -13,
        "EBIT": -14,
        "Net Income": -13
    },
    "2018-12-31": {
        "Diluted EPS": -4.08,
        "Total Revenue": NaN,
        "Gross Profit": NaN,
        "Operating Income": -15,
        "EBIT": -15,
        "Net Income": -15
    },
    "2018-09-30": {
        "Diluted EPS": -4.92,
        "Total Revenue": NaN,
        "Gross Profit": NaN,
        "Operating Income": -15,
        "EBIT": -15,
        "Net Income": -15
    },
    "2018-06-30": {
        "Diluted EPS": -6.84,
        "Total Revenue": NaN,
        "Gross Profit": NaN,
        "Operating Income": -16,
        "EBIT": -16,
        "Net Income": -16
    },
    "2018-03-31": {
        "Diluted EPS": -6.96,
        "Total Revenue": NaN,
        "Gross Profit": NaN,
        "Operating Income": -16,
        "EBIT": -16,
        "Net Income": -16
    },
    "2017-12-31": {
        "Diluted EPS": -5.64,
        "Total Revenue": NaN,
        "Gross Profit": NaN,
        "Operating Income": -13,
        "EBIT": -13,
        "Net Income": -13
    },
    "2017-09-30": {
        "Diluted EPS": -5.52,
        "Total Revenue": NaN,
        "Gross Profit": NaN,
        "Operating Income": -13,
        "EBIT": -13,
        "Net Income": -13
    },
    "2017-06-30": {
        "Diluted EPS": -5.88,
        "Total Revenue": NaN,
        "Gross Profit": NaN,
        "Operating Income": -14,
        "EBIT": -13,
        "Net Income": -13
    },
    "2017-03-31": {
        "Diluted EPS": -5.76,
        "Total Revenue": NaN,
        "Gross Profit": NaN,
        "Operating Income": -13,
        "EBIT": -13,
        "Net Income": -13
    },
    "2016-12-31": {
        "Diluted EPS": -4.56,
        "Total Revenue": NaN,
        "Gross Profit": NaN,
        "Operating Income": -10,
        "EBIT": -10,
        "Net Income": -10
    },
    "2016-09-30": {
        "Diluted EPS": -6.48,
        "Total Revenue": NaN,
        "Gross Profit": NaN,
        "Operating Income": -15,
        "EBIT": -15,
        "Net Income": -15
    },
    "2016-06-30": {
        "Diluted EPS": -6.6,
        "Total Revenue": NaN,
        "Gross Profit": NaN,
        "Operating Income": -15,
        "EBIT": -15,
        "Net Income": -15
    },
    "2016-03-31": {
        "Diluted EPS": -7.8,
        "Total Revenue": NaN,
        "Gross Profit": NaN,
        "Operating Income": -18,
        "EBIT": -17,
        "Net Income": -18
    },
    "2015-12-31": {
        "Diluted EPS": -10.32,
        "Total Revenue": NaN,
        "Gross Profit": NaN,
        "Operating Income": -23,
        "EBIT": -23,
        "Net Income": -23
    },
    "2015-09-30": {
        "Diluted EPS": -8.76,
        "Total Revenue": NaN,
        "Gross Profit": NaN,
        "Operating Income": -20,
        "EBIT": -19,
        "Net Income": -20
    },
    "2015-06-30": {
        "Diluted EPS": -7.92,
        "Total Revenue": NaN,
        "Gross Profit": NaN,
        "Operating Income": -18,
        "EBIT": -17,
        "Net Income": -18
    },
    "2015-03-31": {
        "Diluted EPS": -6.36,
        "Total Revenue": NaN,
        "Gross Profit": NaN,
        "Operating Income": -13,
        "EBIT": -13,
        "Net Income": -13
    },
    "2014-12-31": {
        "Diluted EPS": 81.51,
        "Total Revenue": NaN,
        "Gross Profit": NaN,
        "Operating Income": -11,
        "EBIT": -11,
        "Net Income": -11
    },
    "2014-09-30": {
        "Diluted EPS": -7.8,
        "Total Revenue": NaN,
        "Gross Profit": NaN,
        "Operating Income": -14,
        "EBIT": -14,
        "Net Income": -15
    },
    "2014-06-30": {
        "Diluted EPS": -35.53,
        "Total Revenue": NaN,
        "Gross Profit": NaN,
        "Operating Income": -6,
        "EBIT": -6,
        "Net Income": -6
    },
    "2014-03-31": {
        "Diluted EPS": -74.19,
        "Total Revenue": NaN,
        "Gross Profit": NaN,
        "Operating Income": -5,
        "EBIT": -5,
        "Net Income": -5
    },
    "2013-12-31": {
        "Diluted EPS": -64.23,
        "Total Revenue": NaN,
        "Gross Profit": NaN,
        "Operating Income": -4,
        "EBIT": -4,
        "Net Income": -4
    },
    "2013-09-30": {
        "Diluted EPS": -58.58,
        "Total Revenue": NaN,
        "Gross Profit": NaN,
        "Operating Income": -4,
        "EBIT": -4,
        "Net Income": -4
    },
    "2013-06-30": {
        "Diluted EPS": -52.46,
        "Total Revenue": NaN,
        "Gross Profit": NaN,
        "Operating Income": -3,
        "EBIT": -3,
        "Net Income": -3
    },
    "2013-03-31": {
        "Diluted EPS": -59.3,
        "Total Revenue": NaN,
        "Gross Profit": NaN,
        "Operating Income": -4,
        "EBIT": -4,
        "Net Income": -4
    },
    "2012-12-31": {
        "Diluted EPS": 0.0,
        "Total Revenue": NaN,
        "Gross Profit": NaN,
        "Operating Income": NaN,
        "EBIT": NaN,
        "Net Income": NaN
    },
    "2011-12-31": {
        "Diluted EPS": 0.0,
        "Total Revenue": NaN,
        "Gross Profit": NaN,
        "Operating Income": NaN,
        "EBIT": NaN,
        "Net Income": NaN
    },
    "2023-06-30": {
        "Tax Effect Of Unusual Items": NaN,
        "Tax Rate For Calcs": NaN,
        "Normalized EBITDA": NaN,
        "Net Income From Continuing Operation Net Minority Interest": NaN,
        "Reconciled Depreciation": NaN,
        "EBITDA": NaN,
        "EBIT": NaN,
        "Normalized Income": NaN,
        "Net Income From Continuing And Discontinued Operation": NaN,
        "Total Expenses": NaN,
        "Total Operating Income As Reported": NaN,
        "Diluted Average Shares": 43897603.0,
        "Basic Average Shares": 43897603.0,
        "Diluted EPS": -0.19,
        "Basic EPS": -0.19,
        "Diluted NI Availto Com Stockholders": NaN,
        "Net Income Common Stockholders": NaN,
        "Net Income": NaN,
        "Net Income Including Noncontrolling Interests": NaN,
        "Net Income Continuous Operations": NaN,
        "Pretax Income": NaN,
        "Other Income Expense": NaN,
        "Other Non Operating Income Expenses": NaN,
        "Operating Income": NaN,
        "Operating Expense": NaN,
        "Research And Development": NaN,
        "Selling General And Administration": NaN,
        "General And Administrative Expense": NaN,
        "Other Gand A": NaN,
        "Total Revenue": NaN,
        "Operating Revenue": NaN
    },
    "2023-09-30": {
        "Tax Effect Of Unusual Items": NaN,
        "Tax Rate For Calcs": NaN,
        "Normalized EBITDA": NaN,
        "Net Income From Continuing Operation Net Minority Interest": NaN,
        "Reconciled Depreciation": NaN,
        "EBITDA": NaN,
        "EBIT": NaN,
        "Normalized Income": NaN,
        "Net Income From Continuing And Discontinued Operation": NaN,
        "Total Expenses": NaN,
        "Total Operating Income As Reported": NaN,
        "Diluted Average Shares": 43903738.0,
        "Basic Average Shares": 43903738.0,
        "Diluted EPS": -0.21,
        "Basic EPS": -0.21,
        "Diluted NI Availto Com Stockholders": NaN,
        "Net Income Common Stockholders": NaN,
        "Net Income": NaN,
        "Net Income Including Noncontrolling Interests": NaN,
        "Net Income Continuous Operations": NaN,
        "Pretax Income": NaN,
        "Other Income Expense": NaN,
        "Other Non Operating Income Expenses": NaN,
        "Operating Income": NaN,
        "Operating Expense": NaN,
        "Research And Development": NaN,
        "Selling General And Administration": NaN,
        "General And Administrative Expense": NaN,
        "Other Gand A": NaN,
        "Total Revenue": NaN,
        "Operating Revenue": NaN
    },
    "2023-12-31": {
        "Tax Effect Of Unusual Items": 0.0,
        "Tax Rate For Calcs": 0.0,
        "Normalized EBITDA": -14081000.0,
        "Net Income From Continuing Operation Net Minority Interest": -12993000.0,
        "Reconciled Depreciation": 81000.0,
        "EBITDA": -14081000.0,
        "EBIT": -14162000.0,
        "Normalized Income": -12993000.0,
        "Net Income From Continuing And Discontinued Operation": -12993000.0,
        "Total Expenses": 14162000.0,
        "Total Operating Income As Reported": -14162000.0,
        "Diluted Average Shares": NaN,
        "Basic Average Shares": NaN,
        "Diluted EPS": NaN,
        "Basic EPS": NaN,
        "Diluted NI Availto Com Stockholders": -12993000.0,
        "Net Income Common Stockholders": -12993000.0,
        "Net Income": -12993000.0,
        "Net Income Including Noncontrolling Interests": -12993000.0,
        "Net Income Continuous Operations": -12993000.0,
        "Pretax Income": -12993000.0,
        "Other Income Expense": 1169000.0,
        "Other Non Operating Income Expenses": 1169000.0,
        "Operating Income": -14162000.0,
        "Operating Expense": 14162000.0,
        "Research And Development": 10648000.0,
        "Selling General And Administration": 3514000.0,
        "General And Administrative Expense": 3514000.0,
        "Other Gand A": 3514000.0,
        "Total Revenue": 0.0,
        "Operating Revenue": 0.0
    },
    "2024-03-31": {
        "Tax Effect Of Unusual Items": 0.0,
        "Tax Rate For Calcs": 0.0,
        "Normalized EBITDA": -16654000.0,
        "Net Income From Continuing Operation Net Minority Interest": -14654000.0,
        "Reconciled Depreciation": 80000.0,
        "EBITDA": -16654000.0,
        "EBIT": -16734000.0,
        "Normalized Income": -14654000.0,
        "Net Income From Continuing And Discontinued Operation": -14654000.0,
        "Total Expenses": 16734000.0,
        "Total Operating Income As Reported": -16734000.0,
        "Diluted Average Shares": 53553707.0,
        "Basic Average Shares": 53553707.0,
        "Diluted EPS": -0.27,
        "Basic EPS": -0.27,
        "Diluted NI Availto Com Stockholders": -14654000.0,
        "Net Income Common Stockholders": -14654000.0,
        "Net Income": -14654000.0,
        "Net Income Including Noncontrolling Interests": -14654000.0,
        "Net Income Continuous Operations": -14654000.0,
        "Pretax Income": -14654000.0,
        "Other Income Expense": 2080000.0,
        "Other Non Operating Income Expenses": 2080000.0,
        "Operating Income": -16734000.0,
        "Operating Expense": 16734000.0,
        "Research And Development": 12939000.0,
        "Selling General And Administration": 3795000.0,
        "General And Administrative Expense": 3795000.0,
        "Other Gand A": 3795000.0,
        "Total Revenue": 0.0,
        "Operating Revenue": 0.0
    },
    "2024-06-30": {
        "Tax Effect Of Unusual Items": 0.0,
        "Tax Rate For Calcs": 0.0,
        "Normalized EBITDA": -24512000.0,
        "Net Income From Continuing Operation Net Minority Interest": -21627000.0,
        "Reconciled Depreciation": 87000.0,
        "EBITDA": -24512000.0,
        "EBIT": -24599000.0,
        "Normalized Income": -21627000.0,
        "Net Income From Continuing And Discontinued Operation": -21627000.0,
        "Total Expenses": 24599000.0,
        "Total Operating Income As Reported": -24599000.0,
        "Diluted Average Shares": 63801792.0,
        "Basic Average Shares": 63801792.0,
        "Diluted EPS": -0.34,
        "Basic EPS": -0.34,
        "Diluted NI Availto Com Stockholders": -21627000.0,
        "Net Income Common Stockholders": -21627000.0,
        "Net Income": -21627000.0,
        "Net Income Including Noncontrolling Interests": -21627000.0,
        "Net Income Continuous Operations": -21627000.0,
        "Pretax Income": -21627000.0,
        "Other Income Expense": 2972000.0,
        "Other Non Operating Income Expenses": 2972000.0,
        "Operating Income": -24599000.0,
        "Operating Expense": 24599000.0,
        "Research And Development": 19682000.0,
        "Selling General And Administration": 4917000.0,
        "General And Administrative Expense": 4917000.0,
        "Other Gand A": 4917000.0,
        "Total Revenue": 0.0,
        "Operating Revenue": 0.0
    },
    "2024-09-30": {
        "Tax Effect Of Unusual Items": 0.0,
        "Tax Rate For Calcs": 0.0,
        "Normalized EBITDA": -18190000.0,
        "Net Income From Continuing Operation Net Minority Interest": -15499000.0,
        "Reconciled Depreciation": 74000.0,
        "EBITDA": -18190000.0,
        "EBIT": -18264000.0,
        "Normalized Income": -15499000.0,
        "Net Income From Continuing And Discontinued Operation": -15499000.0,
        "Total Expenses": 18264000.0,
        "Total Operating Income As Reported": -18264000.0,
        "Diluted Average Shares": 63806158.0,
        "Basic Average Shares": 63806158.0,
        "Diluted EPS": -0.24,
        "Basic EPS": -0.24,
        "Diluted NI Availto Com Stockholders": -15499000.0,
        "Net Income Common Stockholders": -15499000.0,
        "Net Income": -15499000.0,
        "Net Income Including Noncontrolling Interests": -15499000.0,
        "Net Income Continuous Operations": -15499000.0,
        "Pretax Income": -15499000.0,
        "Other Income Expense": 2765000.0,
        "Other Non Operating Income Expenses": 2765000.0,
        "Operating Income": -18264000.0,
        "Operating Expense": 18264000.0,
        "Research And Development": 13919000.0,
        "Selling General And Administration": 4345000.0,
        "General And Administrative Expense": 4345000.0,
        "Other Gand A": 4345000.0,
        "Total Revenue": 0.0,
        "Operating Revenue": 0.0
    },
    "2024-12-31": {
        "Tax Effect Of Unusual Items": 0.0,
        "Tax Rate For Calcs": 0.0,
        "Normalized EBITDA": -31216000.0,
        "Net Income From Continuing Operation Net Minority Interest": -28824000.0,
        "Reconciled Depreciation": 77000.0,
        "EBITDA": -31216000.0,
        "EBIT": -31293000.0,
        "Normalized Income": -28824000.0,
        "Net Income From Continuing And Discontinued Operation": -28824000.0,
        "Total Expenses": 31293000.0,
        "Total Operating Income As Reported": -31293000.0,
        "Diluted Average Shares": 63810823.0,
        "Basic Average Shares": 63810823.0,
        "Diluted EPS": -0.45,
        "Basic EPS": -0.45,
        "Diluted NI Availto Com Stockholders": -28824000.0,
        "Net Income Common Stockholders": -28824000.0,
        "Net Income": -28824000.0,
        "Net Income Including Noncontrolling Interests": -28824000.0,
        "Net Income Continuous Operations": -28824000.0,
        "Pretax Income": -28824000.0,
        "Other Income Expense": 2469000.0,
        "Other Non Operating Income Expenses": 2469000.0,
        "Operating Income": -31293000.0,
        "Operating Expense": 31293000.0,
        "Research And Development": 26738000.0,
        "Selling General And Administration": 4555000.0,
        "General And Administrative Expense": 4555000.0,
        "Other Gand A": 4555000.0,
        "Total Revenue": 0.0,
        "Operating Revenue": 0.0
    },
    "2025-03-31": {
        "Tax Effect Of Unusual Items": 0.0,
        "Tax Rate For Calcs": 0.0,
        "Normalized EBITDA": -31100000.0,
        "Net Income From Continuing Operation Net Minority Interest": -29281000.0,
        "Reconciled Depreciation": 88000.0,
        "EBITDA": -31100000.0,
        "EBIT": -31188000.0,
        "Normalized Income": -29281000.0,
        "Net Income From Continuing And Discontinued Operation": -29281000.0,
        "Total Expenses": 31188000.0,
        "Total Operating Income As Reported": -31188000.0,
        "Diluted Average Shares": 63964008.0,
        "Basic Average Shares": 63964008.0,
        "Diluted EPS": -0.46,
        "Basic EPS": -0.46,
        "Diluted NI Availto Com Stockholders": -29281000.0,
        "Net Income Common Stockholders": -29281000.0,
        "Net Income": -29281000.0,
        "Net Income Including Noncontrolling Interests": -29281000.0,
        "Net Income Continuous Operations": -29281000.0,
        "Pretax Income": -29281000.0,
        "Other Income Expense": 1907000.0,
        "Other Non Operating Income Expenses": 1907000.0,
        "Operating Income": -31188000.0,
        "Operating Expense": 31188000.0,
        "Research And Development": 26552000.0,
        "Selling General And Administration": 4636000.0,
        "General And Administrative Expense": 4636000.0,
        "Other Gand A": 4636000.0,
        "Total Revenue": 0.0,
        "Operating Revenue": 0.0
    },
    "2025-06-30": {
        "Tax Effect Of Unusual Items": 0.0,
        "Tax Rate For Calcs": 0.0,
        "Normalized EBITDA": -27705000.0,
        "Net Income From Continuing Operation Net Minority Interest": -26182000.0,
        "Reconciled Depreciation": 87000.0,
        "EBITDA": -27705000.0,
        "EBIT": -27792000.0,
        "Normalized Income": -26182000.0,
        "Net Income From Continuing And Discontinued Operation": -26182000.0,
        "Total Expenses": 27792000.0,
        "Total Operating Income As Reported": -27792000.0,
        "Diluted Average Shares": 64027892.0,
        "Basic Average Shares": 64027892.0,
        "Diluted EPS": -0.41,
        "Basic EPS": -0.41,
        "Diluted NI Availto Com Stockholders": -26182000.0,
        "Net Income Common Stockholders": -26182000.0,
        "Net Income": -26182000.0,
        "Net Income Including Noncontrolling Interests": -26182000.0,
        "Net Income Continuous Operations": -26182000.0,
        "Pretax Income": -26182000.0,
        "Other Income Expense": 1610000.0,
        "Other Non Operating Income Expenses": 1610000.0,
        "Operating Income": -27792000.0,
        "Operating Expense": 27792000.0,
        "Research And Development": 23368000.0,
        "Selling General And Administration": 4424000.0,
        "General And Administrative Expense": 4424000.0,
        "Other Gand A": 4424000.0,
        "Total Revenue": 0.0,
        "Operating Revenue": 0.0
    }
}