{
    "2023-06-30": {
        "Tax Effect Of Unusual Items": 0.0,
        "Tax Rate For Calcs": 0.225,
        "Net Income From Continuing Operation Net Minority Interest": 816000.0,
        "Reconciled Depreciation": 205000.0,
        "Net Interest Income": 6214000.0,
        "Interest Expense": 2256000.0,
        "Interest Income": 8470000.0,
        "Normalized Income": 816000.0,
        "Net Income From Continuing And Discontinued Operation": 816000.0,
        "Diluted Average Shares": 5828571.0,
        "Basic Average Shares": 5828571.0,
        "Diluted EPS": 0.14,
        "Basic EPS": 0.14,
        "Diluted NI Availto Com Stockholders": 816000.0,
        "Net Income Common Stockholders": 816000.0,
        "Net Income": 816000.0,
        "Net Income Including Noncontrolling Interests": 816000.0,
        "Net Income Continuous Operations": 816000.0,
        "Tax Provision": 237000.0,
        "Pretax Income": 1053000.0,
        "Gain On Sale Of Security": -54000.0,
        "Selling General And Administration": 3426000.0,
        "Selling And Marketing Expense": 179000.0,
        "General And Administrative Expense": 3247000.0,
        "Other Gand A": NaN,
        "Insurance And Claims": 436000.0,
        "Salaries And Wages": 2811000.0,
        "Total Revenue": 6767000.0,
        "Operating Revenue": 6767000.0,
        "Occupancy And Equipment": 700000.0,
        "Professional Expense And Contract Services Expense": 848000.0,
        "Other Non Interest Expense": 927000.0
    },
    "2023-03-31": {
        "Tax Effect Of Unusual Items": 0.0,
        "Tax Rate For Calcs": 0.138,
        "Net Income From Continuing Operation Net Minority Interest": 1684000.0,
        "Reconciled Depreciation": 195000.0,
        "Net Interest Income": 6291000.0,
        "Interest Expense": 1660000.0,
        "Interest Income": 7951000.0,
        "Normalized Income": 1684000.0,
        "Net Income From Continuing And Discontinued Operation": 1684000.0,
        "Diluted Average Shares": 5881849.0,
        "Basic Average Shares": 5881849.0,
        "Diluted EPS": 0.29,
        "Basic EPS": 0.29,
        "Diluted NI Availto Com Stockholders": 1684000.0,
        "Net Income Common Stockholders": 1684000.0,
        "Net Income": 1684000.0,
        "Net Income Including Noncontrolling Interests": 1684000.0,
        "Net Income Continuous Operations": 1684000.0,
        "Tax Provision": 269000.0,
        "Pretax Income": 1953000.0,
        "Gain On Sale Of Security": -46000.0,
        "Selling General And Administration": 3052000.0,
        "Selling And Marketing Expense": 178000.0,
        "General And Administrative Expense": 2874000.0,
        "Other Gand A": NaN,
        "Insurance And Claims": 95000.0,
        "Salaries And Wages": 2779000.0,
        "Total Revenue": 6845000.0,
        "Operating Revenue": 6845000.0,
        "Occupancy And Equipment": 797000.0,
        "Professional Expense And Contract Services Expense": 850000.0,
        "Other Non Interest Expense": 818000.0
    },
    "2022-12-31": {
        "Tax Effect Of Unusual Items": 0.0,
        "Tax Rate For Calcs": 0.171071,
        "Net Income From Continuing Operation Net Minority Interest": 1192000.0,
        "Reconciled Depreciation": 204000.0,
        "Net Interest Income": 6548000.0,
        "Interest Expense": 923000.0,
        "Interest Income": 7471000.0,
        "Normalized Income": 1192000.0,
        "Net Income From Continuing And Discontinued Operation": 1192000.0,
        "Diluted Average Shares": 5705225.0,
        "Basic Average Shares": 5705225.0,
        "Diluted EPS": 0.2,
        "Basic EPS": 0.2,
        "Diluted NI Availto Com Stockholders": 1192000.0,
        "Net Income Common Stockholders": 1192000.0,
        "Net Income": 1192000.0,
        "Net Income Including Noncontrolling Interests": 1192000.0,
        "Net Income Continuous Operations": 1192000.0,
        "Tax Provision": 246000.0,
        "Pretax Income": 1438000.0,
        "Gain On Sale Of Security": -13000.0,
        "Selling General And Administration": 1613000.0,
        "Selling And Marketing Expense": 258000.0,
        "General And Administrative Expense": 1355000.0,
        "Other Gand A": NaN,
        "Insurance And Claims": 134000.0,
        "Salaries And Wages": 2483000.0,
        "Total Revenue": 7132000.0,
        "Operating Revenue": 7132000.0
    },
    "2022-09-30": {
        "Tax Effect Of Unusual Items": NaN,
        "Tax Rate For Calcs": NaN,
        "Net Income From Continuing Operation Net Minority Interest": NaN,
        "Reconciled Depreciation": NaN,
        "Net Interest Income": NaN,
        "Interest Expense": NaN,
        "Interest Income": NaN,
        "Normalized Income": NaN,
        "Net Income From Continuing And Discontinued Operation": NaN,
        "Diluted Average Shares": NaN,
        "Basic Average Shares": NaN,
        "Diluted EPS": NaN,
        "Basic EPS": NaN,
        "Diluted NI Availto Com Stockholders": NaN,
        "Net Income Common Stockholders": NaN,
        "Net Income": NaN,
        "Net Income Including Noncontrolling Interests": NaN,
        "Net Income Continuous Operations": NaN,
        "Tax Provision": NaN,
        "Pretax Income": NaN,
        "Gain On Sale Of Security": NaN,
        "Selling General And Administration": NaN,
        "Selling And Marketing Expense": NaN,
        "General And Administrative Expense": NaN,
        "Other Gand A": 54000.0,
        "Insurance And Claims": NaN,
        "Salaries And Wages": NaN,
        "Total Revenue": NaN,
        "Operating Revenue": NaN
    },
    "2022-06-30": {
        "Tax Effect Of Unusual Items": 0.0,
        "Tax Rate For Calcs": 0.166749,
        "Net Income From Continuing Operation Net Minority Interest": 1684000.0,
        "Reconciled Depreciation": 218000.0,
        "Net Interest Income": 5978000.0,
        "Interest Expense": 453000.0,
        "Interest Income": 6431000.0,
        "Normalized Income": 1684000.0,
        "Net Income From Continuing And Discontinued Operation": 1684000.0,
        "Diluted Average Shares": 5904750.0,
        "Basic Average Shares": 5903048.0,
        "Diluted EPS": 0.29,
        "Basic EPS": 0.29,
        "Diluted NI Availto Com Stockholders": 1684000.0,
        "Net Income Common Stockholders": 1684000.0,
        "Net Income": 1684000.0,
        "Net Income Including Noncontrolling Interests": 1684000.0,
        "Net Income Continuous Operations": 1684000.0,
        "Tax Provision": 337000.0,
        "Pretax Income": 2021000.0,
        "Gain On Sale Of Security": 66000.0,
        "Selling General And Administration": 3066000.0,
        "Selling And Marketing Expense": 123000.0,
        "General And Administrative Expense": 2943000.0,
        "Other Gand A": 436000.0,
        "Insurance And Claims": 47000.0,
        "Salaries And Wages": 2460000.0,
        "Total Revenue": 6698000.0,
        "Operating Revenue": 6698000.0
    },
    "2022-03-31": {
        "Diluted EPS": 0.18,
        "Total Revenue": 7,
        "Gross Profit": 6,
        "Operating Income": 1,
        "EBIT": NaN,
        "Net Income": 1
    },
    "2021-12-31": {
        "Diluted EPS": 0.3,
        "Total Revenue": 7,
        "Gross Profit": 6,
        "Operating Income": 2,
        "EBIT": NaN,
        "Net Income": 2
    },
    "2021-09-30": {
        "Diluted EPS": 0.29,
        "Total Revenue": 7,
        "Gross Profit": 7,
        "Operating Income": 2,
        "EBIT": NaN,
        "Net Income": 2
    },
    "2021-06-30": {
        "Diluted EPS": 0.17,
        "Total Revenue": 7,
        "Gross Profit": 6,
        "Operating Income": 1,
        "EBIT": NaN,
        "Net Income": 1
    },
    "2021-03-31": {
        "Diluted EPS": 0.29,
        "Total Revenue": 7,
        "Gross Profit": 6,
        "Operating Income": 2,
        "EBIT": NaN,
        "Net Income": 2
    },
    "2020-12-31": {
        "Diluted EPS": 0.21,
        "Total Revenue": 7,
        "Gross Profit": 6,
        "Operating Income": 1,
        "EBIT": NaN,
        "Net Income": 1
    },
    "2020-09-30": {
        "Diluted EPS": 0.21,
        "Total Revenue": 7,
        "Gross Profit": 6,
        "Operating Income": 1,
        "EBIT": NaN,
        "Net Income": 1
    },
    "2020-06-30": {
        "Diluted EPS": 0.23,
        "Total Revenue": 7,
        "Gross Profit": 6,
        "Operating Income": 2,
        "EBIT": NaN,
        "Net Income": 1
    },
    "2020-03-31": {
        "Diluted EPS": 0.12,
        "Total Revenue": 7,
        "Gross Profit": 5,
        "Operating Income": 1,
        "EBIT": NaN,
        "Net Income": 1
    },
    "2019-12-31": {
        "Diluted EPS": 0.2,
        "Total Revenue": 7,
        "Gross Profit": 6,
        "Operating Income": 1,
        "EBIT": NaN,
        "Net Income": 1
    },
    "2019-09-30": {
        "Diluted EPS": 0.2,
        "Total Revenue": 7,
        "Gross Profit": 6,
        "Operating Income": 1,
        "EBIT": NaN,
        "Net Income": 1
    },
    "2019-06-30": {
        "Diluted EPS": 0.13,
        "Total Revenue": 6,
        "Gross Profit": 5,
        "Operating Income": 1,
        "EBIT": NaN,
        "Net Income": 1
    },
    "2019-03-31": {
        "Diluted EPS": 0.15,
        "Total Revenue": 6,
        "Gross Profit": 5,
        "Operating Income": 1,
        "EBIT": NaN,
        "Net Income": 1
    },
    "2018-12-31": {
        "Diluted EPS": 0.18,
        "Total Revenue": 6,
        "Gross Profit": 5,
        "Operating Income": 1,
        "EBIT": NaN,
        "Net Income": 1
    },
    "2018-09-30": {
        "Diluted EPS": 0.17,
        "Total Revenue": 6,
        "Gross Profit": 5,
        "Operating Income": 1,
        "EBIT": NaN,
        "Net Income": 1
    },
    "2018-06-30": {
        "Diluted EPS": 0.16,
        "Total Revenue": 6,
        "Gross Profit": 5,
        "Operating Income": 1,
        "EBIT": NaN,
        "Net Income": 1
    },
    "2018-03-31": {
        "Diluted EPS": 0.15,
        "Total Revenue": 6,
        "Gross Profit": 5,
        "Operating Income": 1,
        "EBIT": NaN,
        "Net Income": 1
    },
    "2017-12-31": {
        "Diluted EPS": 0.09,
        "Total Revenue": 6,
        "Gross Profit": 5,
        "Operating Income": 1,
        "EBIT": NaN,
        "Net Income": 1
    },
    "2017-09-30": {
        "Diluted EPS": 0.15,
        "Total Revenue": 6,
        "Gross Profit": 5,
        "Operating Income": 1,
        "EBIT": NaN,
        "Net Income": 1
    },
    "2017-06-30": {
        "Diluted EPS": 0.19,
        "Total Revenue": 6,
        "Gross Profit": 5,
        "Operating Income": 1,
        "EBIT": NaN,
        "Net Income": 1
    },
    "2017-03-31": {
        "Diluted EPS": 0.12,
        "Total Revenue": 5,
        "Gross Profit": 5,
        "Operating Income": 1,
        "EBIT": NaN,
        "Net Income": 1
    },
    "2016-12-31": {
        "Diluted EPS": 0.01,
        "Total Revenue": 5,
        "Gross Profit": 4,
        "Operating Income": 0,
        "EBIT": NaN,
        "Net Income": 0
    },
    "2016-09-30": {
        "Diluted EPS": 0.13,
        "Total Revenue": 5,
        "Gross Profit": 4,
        "Operating Income": 1,
        "EBIT": NaN,
        "Net Income": 1
    },
    "2016-06-30": {
        "Diluted EPS": 0.11,
        "Total Revenue": 5,
        "Gross Profit": 4,
        "Operating Income": 1,
        "EBIT": NaN,
        "Net Income": 1
    },
    "2016-03-31": {
        "Diluted EPS": 0.33,
        "Total Revenue": 7,
        "Gross Profit": 6,
        "Operating Income": 2,
        "EBIT": NaN,
        "Net Income": 2
    },
    "2015-12-31": {
        "Diluted EPS": 0.13,
        "Total Revenue": 5,
        "Gross Profit": 4,
        "Operating Income": 1,
        "EBIT": NaN,
        "Net Income": 1
    },
    "2015-09-30": {
        "Diluted EPS": 0.21,
        "Total Revenue": 5,
        "Gross Profit": 5,
        "Operating Income": 1,
        "EBIT": NaN,
        "Net Income": 1
    },
    "2015-06-30": {
        "Diluted EPS": 0.12,
        "Total Revenue": 5,
        "Gross Profit": 4,
        "Operating Income": 1,
        "EBIT": NaN,
        "Net Income": 1
    },
    "2015-03-31": {
        "Diluted EPS": 0.1,
        "Total Revenue": 5,
        "Gross Profit": 4,
        "Operating Income": 1,
        "EBIT": NaN,
        "Net Income": 1
    },
    "2014-12-31": {
        "Diluted EPS": 0.13,
        "Total Revenue": 5,
        "Gross Profit": 4,
        "Operating Income": 1,
        "EBIT": NaN,
        "Net Income": 1
    },
    "2014-09-30": {
        "Diluted EPS": 0.12,
        "Total Revenue": 5,
        "Gross Profit": 4,
        "Operating Income": 1,
        "EBIT": NaN,
        "Net Income": 1
    },
    "2014-06-30": {
        "Diluted EPS": 0.16,
        "Total Revenue": 5,
        "Gross Profit": 4,
        "Operating Income": 1,
        "EBIT": NaN,
        "Net Income": 1
    },
    "2014-03-31": {
        "Diluted EPS": 0.14,
        "Total Revenue": 5,
        "Gross Profit": 4,
        "Operating Income": 1,
        "EBIT": NaN,
        "Net Income": 1
    },
    "2013-12-31": {
        "Diluted EPS": 0.18,
        "Total Revenue": 5,
        "Gross Profit": 4,
        "Operating Income": 1,
        "EBIT": NaN,
        "Net Income": 1
    },
    "2013-09-30": {
        "Diluted EPS": 0.17,
        "Total Revenue": 5,
        "Gross Profit": 4,
        "Operating Income": 1,
        "EBIT": NaN,
        "Net Income": 1
    },
    "2013-06-30": {
        "Diluted EPS": 0.14,
        "Total Revenue": 5,
        "Gross Profit": 4,
        "Operating Income": 1,
        "EBIT": NaN,
        "Net Income": 1
    },
    "2013-03-31": {
        "Diluted EPS": 0.16,
        "Total Revenue": 5,
        "Gross Profit": 4,
        "Operating Income": 1,
        "EBIT": NaN,
        "Net Income": 1
    },
    "2012-12-31": {
        "Diluted EPS": 0.15,
        "Total Revenue": 5,
        "Gross Profit": 4,
        "Operating Income": 1,
        "EBIT": NaN,
        "Net Income": 1
    },
    "2012-09-30": {
        "Diluted EPS": 0.15,
        "Total Revenue": 5,
        "Gross Profit": 4,
        "Operating Income": 1,
        "EBIT": NaN,
        "Net Income": 1
    },
    "2012-06-30": {
        "Diluted EPS": 0.16,
        "Total Revenue": 5,
        "Gross Profit": 4,
        "Operating Income": 1,
        "EBIT": NaN,
        "Net Income": 1
    },
    "2012-03-31": {
        "Diluted EPS": 0.18,
        "Total Revenue": 6,
        "Gross Profit": 4,
        "Operating Income": 1,
        "EBIT": NaN,
        "Net Income": 1
    },
    "2011-12-31": {
        "Diluted EPS": 0.1,
        "Total Revenue": 5,
        "Gross Profit": 4,
        "Operating Income": 0,
        "EBIT": NaN,
        "Net Income": 1
    },
    "2011-09-30": {
        "Diluted EPS": 0.2,
        "Total Revenue": 6,
        "Gross Profit": 4,
        "Operating Income": 2,
        "EBIT": NaN,
        "Net Income": 1
    },
    "2011-06-30": {
        "Diluted EPS": 0.17,
        "Total Revenue": 6,
        "Gross Profit": 4,
        "Operating Income": 1,
        "EBIT": NaN,
        "Net Income": 1
    },
    "2011-03-31": {
        "Diluted EPS": 0.17,
        "Total Revenue": 6,
        "Gross Profit": 4,
        "Operating Income": 1,
        "EBIT": NaN,
        "Net Income": 1
    },
    "2010-12-31": {
        "Diluted EPS": 0.16,
        "Total Revenue": 6,
        "Gross Profit": 4,
        "Operating Income": 1,
        "EBIT": NaN,
        "Net Income": 1
    },
    "2010-09-30": {
        "Diluted EPS": 0.13,
        "Total Revenue": 7,
        "Gross Profit": 5,
        "Operating Income": 0,
        "EBIT": NaN,
        "Net Income": 1
    },
    "2010-06-30": {
        "Diluted EPS": 0.11,
        "Total Revenue": 6,
        "Gross Profit": 4,
        "Operating Income": 1,
        "EBIT": NaN,
        "Net Income": 1
    },
    "2010-03-31": {
        "Diluted EPS": 0.12,
        "Total Revenue": 5,
        "Gross Profit": 4,
        "Operating Income": 1,
        "EBIT": NaN,
        "Net Income": 1
    },
    "2009-12-31": {
        "Diluted EPS": 0.14,
        "Total Revenue": 6,
        "Gross Profit": 4,
        "Operating Income": 1,
        "EBIT": NaN,
        "Net Income": 1
    },
    "2009-09-30": {
        "Diluted EPS": 0.1,
        "Total Revenue": 6,
        "Gross Profit": 4,
        "Operating Income": 1,
        "EBIT": NaN,
        "Net Income": 1
    },
    "2009-06-30": {
        "Diluted EPS": 0.05,
        "Total Revenue": 6,
        "Gross Profit": 3,
        "Operating Income": 0,
        "EBIT": NaN,
        "Net Income": 0
    },
    "2009-03-31": {
        "Diluted EPS": 0.07,
        "Total Revenue": 5,
        "Gross Profit": 3,
        "Operating Income": 1,
        "EBIT": NaN,
        "Net Income": 0
    },
    "2023-09-30": {
        "Tax Effect Of Unusual Items": NaN,
        "Tax Rate For Calcs": NaN,
        "Net Income From Continuing Operation Net Minority Interest": NaN,
        "Reconciled Depreciation": NaN,
        "Net Interest Income": NaN,
        "Interest Expense": NaN,
        "Interest Income": NaN,
        "Normalized Income": NaN,
        "Net Income From Continuing And Discontinued Operation": NaN,
        "Diluted Average Shares": NaN,
        "Basic Average Shares": NaN,
        "Diluted EPS": NaN,
        "Basic EPS": NaN,
        "Diluted NI Availto Com Stockholders": NaN,
        "Net Income Common Stockholders": NaN,
        "Net Income": NaN,
        "Net Income Including Noncontrolling Interests": NaN,
        "Net Income Continuous Operations": NaN,
        "Tax Provision": NaN,
        "Pretax Income": NaN,
        "Gain On Sale Of Security": NaN,
        "Selling General And Administration": NaN,
        "Selling And Marketing Expense": NaN,
        "General And Administrative Expense": NaN,
        "Other Gand A": 59000.0,
        "Insurance And Claims": NaN,
        "Salaries And Wages": NaN,
        "Total Revenue": NaN,
        "Operating Revenue": NaN,
        "Occupancy And Equipment": NaN,
        "Professional Expense And Contract Services Expense": NaN,
        "Other Non Interest Expense": NaN
    },
    "2023-12-31": {
        "Tax Effect Of Unusual Items": 0.0,
        "Tax Rate For Calcs": 0.21,
        "Net Income From Continuing Operation Net Minority Interest": 749000.0,
        "Reconciled Depreciation": 200000.0,
        "Net Interest Income": 5558000.0,
        "Interest Expense": 3055000.0,
        "Interest Income": 8613000.0,
        "Normalized Income": 749000.0,
        "Net Income From Continuing And Discontinued Operation": 749000.0,
        "Diluted Average Shares": 5686288.0,
        "Basic Average Shares": 5686288.0,
        "Diluted EPS": 0.13,
        "Basic EPS": 0.13,
        "Diluted NI Availto Com Stockholders": 749000.0,
        "Net Income Common Stockholders": 749000.0,
        "Net Income": 749000.0,
        "Net Income Including Noncontrolling Interests": 749000.0,
        "Net Income Continuous Operations": 749000.0,
        "Tax Provision": 561000.0,
        "Pretax Income": 1310000.0,
        "Gain On Sale Of Security": 0.0,
        "Selling General And Administration": 3242000.0,
        "Selling And Marketing Expense": 64000.0,
        "General And Administrative Expense": 3178000.0,
        "Other Gand A": NaN,
        "Insurance And Claims": 287000.0,
        "Salaries And Wages": 2891000.0,
        "Total Revenue": 6481000.0,
        "Operating Revenue": 6481000.0,
        "Occupancy And Equipment": 699000.0,
        "Professional Expense And Contract Services Expense": 402000.0,
        "Other Non Interest Expense": 860000.0
    },
    "2024-03-31": {
        "Tax Effect Of Unusual Items": 0.0,
        "Tax Rate For Calcs": 0.152882,
        "Net Income From Continuing Operation Net Minority Interest": 1014000.0,
        "Reconciled Depreciation": 194000.0,
        "Net Interest Income": 5133000.0,
        "Interest Expense": 3476000.0,
        "Interest Income": 8609000.0,
        "Normalized Income": 1014000.0,
        "Net Income From Continuing And Discontinued Operation": 1014000.0,
        "Diluted Average Shares": 5964706.0,
        "Basic Average Shares": 5964706.0,
        "Diluted EPS": 0.17,
        "Basic EPS": 0.17,
        "Diluted NI Availto Com Stockholders": 1014000.0,
        "Net Income Common Stockholders": 1014000.0,
        "Net Income": 1014000.0,
        "Net Income Including Noncontrolling Interests": 1014000.0,
        "Net Income Continuous Operations": 1014000.0,
        "Tax Provision": 183000.0,
        "Pretax Income": 1197000.0,
        "Gain On Sale Of Security": 11000.0,
        "Selling General And Administration": 3087000.0,
        "Selling And Marketing Expense": 51000.0,
        "General And Administrative Expense": 3036000.0,
        "Other Gand A": NaN,
        "Insurance And Claims": 279000.0,
        "Salaries And Wages": 2757000.0,
        "Total Revenue": 5840000.0,
        "Operating Revenue": 5840000.0,
        "Occupancy And Equipment": 703000.0,
        "Professional Expense And Contract Services Expense": 327000.0,
        "Other Non Interest Expense": 878000.0
    },
    "2024-06-30": {
        "Tax Effect Of Unusual Items": 0.0,
        "Tax Rate For Calcs": 0.162162,
        "Net Income From Continuing Operation Net Minority Interest": 1116000.0,
        "Reconciled Depreciation": 191000.0,
        "Net Interest Income": 5206000.0,
        "Interest Expense": 3548000.0,
        "Interest Income": 8754000.0,
        "Normalized Income": 1116000.0,
        "Net Income From Continuing And Discontinued Operation": 1116000.0,
        "Diluted Average Shares": NaN,
        "Basic Average Shares": NaN,
        "Diluted EPS": NaN,
        "Basic EPS": NaN,
        "Diluted NI Availto Com Stockholders": 1116000.0,
        "Net Income Common Stockholders": 1116000.0,
        "Net Income": 1116000.0,
        "Net Income Including Noncontrolling Interests": 1116000.0,
        "Net Income Continuous Operations": 1116000.0,
        "Tax Provision": 216000.0,
        "Pretax Income": 1332000.0,
        "Gain On Sale Of Security": 3000.0,
        "Selling General And Administration": 2956000.0,
        "Selling And Marketing Expense": 16000.0,
        "General And Administrative Expense": 2940000.0,
        "Other Gand A": NaN,
        "Insurance And Claims": 284000.0,
        "Salaries And Wages": 2656000.0,
        "Total Revenue": 5944000.0,
        "Operating Revenue": 5944000.0,
        "Occupancy And Equipment": 681000.0,
        "Professional Expense And Contract Services Expense": 397000.0,
        "Other Non Interest Expense": 863000.0
    },
    "2024-09-30": {
        "Tax Effect Of Unusual Items": 0.0,
        "Tax Rate For Calcs": 0.162264,
        "Net Income From Continuing Operation Net Minority Interest": 1332000.0,
        "Reconciled Depreciation": 181000.0,
        "Net Interest Income": 5383000.0,
        "Interest Expense": 3468000.0,
        "Interest Income": 8851000.0,
        "Normalized Income": 1332000.0,
        "Net Income From Continuing And Discontinued Operation": 1332000.0,
        "Diluted Average Shares": 7640059.0,
        "Basic Average Shares": 7640059.0,
        "Diluted EPS": 0.18,
        "Basic EPS": 0.18,
        "Diluted NI Availto Com Stockholders": 1332000.0,
        "Net Income Common Stockholders": 1332000.0,
        "Net Income": 1332000.0,
        "Net Income Including Noncontrolling Interests": 1332000.0,
        "Net Income Continuous Operations": 1332000.0,
        "Tax Provision": 258000.0,
        "Pretax Income": 1590000.0,
        "Gain On Sale Of Security": -3000.0,
        "Selling General And Administration": 2883000.0,
        "Selling And Marketing Expense": 11000.0,
        "General And Administrative Expense": 2872000.0,
        "Other Gand A": 62000.0,
        "Insurance And Claims": 130000.0,
        "Salaries And Wages": 2742000.0,
        "Total Revenue": 6174000.0,
        "Operating Revenue": 6174000.0,
        "Occupancy And Equipment": 680000.0,
        "Professional Expense And Contract Services Expense": 361000.0,
        "Other Non Interest Expense": 889000.0
    },
    "2024-12-31": {
        "Tax Effect Of Unusual Items": 0.0,
        "Tax Rate For Calcs": 0.15913,
        "Net Income From Continuing Operation Net Minority Interest": 1469000.0,
        "Reconciled Depreciation": 173000.0,
        "Net Interest Income": 5340000.0,
        "Interest Expense": 3249000.0,
        "Interest Income": 8589000.0,
        "Normalized Income": 1469000.0,
        "Net Income From Continuing And Discontinued Operation": 1469000.0,
        "Diluted Average Shares": 5650000.0,
        "Basic Average Shares": 5650000.0,
        "Diluted EPS": 0.26,
        "Basic EPS": 0.26,
        "Diluted NI Availto Com Stockholders": 1469000.0,
        "Net Income Common Stockholders": 1469000.0,
        "Net Income": 1469000.0,
        "Net Income Including Noncontrolling Interests": 1469000.0,
        "Net Income Continuous Operations": 1469000.0,
        "Tax Provision": 278000.0,
        "Pretax Income": 1747000.0,
        "Gain On Sale Of Security": 48000.0,
        "Selling General And Administration": 3415000.0,
        "Selling And Marketing Expense": 15000.0,
        "General And Administrative Expense": 3400000.0,
        "Other Gand A": NaN,
        "Insurance And Claims": 103000.0,
        "Salaries And Wages": 3297000.0,
        "Total Revenue": 6408000.0,
        "Operating Revenue": 6408000.0,
        "Occupancy And Equipment": 653000.0,
        "Professional Expense And Contract Services Expense": 364000.0,
        "Other Non Interest Expense": 842000.0
    },
    "2025-03-31": {
        "Tax Effect Of Unusual Items": 0.0,
        "Tax Rate For Calcs": 0.163,
        "Net Income From Continuing Operation Net Minority Interest": 1057000.0,
        "Reconciled Depreciation": 156000.0,
        "Net Interest Income": 5465000.0,
        "Interest Expense": 2902000.0,
        "Interest Income": 8367000.0,
        "Normalized Income": 1057000.0,
        "Net Income From Continuing And Discontinued Operation": 1057000.0,
        "Diluted Average Shares": 5650548.0,
        "Basic Average Shares": 5646299.0,
        "Diluted EPS": 0.19,
        "Basic EPS": 0.19,
        "Diluted NI Availto Com Stockholders": 1057000.0,
        "Net Income Common Stockholders": 1057000.0,
        "Net Income": 1057000.0,
        "Net Income Including Noncontrolling Interests": 1057000.0,
        "Net Income Continuous Operations": 1057000.0,
        "Tax Provision": 206000.0,
        "Pretax Income": 1263000.0,
        "Gain On Sale Of Security": 47000.0,
        "Selling General And Administration": 2998000.0,
        "Selling And Marketing Expense": 11000.0,
        "General And Administrative Expense": 2987000.0,
        "Other Gand A": NaN,
        "Insurance And Claims": 72000.0,
        "Salaries And Wages": 2915000.0,
        "Total Revenue": 6189000.0,
        "Operating Revenue": 6189000.0,
        "Occupancy And Equipment": 676000.0,
        "Professional Expense And Contract Services Expense": 314000.0,
        "Other Non Interest Expense": 890000.0
    },
    "2025-06-30": {
        "Tax Effect Of Unusual Items": 0.0,
        "Tax Rate For Calcs": 0.164562,
        "Net Income From Continuing Operation Net Minority Interest": 1919000.0,
        "Reconciled Depreciation": 156000.0,
        "Net Interest Income": 6122000.0,
        "Interest Expense": 2985000.0,
        "Interest Income": 9107000.0,
        "Normalized Income": 1919000.0,
        "Net Income From Continuing And Discontinued Operation": 1919000.0,
        "Diluted Average Shares": 5669972.0,
        "Basic Average Shares": 5667176.0,
        "Diluted EPS": 0.34,
        "Basic EPS": 0.34,
        "Diluted NI Availto Com Stockholders": 1919000.0,
        "Net Income Common Stockholders": 1919000.0,
        "Net Income": 1919000.0,
        "Net Income Including Noncontrolling Interests": 1919000.0,
        "Net Income Continuous Operations": 1919000.0,
        "Tax Provision": 378000.0,
        "Pretax Income": 2297000.0,
        "Gain On Sale Of Security": 66000.0,
        "Selling General And Administration": 2943000.0,
        "Selling And Marketing Expense": 15000.0,
        "General And Administrative Expense": 2928000.0,
        "Other Gand A": NaN,
        "Insurance And Claims": 74000.0,
        "Salaries And Wages": 2854000.0,
        "Total Revenue": 6922000.0,
        "Operating Revenue": 6922000.0,
        "Occupancy And Equipment": 615000.0,
        "Professional Expense And Contract Services Expense": 251000.0,
        "Other Non Interest Expense": 816000.0
    },
    "2025-09-30": {
        "Tax Effect Of Unusual Items": 0.0,
        "Tax Rate For Calcs": 0.171117,
        "Net Income From Continuing Operation Net Minority Interest": 2359000.0,
        "Reconciled Depreciation": 150000.0,
        "Net Interest Income": 6355000.0,
        "Interest Expense": 2996000.0,
        "Interest Income": 9351000.0,
        "Normalized Income": 2359000.0,
        "Net Income From Continuing And Discontinued Operation": 2359000.0,
        "Diluted Average Shares": 7395351.0,
        "Basic Average Shares": 7386783.0,
        "Diluted EPS": 0.32,
        "Basic EPS": 0.32,
        "Diluted NI Availto Com Stockholders": 2359000.0,
        "Net Income Common Stockholders": 2359000.0,
        "Net Income": 2359000.0,
        "Net Income Including Noncontrolling Interests": 2359000.0,
        "Net Income Continuous Operations": 2359000.0,
        "Tax Provision": 487000.0,
        "Pretax Income": 2846000.0,
        "Gain On Sale Of Security": 80000.0,
        "Selling General And Administration": 2951000.0,
        "Selling And Marketing Expense": 18000.0,
        "General And Administrative Expense": 2933000.0,
        "Other Gand A": NaN,
        "Insurance And Claims": 78000.0,
        "Salaries And Wages": 2855000.0,
        "Total Revenue": 7420000.0,
        "Operating Revenue": 7420000.0,
        "Occupancy And Equipment": 630000.0,
        "Professional Expense And Contract Services Expense": 303000.0,
        "Other Non Interest Expense": 959000.0
    }
}