{
    "2023-03-31": {
        "Tax Effect Of Unusual Items": NaN,
        "Tax Rate For Calcs": NaN,
        "Normalized EBITDA": NaN,
        "Net Income From Continuing Operation Net Minority Interest": NaN,
        "Reconciled Depreciation": NaN,
        "EBITDA": NaN,
        "EBIT": NaN,
        "Net Interest Income": NaN,
        "Interest Income": NaN,
        "Normalized Income": NaN,
        "Net Income From Continuing And Discontinued Operation": NaN,
        "Total Expenses": NaN,
        "Total Operating Income As Reported": NaN,
        "Diluted Average Shares": 10857040.0,
        "Basic Average Shares": 10857040.0,
        "Diluted EPS": -0.36,
        "Basic EPS": -0.36,
        "Diluted NI Availto Com Stockholders": NaN,
        "Net Income Common Stockholders": NaN,
        "Net Income": NaN,
        "Net Income Including Noncontrolling Interests": NaN,
        "Net Income Continuous Operations": NaN,
        "Pretax Income": NaN,
        "Other Income Expense": NaN,
        "Other Non Operating Income Expenses": NaN,
        "Net Non Operating Interest Income Expense": NaN,
        "Interest Income Non Operating": NaN,
        "Operating Income": NaN,
        "Operating Expense": NaN,
        "Research And Development": NaN,
        "Selling General And Administration": NaN,
        "General And Administrative Expense": NaN,
        "Other Gand A": NaN,
        "Total Revenue": NaN,
        "Operating Revenue": NaN
    },
    "2022-12-31": {
        "Tax Effect Of Unusual Items": 0.0,
        "Tax Rate For Calcs": 0.0,
        "Normalized EBITDA": -3823518.0,
        "Net Income From Continuing Operation Net Minority Interest": -3381105.0,
        "Reconciled Depreciation": 2760.0,
        "EBITDA": -3823518.0,
        "EBIT": -3826278.0,
        "Net Interest Income": 74684.0,
        "Interest Income": 74684.0,
        "Normalized Income": -3381105.0,
        "Net Income From Continuing And Discontinued Operation": -3381105.0,
        "Total Expenses": 3826278.0,
        "Total Operating Income As Reported": -3826278.0,
        "Diluted Average Shares": NaN,
        "Basic Average Shares": NaN,
        "Diluted EPS": NaN,
        "Basic EPS": NaN,
        "Diluted NI Availto Com Stockholders": -3381105.0,
        "Net Income Common Stockholders": -3381105.0,
        "Net Income": -3381105.0,
        "Net Income Including Noncontrolling Interests": -3381105.0,
        "Net Income Continuous Operations": -3381105.0,
        "Pretax Income": -3381105.0,
        "Other Income Expense": 370489.0,
        "Other Non Operating Income Expenses": 370489.0,
        "Net Non Operating Interest Income Expense": 74684.0,
        "Interest Income Non Operating": 74684.0,
        "Operating Income": -3826278.0,
        "Operating Expense": 3826278.0,
        "Research And Development": 2251598.0,
        "Selling General And Administration": 1574680.0,
        "General And Administrative Expense": 1574680.0,
        "Other Gand A": 1574680.0,
        "Total Revenue": 0.0,
        "Operating Revenue": 0.0
    },
    "2022-09-30": {
        "Tax Effect Of Unusual Items": NaN,
        "Tax Rate For Calcs": NaN,
        "Normalized EBITDA": NaN,
        "Net Income From Continuing Operation Net Minority Interest": NaN,
        "Reconciled Depreciation": NaN,
        "EBITDA": NaN,
        "EBIT": NaN,
        "Net Interest Income": NaN,
        "Interest Income": NaN,
        "Normalized Income": NaN,
        "Net Income From Continuing And Discontinued Operation": NaN,
        "Total Expenses": NaN,
        "Total Operating Income As Reported": NaN,
        "Diluted Average Shares": 10838888.0,
        "Basic Average Shares": 10838888.0,
        "Diluted EPS": -0.21,
        "Basic EPS": -0.21,
        "Diluted NI Availto Com Stockholders": NaN,
        "Net Income Common Stockholders": NaN,
        "Net Income": NaN,
        "Net Income Including Noncontrolling Interests": NaN,
        "Net Income Continuous Operations": NaN,
        "Pretax Income": NaN,
        "Other Income Expense": NaN,
        "Other Non Operating Income Expenses": NaN,
        "Net Non Operating Interest Income Expense": NaN,
        "Interest Income Non Operating": NaN,
        "Operating Income": NaN,
        "Operating Expense": NaN,
        "Research And Development": NaN,
        "Selling General And Administration": NaN,
        "General And Administrative Expense": NaN,
        "Other Gand A": NaN,
        "Total Revenue": NaN,
        "Operating Revenue": NaN
    },
    "2022-06-30": {
        "Tax Effect Of Unusual Items": 0.0,
        "Tax Rate For Calcs": 0.0,
        "Normalized EBITDA": -4392436.0,
        "Net Income From Continuing Operation Net Minority Interest": -4492386.0,
        "Reconciled Depreciation": 2385.0,
        "EBITDA": -4392436.0,
        "EBIT": -4394821.0,
        "Net Interest Income": 55026.0,
        "Interest Income": 55026.0,
        "Normalized Income": -4492386.0,
        "Net Income From Continuing And Discontinued Operation": -4492386.0,
        "Total Expenses": 4394821.0,
        "Total Operating Income As Reported": -4394821.0,
        "Diluted Average Shares": 10830947.0,
        "Basic Average Shares": 10830947.0,
        "Diluted EPS": -0.41,
        "Basic EPS": -0.41,
        "Diluted NI Availto Com Stockholders": -4492386.0,
        "Net Income Common Stockholders": -4492386.0,
        "Net Income": -4492386.0,
        "Net Income Including Noncontrolling Interests": -4492386.0,
        "Net Income Continuous Operations": -4492386.0,
        "Pretax Income": -4492386.0,
        "Other Income Expense": -152591.0,
        "Other Non Operating Income Expenses": -152591.0,
        "Net Non Operating Interest Income Expense": 55026.0,
        "Interest Income Non Operating": 55026.0,
        "Operating Income": -4394821.0,
        "Operating Expense": 4394821.0,
        "Research And Development": 2988823.0,
        "Selling General And Administration": 1405998.0,
        "General And Administrative Expense": 1405998.0,
        "Other Gand A": 1405998.0,
        "Total Revenue": 0.0,
        "Operating Revenue": 0.0
    },
    "2022-03-31": {
        "Diluted EPS": -0.38,
        "Total Revenue": NaN,
        "Gross Profit": NaN,
        "Operating Income": -4,
        "EBIT": -4,
        "Net Income": -4
    },
    "2021-12-31": {
        "Diluted EPS": -0.32,
        "Total Revenue": NaN,
        "Gross Profit": NaN,
        "Operating Income": -4,
        "EBIT": -3,
        "Net Income": -4
    },
    "2021-09-30": {
        "Diluted EPS": -0.36,
        "Total Revenue": NaN,
        "Gross Profit": NaN,
        "Operating Income": -4,
        "EBIT": -4,
        "Net Income": -4
    },
    "2021-06-30": {
        "Diluted EPS": -0.21,
        "Total Revenue": NaN,
        "Gross Profit": NaN,
        "Operating Income": -2,
        "EBIT": -2,
        "Net Income": -2
    },
    "2021-03-31": {
        "Diluted EPS": -0.24,
        "Total Revenue": NaN,
        "Gross Profit": NaN,
        "Operating Income": -2,
        "EBIT": -2,
        "Net Income": -2
    },
    "2020-12-31": {
        "Diluted EPS": -0.55,
        "Total Revenue": NaN,
        "Gross Profit": NaN,
        "Operating Income": -3,
        "EBIT": -3,
        "Net Income": -3
    },
    "2020-09-30": {
        "Diluted EPS": -0.27,
        "Total Revenue": NaN,
        "Gross Profit": NaN,
        "Operating Income": -2,
        "EBIT": -2,
        "Net Income": -2
    },
    "2020-06-30": {
        "Diluted EPS": -0.31,
        "Total Revenue": NaN,
        "Gross Profit": NaN,
        "Operating Income": -1,
        "EBIT": -1,
        "Net Income": -1
    },
    "2020-03-31": {
        "Diluted EPS": -0.24,
        "Total Revenue": NaN,
        "Gross Profit": NaN,
        "Operating Income": 0,
        "EBIT": 0,
        "Net Income": 0
    },
    "2019-12-31": {
        "Diluted EPS": 0.0,
        "Total Revenue": NaN,
        "Gross Profit": NaN,
        "Operating Income": NaN,
        "EBIT": NaN,
        "Net Income": NaN
    },
    "2019-09-30": {
        "Diluted EPS": -0.34,
        "Total Revenue": NaN,
        "Gross Profit": NaN,
        "Operating Income": -1,
        "EBIT": -1,
        "Net Income": -1
    },
    "2019-06-30": {
        "Diluted EPS": -0.32,
        "Total Revenue": NaN,
        "Gross Profit": NaN,
        "Operating Income": -1,
        "EBIT": -1,
        "Net Income": -1
    },
    "2023-06-30": {
        "Tax Effect Of Unusual Items": NaN,
        "Tax Rate For Calcs": NaN,
        "Normalized EBITDA": NaN,
        "Net Income From Continuing Operation Net Minority Interest": NaN,
        "Reconciled Depreciation": NaN,
        "EBITDA": NaN,
        "EBIT": NaN,
        "Net Interest Income": NaN,
        "Interest Income": NaN,
        "Normalized Income": NaN,
        "Net Income From Continuing And Discontinued Operation": NaN,
        "Total Expenses": NaN,
        "Total Operating Income As Reported": NaN,
        "Diluted Average Shares": 10857040.0,
        "Basic Average Shares": 10857040.0,
        "Diluted EPS": -0.44,
        "Basic EPS": -0.44,
        "Diluted NI Availto Com Stockholders": NaN,
        "Net Income Common Stockholders": NaN,
        "Net Income": NaN,
        "Net Income Including Noncontrolling Interests": NaN,
        "Net Income Continuous Operations": NaN,
        "Pretax Income": NaN,
        "Other Income Expense": NaN,
        "Other Non Operating Income Expenses": NaN,
        "Net Non Operating Interest Income Expense": NaN,
        "Interest Income Non Operating": NaN,
        "Operating Income": NaN,
        "Operating Expense": NaN,
        "Research And Development": NaN,
        "Selling General And Administration": NaN,
        "General And Administrative Expense": NaN,
        "Other Gand A": NaN,
        "Total Revenue": NaN,
        "Operating Revenue": NaN
    },
    "2023-09-30": {
        "Tax Effect Of Unusual Items": NaN,
        "Tax Rate For Calcs": NaN,
        "Normalized EBITDA": NaN,
        "Net Income From Continuing Operation Net Minority Interest": NaN,
        "Reconciled Depreciation": NaN,
        "EBITDA": NaN,
        "EBIT": NaN,
        "Net Interest Income": NaN,
        "Interest Income": NaN,
        "Normalized Income": NaN,
        "Net Income From Continuing And Discontinued Operation": NaN,
        "Total Expenses": NaN,
        "Total Operating Income As Reported": NaN,
        "Diluted Average Shares": 10857366.0,
        "Basic Average Shares": 10857366.0,
        "Diluted EPS": -0.29,
        "Basic EPS": -0.29,
        "Diluted NI Availto Com Stockholders": NaN,
        "Net Income Common Stockholders": NaN,
        "Net Income": NaN,
        "Net Income Including Noncontrolling Interests": NaN,
        "Net Income Continuous Operations": NaN,
        "Pretax Income": NaN,
        "Other Income Expense": NaN,
        "Other Non Operating Income Expenses": NaN,
        "Net Non Operating Interest Income Expense": NaN,
        "Interest Income Non Operating": NaN,
        "Operating Income": NaN,
        "Operating Expense": NaN,
        "Research And Development": NaN,
        "Selling General And Administration": NaN,
        "General And Administrative Expense": NaN,
        "Other Gand A": NaN,
        "Total Revenue": NaN,
        "Operating Revenue": NaN
    },
    "2023-12-31": {
        "Tax Effect Of Unusual Items": 0.0,
        "Tax Rate For Calcs": 0.0,
        "Normalized EBITDA": -4873409.0,
        "Net Income From Continuing Operation Net Minority Interest": -4185921.0,
        "Reconciled Depreciation": 3975.0,
        "EBITDA": -4873409.0,
        "EBIT": -4877384.0,
        "Net Interest Income": 267389.0,
        "Interest Income": 267389.0,
        "Normalized Income": -4185921.0,
        "Net Income From Continuing And Discontinued Operation": -4185921.0,
        "Total Expenses": 4877384.0,
        "Total Operating Income As Reported": -4877384.0,
        "Diluted Average Shares": NaN,
        "Basic Average Shares": NaN,
        "Diluted EPS": NaN,
        "Basic EPS": NaN,
        "Diluted NI Availto Com Stockholders": -4185921.0,
        "Net Income Common Stockholders": -4185921.0,
        "Net Income": -4185921.0,
        "Net Income Including Noncontrolling Interests": -4185921.0,
        "Net Income Continuous Operations": -4185921.0,
        "Pretax Income": -4185921.0,
        "Other Income Expense": 424074.0,
        "Other Non Operating Income Expenses": 424074.0,
        "Net Non Operating Interest Income Expense": 267389.0,
        "Interest Income Non Operating": 267389.0,
        "Operating Income": -4877384.0,
        "Operating Expense": 4877384.0,
        "Research And Development": 3573257.0,
        "Selling General And Administration": 1304127.0,
        "General And Administrative Expense": 1304127.0,
        "Other Gand A": 1304127.0,
        "Total Revenue": 0.0,
        "Operating Revenue": 0.0
    },
    "2024-03-31": {
        "Tax Effect Of Unusual Items": 0.0,
        "Tax Rate For Calcs": 0.0,
        "Normalized EBITDA": -5727940.0,
        "Net Income From Continuing Operation Net Minority Interest": -5440810.0,
        "Reconciled Depreciation": 4061.0,
        "EBITDA": -5727940.0,
        "EBIT": -5732001.0,
        "Net Interest Income": 200950.0,
        "Interest Income": 200950.0,
        "Normalized Income": -5440810.0,
        "Net Income From Continuing And Discontinued Operation": -5440810.0,
        "Total Expenses": 5732001.0,
        "Total Operating Income As Reported": -5732001.0,
        "Diluted Average Shares": 10742797.0,
        "Basic Average Shares": 10742797.0,
        "Diluted EPS": -0.51,
        "Basic EPS": -0.51,
        "Diluted NI Availto Com Stockholders": -5440810.0,
        "Net Income Common Stockholders": -5440810.0,
        "Net Income": -5440810.0,
        "Net Income Including Noncontrolling Interests": -5440810.0,
        "Net Income Continuous Operations": -5440810.0,
        "Pretax Income": -5440810.0,
        "Other Income Expense": 90241.0,
        "Other Non Operating Income Expenses": 90241.0,
        "Net Non Operating Interest Income Expense": 200950.0,
        "Interest Income Non Operating": 200950.0,
        "Operating Income": -5732001.0,
        "Operating Expense": 5732001.0,
        "Research And Development": 4250786.0,
        "Selling General And Administration": 1481215.0,
        "General And Administrative Expense": 1481215.0,
        "Other Gand A": 1481215.0,
        "Total Revenue": 0.0,
        "Operating Revenue": 0.0
    },
    "2024-06-30": {
        "Tax Effect Of Unusual Items": 0.0,
        "Tax Rate For Calcs": 0.0,
        "Normalized EBITDA": -5404203.0,
        "Net Income From Continuing Operation Net Minority Interest": -4959506.0,
        "Reconciled Depreciation": 4258.0,
        "EBITDA": -5404203.0,
        "EBIT": -5408461.0,
        "Net Interest Income": 188660.0,
        "Interest Income": 188660.0,
        "Normalized Income": -4959506.0,
        "Net Income From Continuing And Discontinued Operation": -4959506.0,
        "Total Expenses": 5408461.0,
        "Total Operating Income As Reported": -5408461.0,
        "Diluted Average Shares": 10758805.0,
        "Basic Average Shares": 10758805.0,
        "Diluted EPS": -0.46,
        "Basic EPS": -0.46,
        "Diluted NI Availto Com Stockholders": -4959506.0,
        "Net Income Common Stockholders": -4959506.0,
        "Net Income": -4959506.0,
        "Net Income Including Noncontrolling Interests": -4959506.0,
        "Net Income Continuous Operations": -4959506.0,
        "Pretax Income": -4959506.0,
        "Other Income Expense": 260295.0,
        "Other Non Operating Income Expenses": 260295.0,
        "Net Non Operating Interest Income Expense": 188660.0,
        "Interest Income Non Operating": 188660.0,
        "Operating Income": -5408461.0,
        "Operating Expense": 5408461.0,
        "Research And Development": 3888737.0,
        "Selling General And Administration": 1519724.0,
        "General And Administrative Expense": 1519724.0,
        "Other Gand A": 1519724.0,
        "Total Revenue": 0.0,
        "Operating Revenue": 0.0
    },
    "2024-09-30": {
        "Tax Effect Of Unusual Items": 0.0,
        "Tax Rate For Calcs": 0.0,
        "Normalized EBITDA": -5175187.0,
        "Net Income From Continuing Operation Net Minority Interest": -4505697.0,
        "Reconciled Depreciation": 4389.0,
        "EBITDA": -5175187.0,
        "EBIT": -5179576.0,
        "Net Interest Income": 191352.0,
        "Interest Income": 191352.0,
        "Normalized Income": -4505697.0,
        "Net Income From Continuing And Discontinued Operation": -4505697.0,
        "Total Expenses": 5179576.0,
        "Total Operating Income As Reported": -5179576.0,
        "Diluted Average Shares": 10763351.0,
        "Basic Average Shares": 10763351.0,
        "Diluted EPS": -0.42,
        "Basic EPS": -0.42,
        "Diluted NI Availto Com Stockholders": -4505697.0,
        "Net Income Common Stockholders": -4505697.0,
        "Net Income": -4505697.0,
        "Net Income Including Noncontrolling Interests": -4505697.0,
        "Net Income Continuous Operations": -4505697.0,
        "Pretax Income": -4505697.0,
        "Other Income Expense": 482527.0,
        "Other Non Operating Income Expenses": 482527.0,
        "Net Non Operating Interest Income Expense": 191352.0,
        "Interest Income Non Operating": 191352.0,
        "Operating Income": -5179576.0,
        "Operating Expense": 5179576.0,
        "Research And Development": 3716646.0,
        "Selling General And Administration": 1462930.0,
        "General And Administrative Expense": 1462930.0,
        "Other Gand A": 1462930.0,
        "Total Revenue": 0.0,
        "Operating Revenue": 0.0
    },
    "2024-12-31": {
        "Tax Effect Of Unusual Items": 0.0,
        "Tax Rate For Calcs": 0.0,
        "Normalized EBITDA": -5891825.0,
        "Net Income From Continuing Operation Net Minority Interest": -5875200.0,
        "Reconciled Depreciation": 4574.0,
        "EBITDA": -5891825.0,
        "EBIT": -5896399.0,
        "Net Interest Income": 161393.0,
        "Interest Income": 161393.0,
        "Normalized Income": -5875200.0,
        "Net Income From Continuing And Discontinued Operation": -5875200.0,
        "Total Expenses": 5896399.0,
        "Total Operating Income As Reported": -5896399.0,
        "Diluted Average Shares": NaN,
        "Basic Average Shares": NaN,
        "Diluted EPS": NaN,
        "Basic EPS": NaN,
        "Diluted NI Availto Com Stockholders": -5875200.0,
        "Net Income Common Stockholders": -5875200.0,
        "Net Income": -5875200.0,
        "Net Income Including Noncontrolling Interests": -5875200.0,
        "Net Income Continuous Operations": -5875200.0,
        "Pretax Income": -5875200.0,
        "Other Income Expense": -140194.0,
        "Other Non Operating Income Expenses": -140194.0,
        "Net Non Operating Interest Income Expense": 161393.0,
        "Interest Income Non Operating": 161393.0,
        "Operating Income": -5896399.0,
        "Operating Expense": 5896399.0,
        "Research And Development": 4269521.0,
        "Selling General And Administration": 1626878.0,
        "General And Administrative Expense": 1626878.0,
        "Other Gand A": 1626878.0,
        "Total Revenue": 0.0,
        "Operating Revenue": 0.0
    }
}