{
    "2023-03-31": {
        "Tax Effect Of Unusual Items": NaN,
        "Tax Rate For Calcs": NaN,
        "Normalized EBITDA": NaN,
        "Total Unusual Items": NaN,
        "Total Unusual Items Excluding Goodwill": NaN,
        "Net Income From Continuing Operation Net Minority Interest": NaN,
        "Reconciled Depreciation": NaN,
        "Reconciled Cost Of Revenue": NaN,
        "EBITDA": NaN,
        "EBIT": NaN,
        "Net Interest Income": NaN,
        "Interest Expense": 23.0,
        "Normalized Income": NaN,
        "Net Income From Continuing And Discontinued Operation": NaN,
        "Total Expenses": NaN,
        "Total Operating Income As Reported": NaN,
        "Diluted Average Shares": NaN,
        "Basic Average Shares": NaN,
        "Diluted EPS": NaN,
        "Basic EPS": NaN,
        "Diluted NI Availto Com Stockholders": NaN,
        "Net Income Common Stockholders": NaN,
        "Net Income": NaN,
        "Net Income Including Noncontrolling Interests": NaN,
        "Net Income Continuous Operations": NaN,
        "Tax Provision": NaN,
        "Pretax Income": NaN,
        "Other Income Expense": NaN,
        "Other Non Operating Income Expenses": NaN,
        "Special Income Charges": NaN,
        "Impairment Of Capital Assets": NaN,
        "Net Non Operating Interest Income Expense": NaN,
        "Total Other Finance Cost": NaN,
        "Interest Expense Non Operating": 23.0,
        "Operating Income": NaN,
        "Operating Expense": NaN,
        "Depreciation Amortization Depletion Income Statement": NaN,
        "Depreciation And Amortization In Income Statement": NaN,
        "Selling General And Administration": NaN,
        "General And Administrative Expense": NaN,
        "Other Gand A": NaN,
        "Salaries And Wages": NaN,
        "Gross Profit": NaN,
        "Cost Of Revenue": NaN,
        "Total Revenue": NaN,
        "Operating Revenue": NaN
    },
    "2022-12-31": {
        "Tax Effect Of Unusual Items": NaN,
        "Tax Rate For Calcs": NaN,
        "Normalized EBITDA": NaN,
        "Net Income From Continuing Operation Net Minority Interest": NaN,
        "Reconciled Depreciation": NaN,
        "Reconciled Cost Of Revenue": NaN,
        "EBITDA": NaN,
        "EBIT": NaN,
        "Net Interest Income": NaN,
        "Interest Expense": 690251.0,
        "Normalized Income": NaN,
        "Net Income From Continuing And Discontinued Operation": NaN,
        "Total Expenses": NaN,
        "Total Operating Income As Reported": NaN,
        "Diluted Average Shares": NaN,
        "Basic Average Shares": NaN,
        "Diluted EPS": NaN,
        "Basic EPS": NaN,
        "Diluted NI Availto Com Stockholders": NaN,
        "Net Income Common Stockholders": NaN,
        "Net Income": NaN,
        "Net Income Including Noncontrolling Interests": NaN,
        "Net Income Continuous Operations": NaN,
        "Tax Provision": NaN,
        "Pretax Income": NaN,
        "Other Income Expense": NaN,
        "Other Non Operating Income Expenses": NaN,
        "Net Non Operating Interest Income Expense": NaN,
        "Total Other Finance Cost": NaN,
        "Interest Expense Non Operating": 690251.0,
        "Operating Income": NaN,
        "Operating Expense": NaN,
        "Depreciation Amortization Depletion Income Statement": NaN,
        "Depreciation And Amortization In Income Statement": NaN,
        "Selling General And Administration": NaN,
        "General And Administrative Expense": NaN,
        "Other Gand A": NaN,
        "Salaries And Wages": NaN,
        "Gross Profit": NaN,
        "Cost Of Revenue": NaN,
        "Total Revenue": NaN,
        "Operating Revenue": NaN
    },
    "2022-09-30": {
        "Tax Effect Of Unusual Items": NaN,
        "Tax Rate For Calcs": NaN,
        "Normalized EBITDA": NaN,
        "Net Income From Continuing Operation Net Minority Interest": NaN,
        "Reconciled Depreciation": NaN,
        "Reconciled Cost Of Revenue": NaN,
        "EBITDA": NaN,
        "EBIT": NaN,
        "Net Interest Income": NaN,
        "Interest Expense": -438.0,
        "Normalized Income": NaN,
        "Net Income From Continuing And Discontinued Operation": NaN,
        "Total Expenses": NaN,
        "Total Operating Income As Reported": NaN,
        "Diluted Average Shares": 2520649.0,
        "Basic Average Shares": 2520649.0,
        "Diluted EPS": -2.417231,
        "Basic EPS": -2.417231,
        "Diluted NI Availto Com Stockholders": NaN,
        "Net Income Common Stockholders": NaN,
        "Net Income": NaN,
        "Net Income Including Noncontrolling Interests": NaN,
        "Net Income Continuous Operations": NaN,
        "Tax Provision": NaN,
        "Pretax Income": NaN,
        "Other Income Expense": NaN,
        "Other Non Operating Income Expenses": NaN,
        "Net Non Operating Interest Income Expense": NaN,
        "Total Other Finance Cost": -438.0,
        "Interest Expense Non Operating": -438.0,
        "Operating Income": NaN,
        "Operating Expense": NaN,
        "Depreciation Amortization Depletion Income Statement": NaN,
        "Depreciation And Amortization In Income Statement": NaN,
        "Selling General And Administration": NaN,
        "General And Administrative Expense": NaN,
        "Other Gand A": NaN,
        "Salaries And Wages": NaN,
        "Gross Profit": NaN,
        "Cost Of Revenue": NaN,
        "Total Revenue": NaN,
        "Operating Revenue": NaN
    },
    "2022-06-30": {
        "Tax Effect Of Unusual Items": 0.0,
        "Tax Rate For Calcs": 0.4,
        "Normalized EBITDA": -14021219.0,
        "Net Income From Continuing Operation Net Minority Interest": -15448942.0,
        "Reconciled Depreciation": 1333314.0,
        "Reconciled Cost Of Revenue": 1541319.0,
        "EBITDA": -14021219.0,
        "EBIT": -15354533.0,
        "Net Interest Income": -71045.0,
        "Interest Expense": 71045.0,
        "Normalized Income": -15448942.0,
        "Net Income From Continuing And Discontinued Operation": -15448942.0,
        "Total Expenses": 17487555.0,
        "Total Operating Income As Reported": -15602384.0,
        "Diluted Average Shares": 2520649.0,
        "Basic Average Shares": 2520649.0,
        "Diluted EPS": -6.09,
        "Basic EPS": -6.09,
        "Diluted NI Availto Com Stockholders": -15448942.0,
        "Net Income Common Stockholders": -15448942.0,
        "Net Income": -15448942.0,
        "Net Income Including Noncontrolling Interests": -15448942.0,
        "Net Income Continuous Operations": -15448942.0,
        "Tax Provision": 23364.0,
        "Pretax Income": -15425578.0,
        "Other Income Expense": 247851.0,
        "Other Non Operating Income Expenses": 247851.0,
        "Net Non Operating Interest Income Expense": -71045.0,
        "Total Other Finance Cost": NaN,
        "Interest Expense Non Operating": 71045.0,
        "Operating Income": -15602384.0,
        "Operating Expense": 15910316.0,
        "Depreciation Amortization Depletion Income Statement": 1297394.0,
        "Depreciation And Amortization In Income Statement": 1297394.0,
        "Selling General And Administration": 14612922.0,
        "General And Administrative Expense": 14612922.0,
        "Other Gand A": 5100566.0,
        "Salaries And Wages": 9512356.0,
        "Gross Profit": 307932.0,
        "Cost Of Revenue": 1577239.0,
        "Total Revenue": 1885171.0,
        "Operating Revenue": 1885171.0
    },
    "2022-03-31": {
        "Diluted EPS": -0.69,
        "Total Revenue": 4,
        "Gross Profit": 1,
        "Operating Income": -31,
        "EBIT": -30,
        "Net Income": -35
    },
    "2021-12-31": {
        "Diluted EPS": -1.28,
        "Total Revenue": -1,
        "Gross Profit": -3,
        "Operating Income": -22,
        "EBIT": -19,
        "Net Income": -35
    },
    "2021-09-30": {
        "Diluted EPS": -0.46,
        "Total Revenue": 2,
        "Gross Profit": 0,
        "Operating Income": -6,
        "EBIT": -6,
        "Net Income": -11
    },
    "2021-06-30": {
        "Diluted EPS": -0.06,
        "Total Revenue": 10,
        "Gross Profit": 9,
        "Operating Income": 1,
        "EBIT": 2,
        "Net Income": -1
    },
    "2021-03-31": {
        "Diluted EPS": -0.24,
        "Total Revenue": 5,
        "Gross Profit": 3,
        "Operating Income": -3,
        "EBIT": -2,
        "Net Income": -5
    },
    "2020-12-31": {
        "Diluted EPS": -0.16,
        "Total Revenue": NaN,
        "Gross Profit": NaN,
        "Operating Income": -10,
        "EBIT": -10,
        "Net Income": -5
    },
    "2020-09-30": {
        "Diluted EPS": -0.03,
        "Total Revenue": NaN,
        "Gross Profit": NaN,
        "Operating Income": -1,
        "EBIT": -1,
        "Net Income": 0
    },
    "2020-06-30": {
        "Diluted EPS": -0.04,
        "Total Revenue": NaN,
        "Gross Profit": NaN,
        "Operating Income": 0,
        "EBIT": 0,
        "Net Income": 0
    },
    "2020-03-31": {
        "Diluted EPS": -0.03,
        "Total Revenue": NaN,
        "Gross Profit": NaN,
        "Operating Income": 0,
        "EBIT": 0,
        "Net Income": 0
    },
    "2019-12-31": {
        "Diluted EPS": 0.01,
        "Total Revenue": NaN,
        "Gross Profit": NaN,
        "Operating Income": 0,
        "EBIT": 0,
        "Net Income": 0
    },
    "2019-09-30": {
        "Diluted EPS": -0.02,
        "Total Revenue": NaN,
        "Gross Profit": NaN,
        "Operating Income": 0,
        "EBIT": 0,
        "Net Income": 0
    },
    "2019-06-30": {
        "Diluted EPS": -0.03,
        "Total Revenue": NaN,
        "Gross Profit": NaN,
        "Operating Income": 0,
        "EBIT": 0,
        "Net Income": 0
    },
    "2019-03-31": {
        "Diluted EPS": -0.02,
        "Total Revenue": NaN,
        "Gross Profit": NaN,
        "Operating Income": 0,
        "EBIT": 0,
        "Net Income": 0
    },
    "2018-12-31": {
        "Diluted EPS": -0.04,
        "Total Revenue": NaN,
        "Gross Profit": NaN,
        "Operating Income": 0,
        "EBIT": 0,
        "Net Income": 0
    },
    "2018-09-30": {
        "Diluted EPS": -0.02,
        "Total Revenue": NaN,
        "Gross Profit": NaN,
        "Operating Income": 0,
        "EBIT": 0,
        "Net Income": 0
    },
    "2018-06-30": {
        "Diluted EPS": -0.02,
        "Total Revenue": NaN,
        "Gross Profit": NaN,
        "Operating Income": 0,
        "EBIT": 0,
        "Net Income": 0
    },
    "2018-03-31": {
        "Diluted EPS": 0.0,
        "Total Revenue": NaN,
        "Gross Profit": NaN,
        "Operating Income": 0,
        "EBIT": 0,
        "Net Income": 0
    },
    "2017-12-31": {
        "Diluted EPS": 0.0,
        "Total Revenue": NaN,
        "Gross Profit": NaN,
        "Operating Income": NaN,
        "EBIT": NaN,
        "Net Income": NaN
    },
    "2017-09-30": {
        "Diluted EPS": 0.0,
        "Total Revenue": NaN,
        "Gross Profit": NaN,
        "Operating Income": 0,
        "EBIT": 0,
        "Net Income": 0
    },
    "2017-06-30": {
        "Diluted EPS": 0.0,
        "Total Revenue": NaN,
        "Gross Profit": NaN,
        "Operating Income": 0,
        "EBIT": 0,
        "Net Income": 0
    },
    "2023-06-30": {
        "Tax Effect Of Unusual Items": NaN,
        "Tax Rate For Calcs": NaN,
        "Normalized EBITDA": NaN,
        "Total Unusual Items": NaN,
        "Total Unusual Items Excluding Goodwill": NaN,
        "Net Income From Continuing Operation Net Minority Interest": NaN,
        "Reconciled Depreciation": NaN,
        "Reconciled Cost Of Revenue": NaN,
        "EBITDA": NaN,
        "EBIT": NaN,
        "Net Interest Income": NaN,
        "Interest Expense": NaN,
        "Normalized Income": NaN,
        "Net Income From Continuing And Discontinued Operation": NaN,
        "Total Expenses": NaN,
        "Total Operating Income As Reported": NaN,
        "Diluted Average Shares": 2527045.0,
        "Basic Average Shares": 2527045.0,
        "Diluted EPS": -1.67,
        "Basic EPS": -1.67,
        "Diluted NI Availto Com Stockholders": NaN,
        "Net Income Common Stockholders": NaN,
        "Net Income": NaN,
        "Net Income Including Noncontrolling Interests": NaN,
        "Net Income Continuous Operations": NaN,
        "Tax Provision": NaN,
        "Pretax Income": NaN,
        "Other Income Expense": NaN,
        "Other Non Operating Income Expenses": NaN,
        "Special Income Charges": NaN,
        "Impairment Of Capital Assets": NaN,
        "Net Non Operating Interest Income Expense": NaN,
        "Total Other Finance Cost": 41142.0,
        "Interest Expense Non Operating": NaN,
        "Operating Income": NaN,
        "Operating Expense": NaN,
        "Depreciation Amortization Depletion Income Statement": NaN,
        "Depreciation And Amortization In Income Statement": NaN,
        "Selling General And Administration": NaN,
        "General And Administrative Expense": NaN,
        "Other Gand A": NaN,
        "Salaries And Wages": NaN,
        "Gross Profit": NaN,
        "Cost Of Revenue": NaN,
        "Total Revenue": NaN,
        "Operating Revenue": NaN
    },
    "2023-09-30": {
        "Tax Effect Of Unusual Items": NaN,
        "Tax Rate For Calcs": NaN,
        "Normalized EBITDA": NaN,
        "Total Unusual Items": 0.0,
        "Total Unusual Items Excluding Goodwill": 0.0,
        "Net Income From Continuing Operation Net Minority Interest": NaN,
        "Reconciled Depreciation": NaN,
        "Reconciled Cost Of Revenue": NaN,
        "EBITDA": NaN,
        "EBIT": NaN,
        "Net Interest Income": NaN,
        "Interest Expense": NaN,
        "Normalized Income": NaN,
        "Net Income From Continuing And Discontinued Operation": NaN,
        "Total Expenses": NaN,
        "Total Operating Income As Reported": NaN,
        "Diluted Average Shares": 2527045.0,
        "Basic Average Shares": 2527045.0,
        "Diluted EPS": -1.345689,
        "Basic EPS": -1.345689,
        "Diluted NI Availto Com Stockholders": NaN,
        "Net Income Common Stockholders": NaN,
        "Net Income": NaN,
        "Net Income Including Noncontrolling Interests": NaN,
        "Net Income Continuous Operations": NaN,
        "Tax Provision": NaN,
        "Pretax Income": NaN,
        "Other Income Expense": NaN,
        "Other Non Operating Income Expenses": NaN,
        "Special Income Charges": 0.0,
        "Impairment Of Capital Assets": 0.0,
        "Net Non Operating Interest Income Expense": NaN,
        "Total Other Finance Cost": 243424.0,
        "Interest Expense Non Operating": NaN,
        "Operating Income": NaN,
        "Operating Expense": NaN,
        "Depreciation Amortization Depletion Income Statement": NaN,
        "Depreciation And Amortization In Income Statement": NaN,
        "Selling General And Administration": NaN,
        "General And Administrative Expense": NaN,
        "Other Gand A": NaN,
        "Salaries And Wages": NaN,
        "Gross Profit": NaN,
        "Cost Of Revenue": NaN,
        "Total Revenue": NaN,
        "Operating Revenue": NaN
    },
    "2023-12-31": {
        "Tax Effect Of Unusual Items": 0.0,
        "Tax Rate For Calcs": 0.0,
        "Normalized EBITDA": -13514057.0,
        "Total Unusual Items": NaN,
        "Total Unusual Items Excluding Goodwill": NaN,
        "Net Income From Continuing Operation Net Minority Interest": -13832064.0,
        "Reconciled Depreciation": 280604.0,
        "Reconciled Cost Of Revenue": 5038523.0,
        "EBITDA": -13514057.0,
        "EBIT": -13794661.0,
        "Net Interest Income": -98980.0,
        "Interest Expense": NaN,
        "Normalized Income": -13832064.0,
        "Net Income From Continuing And Discontinued Operation": -13832064.0,
        "Total Expenses": 18579774.0,
        "Total Operating Income As Reported": -13658232.0,
        "Diluted Average Shares": NaN,
        "Basic Average Shares": NaN,
        "Diluted EPS": NaN,
        "Basic EPS": NaN,
        "Diluted NI Availto Com Stockholders": -13832064.0,
        "Net Income Common Stockholders": -13832064.0,
        "Net Income": -13832064.0,
        "Net Income Including Noncontrolling Interests": -13832064.0,
        "Net Income Continuous Operations": -13832064.0,
        "Tax Provision": 0.0,
        "Pretax Income": -13832064.0,
        "Other Income Expense": -74852.0,
        "Other Non Operating Income Expenses": -74852.0,
        "Special Income Charges": NaN,
        "Impairment Of Capital Assets": NaN,
        "Net Non Operating Interest Income Expense": -98980.0,
        "Total Other Finance Cost": NaN,
        "Interest Expense Non Operating": NaN,
        "Operating Income": -13658232.0,
        "Operating Expense": 13237244.0,
        "Depreciation Amortization Depletion Income Statement": -23403.0,
        "Depreciation And Amortization In Income Statement": -23403.0,
        "Selling General And Administration": 13260647.0,
        "General And Administrative Expense": 13260647.0,
        "Other Gand A": 11932416.0,
        "Salaries And Wages": 1328231.0,
        "Gross Profit": -420988.0,
        "Cost Of Revenue": 5342530.0,
        "Total Revenue": 4921542.0,
        "Operating Revenue": 4921542.0
    },
    "2024-03-31": {
        "Tax Effect Of Unusual Items": 0.0,
        "Tax Rate For Calcs": 0.21,
        "Normalized EBITDA": -4309847.0,
        "Total Unusual Items": NaN,
        "Total Unusual Items Excluding Goodwill": NaN,
        "Net Income From Continuing Operation Net Minority Interest": -5753872.0,
        "Reconciled Depreciation": 1283558.0,
        "Reconciled Cost Of Revenue": 85211.0,
        "EBITDA": -4309847.0,
        "EBIT": -5594829.0,
        "Net Interest Income": -102217.0,
        "Interest Expense": 102217.0,
        "Normalized Income": -5753872.0,
        "Net Income From Continuing And Discontinued Operation": -5753872.0,
        "Total Expenses": 5854148.0,
        "Total Operating Income As Reported": -5594829.0,
        "Diluted Average Shares": 4008381.0,
        "Basic Average Shares": 4008381.0,
        "Diluted EPS": -1.4,
        "Basic EPS": -1.4,
        "Diluted NI Availto Com Stockholders": -5753872.0,
        "Net Income Common Stockholders": -5753872.0,
        "Net Income": -5753872.0,
        "Net Income Including Noncontrolling Interests": -5753872.0,
        "Net Income Continuous Operations": -5753872.0,
        "Tax Provision": 4150.0,
        "Pretax Income": -5749722.0,
        "Other Income Expense": -52676.0,
        "Other Non Operating Income Expenses": -52676.0,
        "Special Income Charges": NaN,
        "Impairment Of Capital Assets": NaN,
        "Net Non Operating Interest Income Expense": -102217.0,
        "Total Other Finance Cost": 102217.0,
        "Interest Expense Non Operating": 102217.0,
        "Operating Income": -5594829.0,
        "Operating Expense": 5770361.0,
        "Depreciation Amortization Depletion Income Statement": 1284982.0,
        "Depreciation And Amortization In Income Statement": 1284982.0,
        "Selling General And Administration": 4485379.0,
        "General And Administrative Expense": 4485379.0,
        "Other Gand A": 3500700.0,
        "Salaries And Wages": 984679.0,
        "Gross Profit": 175532.0,
        "Cost Of Revenue": 83787.0,
        "Total Revenue": 259319.0,
        "Operating Revenue": 259319.0
    },
    "2024-06-30": {
        "Tax Effect Of Unusual Items": 0.0,
        "Tax Rate For Calcs": 0.21,
        "Normalized EBITDA": -4557524.0,
        "Total Unusual Items": NaN,
        "Total Unusual Items Excluding Goodwill": NaN,
        "Net Income From Continuing Operation Net Minority Interest": -5971667.0,
        "Reconciled Depreciation": 1332170.0,
        "Reconciled Cost Of Revenue": 44145.0,
        "EBITDA": -4557524.0,
        "EBIT": -5889694.0,
        "Net Interest Income": -121815.0,
        "Interest Expense": NaN,
        "Normalized Income": -5971667.0,
        "Net Income From Continuing And Discontinued Operation": -5971667.0,
        "Total Expenses": 6146691.0,
        "Total Operating Income As Reported": -5889694.0,
        "Diluted Average Shares": 4068795.0,
        "Basic Average Shares": 4068795.0,
        "Diluted EPS": -1.47,
        "Basic EPS": -1.47,
        "Diluted NI Availto Com Stockholders": -5971667.0,
        "Net Income Common Stockholders": -5971667.0,
        "Net Income": -5971667.0,
        "Net Income Including Noncontrolling Interests": -5971667.0,
        "Net Income Continuous Operations": -5971667.0,
        "Tax Provision": 4150.0,
        "Pretax Income": -5967517.0,
        "Other Income Expense": 43992.0,
        "Other Non Operating Income Expenses": 43992.0,
        "Special Income Charges": NaN,
        "Impairment Of Capital Assets": NaN,
        "Net Non Operating Interest Income Expense": -121815.0,
        "Total Other Finance Cost": 121815.0,
        "Interest Expense Non Operating": NaN,
        "Operating Income": -5889694.0,
        "Operating Expense": 6101121.0,
        "Depreciation Amortization Depletion Income Statement": 1330745.0,
        "Depreciation And Amortization In Income Statement": 1330745.0,
        "Selling General And Administration": 4770376.0,
        "General And Administrative Expense": 4770376.0,
        "Other Gand A": 2980390.0,
        "Salaries And Wages": 1789986.0,
        "Gross Profit": 211427.0,
        "Cost Of Revenue": 45570.0,
        "Total Revenue": 256997.0,
        "Operating Revenue": 256997.0
    },
    "2024-09-30": {
        "Tax Effect Of Unusual Items": -902580.42,
        "Tax Rate For Calcs": 0.21,
        "Normalized EBITDA": 1876300.0,
        "Total Unusual Items": -4298002.0,
        "Total Unusual Items Excluding Goodwill": -4298002.0,
        "Net Income From Continuing Operation Net Minority Interest": -8046754.0,
        "Reconciled Depreciation": 1207914.0,
        "Reconciled Cost Of Revenue": 83829.0,
        "EBITDA": -2421702.0,
        "EBIT": -3629616.0,
        "Net Interest Income": -126753.0,
        "Interest Expense": NaN,
        "Normalized Income": -4651332.42,
        "Net Income From Continuing And Discontinued Operation": -8046754.0,
        "Total Expenses": 3830271.0,
        "Total Operating Income As Reported": -3629616.0,
        "Diluted Average Shares": 5464931.0,
        "Basic Average Shares": 5464931.0,
        "Diluted EPS": -1.472435,
        "Basic EPS": -1.472435,
        "Diluted NI Availto Com Stockholders": -8046754.0,
        "Net Income Common Stockholders": -8046754.0,
        "Net Income": -8046754.0,
        "Net Income Including Noncontrolling Interests": -8046754.0,
        "Net Income Continuous Operations": -8046754.0,
        "Tax Provision": 12814.0,
        "Pretax Income": -8033940.0,
        "Other Income Expense": -4277571.0,
        "Other Non Operating Income Expenses": 20431.0,
        "Special Income Charges": -4298002.0,
        "Impairment Of Capital Assets": 4298002.0,
        "Net Non Operating Interest Income Expense": -126753.0,
        "Total Other Finance Cost": 126753.0,
        "Interest Expense Non Operating": NaN,
        "Operating Income": -3629616.0,
        "Operating Expense": 3746442.0,
        "Depreciation Amortization Depletion Income Statement": 1207914.0,
        "Depreciation And Amortization In Income Statement": 1207914.0,
        "Selling General And Administration": 2538528.0,
        "General And Administrative Expense": 2538528.0,
        "Other Gand A": 1859182.0,
        "Salaries And Wages": 679346.0,
        "Gross Profit": 116826.0,
        "Cost Of Revenue": 83829.0,
        "Total Revenue": 200655.0,
        "Operating Revenue": 200655.0
    },
    "2024-12-31": {
        "Tax Effect Of Unusual Items": 0.0,
        "Tax Rate For Calcs": 0.21,
        "Normalized EBITDA": -11863053.0,
        "Total Unusual Items": 0.0,
        "Total Unusual Items Excluding Goodwill": 0.0,
        "Net Income From Continuing Operation Net Minority Interest": -8936783.0,
        "Reconciled Depreciation": 1197005.0,
        "Reconciled Cost Of Revenue": 107683.0,
        "EBITDA": -11863053.0,
        "EBIT": -13060058.0,
        "Net Interest Income": -157779.0,
        "Interest Expense": NaN,
        "Normalized Income": -8936783.0,
        "Net Income From Continuing And Discontinued Operation": -8936783.0,
        "Total Expenses": 3396969.0,
        "Total Operating Income As Reported": -3048153.0,
        "Diluted Average Shares": NaN,
        "Basic Average Shares": NaN,
        "Diluted EPS": NaN,
        "Basic EPS": NaN,
        "Diluted NI Availto Com Stockholders": -8936783.0,
        "Net Income Common Stockholders": -8936783.0,
        "Net Income": -8936783.0,
        "Net Income Including Noncontrolling Interests": -8936783.0,
        "Net Income Continuous Operations": -8936783.0,
        "Tax Provision": 5201.0,
        "Pretax Income": -8931582.0,
        "Other Income Expense": -5725650.0,
        "Other Non Operating Income Expenses": -5725650.0,
        "Special Income Charges": 0.0,
        "Impairment Of Capital Assets": 0.0,
        "Net Non Operating Interest Income Expense": -157779.0,
        "Total Other Finance Cost": NaN,
        "Interest Expense Non Operating": NaN,
        "Operating Income": -3048153.0,
        "Operating Expense": 3289286.0,
        "Depreciation Amortization Depletion Income Statement": 1197005.0,
        "Depreciation And Amortization In Income Statement": 1197005.0,
        "Selling General And Administration": 2092281.0,
        "General And Administrative Expense": 2092281.0,
        "Other Gand A": 785106.0,
        "Salaries And Wages": 1307175.0,
        "Gross Profit": 241133.0,
        "Cost Of Revenue": 107683.0,
        "Total Revenue": 348816.0,
        "Operating Revenue": 348816.0
    },
    "2025-03-31": {
        "Tax Effect Of Unusual Items": 0.0,
        "Tax Rate For Calcs": 0.21,
        "Normalized EBITDA": -2453156.0,
        "Total Unusual Items": NaN,
        "Total Unusual Items Excluding Goodwill": NaN,
        "Net Income From Continuing Operation Net Minority Interest": -3295020.0,
        "Reconciled Depreciation": 1026826.0,
        "Reconciled Cost Of Revenue": 162468.0,
        "EBITDA": -2453156.0,
        "EBIT": -3479982.0,
        "Net Interest Income": 124541.0,
        "Interest Expense": NaN,
        "Normalized Income": -3295020.0,
        "Net Income From Continuing And Discontinued Operation": -3295020.0,
        "Total Expenses": 3703831.0,
        "Total Operating Income As Reported": -3479982.0,
        "Diluted Average Shares": 23990699.0,
        "Basic Average Shares": 23990699.0,
        "Diluted EPS": -0.14,
        "Basic EPS": -0.14,
        "Diluted NI Availto Com Stockholders": -3295020.0,
        "Net Income Common Stockholders": -3295020.0,
        "Net Income": -3295020.0,
        "Net Income Including Noncontrolling Interests": -3295020.0,
        "Net Income Continuous Operations": -3295020.0,
        "Tax Provision": 4150.0,
        "Pretax Income": -3290870.0,
        "Other Income Expense": 64571.0,
        "Other Non Operating Income Expenses": 64571.0,
        "Special Income Charges": NaN,
        "Impairment Of Capital Assets": NaN,
        "Net Non Operating Interest Income Expense": 124541.0,
        "Total Other Finance Cost": -124541.0,
        "Interest Expense Non Operating": NaN,
        "Operating Income": -3479982.0,
        "Operating Expense": 3541363.0,
        "Depreciation Amortization Depletion Income Statement": 1026826.0,
        "Depreciation And Amortization In Income Statement": 1026826.0,
        "Selling General And Administration": 2514537.0,
        "General And Administrative Expense": 2514537.0,
        "Other Gand A": 1827900.0,
        "Salaries And Wages": 686637.0,
        "Gross Profit": 61381.0,
        "Cost Of Revenue": 162468.0,
        "Total Revenue": 223849.0,
        "Operating Revenue": 223849.0
    }
}