{
    "2024-09-30": {
        "Tax Effect Of Unusual Items": 9964290.0,
        "Tax Rate For Calcs": 0.21,
        "Normalized EBITDA": 51401000.0,
        "Total Unusual Items": 47449000.0,
        "Total Unusual Items Excluding Goodwill": 47449000.0,
        "Net Income From Continuing Operation Net Minority Interest": 23095000.0,
        "Reconciled Depreciation": 36983000.0,
        "Reconciled Cost Of Revenue": 174194000.0,
        "EBITDA": 98850000.0,
        "EBIT": 61867000.0,
        "Net Interest Income": -48670000.0,
        "Interest Expense": 48670000.0,
        "Normalized Income": -14389710.0,
        "Net Income From Continuing And Discontinued Operation": 23095000.0,
        "Total Expenses": 245777000.0,
        "Total Operating Income As Reported": 12946000.0,
        "Diluted Average Shares": 154957384.0,
        "Basic Average Shares": 145766779.0,
        "Diluted EPS": 0.13,
        "Basic EPS": 0.13,
        "Diluted NI Availto Com Stockholders": 19588000.0,
        "Net Income Common Stockholders": 19588000.0,
        "Otherunder Preferred Stock Dividend": 1293000.0,
        "Preferred Stock Dividends": 2214000.0,
        "Net Income": 23095000.0,
        "Net Income Including Noncontrolling Interests": 23095000.0,
        "Net Income Continuous Operations": 23095000.0,
        "Tax Provision": -9898000.0,
        "Pretax Income": 13197000.0,
        "Other Income Expense": 47449000.0,
        "Other Non Operating Income Expenses": NaN,
        "Special Income Charges": 47449000.0,
        "Gain On Sale Of Ppe": NaN,
        "Other Special Charges": NaN,
        "Impairment Of Capital Assets": 1472000.0,
        "Restructuring And Mergern Acquisition": -48921000.0,
        "Net Non Operating Interest Income Expense": -48670000.0,
        "Interest Expense Non Operating": 48670000.0,
        "Operating Income": 14418000.0,
        "Operating Expense": 71583000.0,
        "Other Operating Expenses": -211000.0,
        "Depreciation Amortization Depletion Income Statement": 36983000.0,
        "Depreciation And Amortization In Income Statement": 36983000.0,
        "Selling General And Administration": 34811000.0,
        "Gross Profit": 86001000.0,
        "Cost Of Revenue": 174194000.0,
        "Total Revenue": 260195000.0,
        "Operating Revenue": 260195000.0
    },
    "2024-06-30": {
        "Tax Effect Of Unusual Items": NaN,
        "Tax Rate For Calcs": NaN,
        "Normalized EBITDA": NaN,
        "Total Unusual Items": NaN,
        "Total Unusual Items Excluding Goodwill": NaN,
        "Net Income From Continuing Operation Net Minority Interest": NaN,
        "Reconciled Depreciation": NaN,
        "Reconciled Cost Of Revenue": NaN,
        "EBITDA": NaN,
        "EBIT": NaN,
        "Net Interest Income": NaN,
        "Interest Expense": NaN,
        "Normalized Income": NaN,
        "Net Income From Continuing And Discontinued Operation": NaN,
        "Total Expenses": NaN,
        "Total Operating Income As Reported": NaN,
        "Diluted Average Shares": NaN,
        "Basic Average Shares": NaN,
        "Diluted EPS": NaN,
        "Basic EPS": NaN,
        "Diluted NI Availto Com Stockholders": NaN,
        "Net Income Common Stockholders": NaN,
        "Otherunder Preferred Stock Dividend": NaN,
        "Preferred Stock Dividends": NaN,
        "Net Income": NaN,
        "Net Income Including Noncontrolling Interests": NaN,
        "Net Income Continuous Operations": NaN,
        "Tax Provision": NaN,
        "Pretax Income": NaN,
        "Other Income Expense": NaN,
        "Other Non Operating Income Expenses": -10000.0,
        "Special Income Charges": NaN,
        "Gain On Sale Of Ppe": -571000.0,
        "Other Special Charges": NaN,
        "Impairment Of Capital Assets": NaN,
        "Restructuring And Mergern Acquisition": NaN,
        "Net Non Operating Interest Income Expense": NaN,
        "Interest Expense Non Operating": NaN,
        "Operating Income": NaN,
        "Operating Expense": NaN,
        "Other Operating Expenses": NaN,
        "Depreciation Amortization Depletion Income Statement": NaN,
        "Depreciation And Amortization In Income Statement": NaN,
        "Selling General And Administration": NaN,
        "Gross Profit": NaN,
        "Cost Of Revenue": NaN,
        "Total Revenue": NaN,
        "Operating Revenue": NaN
    },
    "2024-03-31": {
        "Tax Effect Of Unusual Items": NaN,
        "Tax Rate For Calcs": NaN,
        "Normalized EBITDA": NaN,
        "Total Unusual Items": NaN,
        "Total Unusual Items Excluding Goodwill": NaN,
        "Net Income From Continuing Operation Net Minority Interest": NaN,
        "Reconciled Depreciation": NaN,
        "Reconciled Cost Of Revenue": NaN,
        "EBITDA": NaN,
        "EBIT": NaN,
        "Net Interest Income": NaN,
        "Interest Expense": NaN,
        "Normalized Income": NaN,
        "Net Income From Continuing And Discontinued Operation": NaN,
        "Total Expenses": NaN,
        "Total Operating Income As Reported": NaN,
        "Diluted Average Shares": NaN,
        "Basic Average Shares": NaN,
        "Diluted EPS": NaN,
        "Basic EPS": NaN,
        "Diluted NI Availto Com Stockholders": NaN,
        "Net Income Common Stockholders": NaN,
        "Otherunder Preferred Stock Dividend": NaN,
        "Preferred Stock Dividends": NaN,
        "Net Income": NaN,
        "Net Income Including Noncontrolling Interests": NaN,
        "Net Income Continuous Operations": NaN,
        "Tax Provision": NaN,
        "Pretax Income": NaN,
        "Other Income Expense": NaN,
        "Other Non Operating Income Expenses": NaN,
        "Special Income Charges": NaN,
        "Gain On Sale Of Ppe": -657000.0,
        "Other Special Charges": -8868000.0,
        "Impairment Of Capital Assets": NaN,
        "Restructuring And Mergern Acquisition": NaN,
        "Net Non Operating Interest Income Expense": NaN,
        "Interest Expense Non Operating": NaN,
        "Operating Income": NaN,
        "Operating Expense": NaN,
        "Other Operating Expenses": NaN,
        "Depreciation Amortization Depletion Income Statement": NaN,
        "Depreciation And Amortization In Income Statement": NaN,
        "Selling General And Administration": NaN,
        "Gross Profit": NaN,
        "Cost Of Revenue": NaN,
        "Total Revenue": NaN,
        "Operating Revenue": NaN
    },
    "2023-12-31": {
        "Tax Effect Of Unusual Items": NaN,
        "Tax Rate For Calcs": NaN,
        "Normalized EBITDA": NaN,
        "Total Unusual Items": NaN,
        "Total Unusual Items Excluding Goodwill": NaN,
        "Net Income From Continuing Operation Net Minority Interest": NaN,
        "Reconciled Depreciation": NaN,
        "Reconciled Cost Of Revenue": NaN,
        "EBITDA": NaN,
        "EBIT": NaN,
        "Net Interest Income": NaN,
        "Interest Expense": NaN,
        "Normalized Income": NaN,
        "Net Income From Continuing And Discontinued Operation": NaN,
        "Total Expenses": NaN,
        "Total Operating Income As Reported": NaN,
        "Diluted Average Shares": NaN,
        "Basic Average Shares": NaN,
        "Diluted EPS": NaN,
        "Basic EPS": NaN,
        "Diluted NI Availto Com Stockholders": NaN,
        "Net Income Common Stockholders": NaN,
        "Otherunder Preferred Stock Dividend": NaN,
        "Preferred Stock Dividends": NaN,
        "Net Income": NaN,
        "Net Income Including Noncontrolling Interests": NaN,
        "Net Income Continuous Operations": NaN,
        "Tax Provision": NaN,
        "Pretax Income": NaN,
        "Other Income Expense": NaN,
        "Other Non Operating Income Expenses": NaN,
        "Special Income Charges": NaN,
        "Gain On Sale Of Ppe": -21000.0,
        "Other Special Charges": 64091000.0,
        "Impairment Of Capital Assets": NaN,
        "Restructuring And Mergern Acquisition": NaN,
        "Net Non Operating Interest Income Expense": NaN,
        "Interest Expense Non Operating": NaN,
        "Operating Income": NaN,
        "Operating Expense": NaN,
        "Other Operating Expenses": NaN,
        "Depreciation Amortization Depletion Income Statement": NaN,
        "Depreciation And Amortization In Income Statement": NaN,
        "Selling General And Administration": NaN,
        "Gross Profit": NaN,
        "Cost Of Revenue": NaN,
        "Total Revenue": NaN,
        "Operating Revenue": NaN
    },
    "2023-09-30": {
        "Tax Effect Of Unusual Items": NaN,
        "Tax Rate For Calcs": NaN,
        "Normalized EBITDA": NaN,
        "Total Unusual Items": NaN,
        "Total Unusual Items Excluding Goodwill": NaN,
        "Net Income From Continuing Operation Net Minority Interest": NaN,
        "Reconciled Depreciation": NaN,
        "Reconciled Cost Of Revenue": NaN,
        "EBITDA": NaN,
        "EBIT": NaN,
        "Net Interest Income": NaN,
        "Interest Expense": NaN,
        "Normalized Income": NaN,
        "Net Income From Continuing And Discontinued Operation": NaN,
        "Total Expenses": NaN,
        "Total Operating Income As Reported": NaN,
        "Diluted Average Shares": NaN,
        "Basic Average Shares": NaN,
        "Diluted EPS": NaN,
        "Basic EPS": NaN,
        "Diluted NI Availto Com Stockholders": NaN,
        "Net Income Common Stockholders": NaN,
        "Otherunder Preferred Stock Dividend": NaN,
        "Preferred Stock Dividends": NaN,
        "Net Income": NaN,
        "Net Income Including Noncontrolling Interests": NaN,
        "Net Income Continuous Operations": NaN,
        "Tax Provision": NaN,
        "Pretax Income": NaN,
        "Other Income Expense": NaN,
        "Other Non Operating Income Expenses": NaN,
        "Special Income Charges": NaN,
        "Gain On Sale Of Ppe": 27000.0,
        "Other Special Charges": -40682000.0,
        "Impairment Of Capital Assets": NaN,
        "Restructuring And Mergern Acquisition": NaN,
        "Gain On Sale Of Security": 40682000.0,
        "Net Non Operating Interest Income Expense": NaN,
        "Interest Expense Non Operating": NaN,
        "Operating Income": NaN,
        "Operating Expense": NaN,
        "Other Operating Expenses": NaN,
        "Depreciation Amortization Depletion Income Statement": NaN,
        "Depreciation And Amortization In Income Statement": NaN,
        "Selling General And Administration": NaN,
        "Gross Profit": NaN,
        "Cost Of Revenue": NaN,
        "Total Revenue": NaN,
        "Operating Revenue": NaN
    },
    "2023-06-30": {
        "Tax Effect Of Unusual Items": NaN,
        "Tax Rate For Calcs": NaN,
        "Normalized EBITDA": NaN,
        "Total Unusual Items": NaN,
        "Total Unusual Items Excluding Goodwill": NaN,
        "Net Income From Continuing Operation Net Minority Interest": NaN,
        "Reconciled Depreciation": NaN,
        "Reconciled Cost Of Revenue": NaN,
        "EBITDA": NaN,
        "EBIT": NaN,
        "Net Interest Income": NaN,
        "Interest Expense": NaN,
        "Normalized Income": NaN,
        "Net Income From Continuing And Discontinued Operation": NaN,
        "Total Expenses": NaN,
        "Total Operating Income As Reported": NaN,
        "Diluted Average Shares": NaN,
        "Basic Average Shares": NaN,
        "Diluted EPS": NaN,
        "Basic EPS": NaN,
        "Diluted NI Availto Com Stockholders": NaN,
        "Net Income Common Stockholders": NaN,
        "Otherunder Preferred Stock Dividend": NaN,
        "Preferred Stock Dividends": NaN,
        "Net Income": NaN,
        "Net Income Including Noncontrolling Interests": NaN,
        "Net Income Continuous Operations": NaN,
        "Tax Provision": NaN,
        "Pretax Income": NaN,
        "Other Income Expense": NaN,
        "Other Non Operating Income Expenses": NaN,
        "Special Income Charges": NaN,
        "Gain On Sale Of Ppe": 70000.0,
        "Other Special Charges": -73406000.0,
        "Impairment Of Capital Assets": NaN,
        "Restructuring And Mergern Acquisition": NaN,
        "Gain On Sale Of Security": 73406000.0,
        "Net Non Operating Interest Income Expense": NaN,
        "Interest Expense Non Operating": NaN,
        "Operating Income": NaN,
        "Operating Expense": NaN,
        "Other Operating Expenses": NaN,
        "Depreciation Amortization Depletion Income Statement": NaN,
        "Depreciation And Amortization In Income Statement": NaN,
        "Selling General And Administration": NaN,
        "Gross Profit": NaN,
        "Cost Of Revenue": NaN,
        "Total Revenue": NaN,
        "Operating Revenue": NaN
    },
    "2023-03-31": {
        "Tax Effect Of Unusual Items": NaN,
        "Tax Rate For Calcs": NaN,
        "Normalized EBITDA": NaN,
        "Total Unusual Items": NaN,
        "Total Unusual Items Excluding Goodwill": NaN,
        "Net Income From Continuing Operation Net Minority Interest": NaN,
        "Reconciled Depreciation": NaN,
        "Reconciled Cost Of Revenue": NaN,
        "EBITDA": NaN,
        "EBIT": NaN,
        "Net Interest Income": NaN,
        "Interest Expense": NaN,
        "Normalized Income": NaN,
        "Net Income From Continuing And Discontinued Operation": NaN,
        "Total Expenses": NaN,
        "Total Operating Income As Reported": NaN,
        "Diluted Average Shares": NaN,
        "Basic Average Shares": NaN,
        "Diluted EPS": NaN,
        "Basic EPS": NaN,
        "Diluted NI Availto Com Stockholders": NaN,
        "Net Income Common Stockholders": NaN,
        "Otherunder Preferred Stock Dividend": 0.0,
        "Preferred Stock Dividends": NaN,
        "Net Income": NaN,
        "Net Income Including Noncontrolling Interests": NaN,
        "Net Income Continuous Operations": NaN,
        "Tax Provision": NaN,
        "Pretax Income": NaN,
        "Other Income Expense": NaN,
        "Other Non Operating Income Expenses": NaN,
        "Special Income Charges": NaN,
        "Gain On Sale Of Ppe": NaN,
        "Other Special Charges": 87222000.0,
        "Impairment Of Capital Assets": NaN,
        "Restructuring And Mergern Acquisition": NaN,
        "Gain On Sale Of Security": -87222000.0,
        "Net Non Operating Interest Income Expense": NaN,
        "Interest Expense Non Operating": NaN,
        "Operating Income": NaN,
        "Operating Expense": NaN,
        "Other Operating Expenses": NaN,
        "Depreciation Amortization Depletion Income Statement": NaN,
        "Depreciation And Amortization In Income Statement": NaN,
        "Selling General And Administration": NaN,
        "Gross Profit": NaN,
        "Cost Of Revenue": NaN,
        "Total Revenue": NaN,
        "Operating Revenue": NaN
    },
    "2024-12-31": {
        "Tax Effect Of Unusual Items": 3592470.0,
        "Tax Rate For Calcs": 0.21,
        "Normalized EBITDA": 87766000.0,
        "Total Unusual Items": 17107000.0,
        "Total Unusual Items Excluding Goodwill": 17107000.0,
        "Net Income From Continuing Operation Net Minority Interest": 28307000.0,
        "Reconciled Depreciation": 39118000.0,
        "Reconciled Cost Of Revenue": 176795000.0,
        "EBITDA": 104873000.0,
        "EBIT": 65755000.0,
        "Net Interest Income": -48795000.0,
        "Interest Expense": 48795000.0,
        "Normalized Income": 14792470.0,
        "Net Income From Continuing And Discontinued Operation": 28307000.0,
        "Total Expenses": 250626000.0,
        "Total Operating Income As Reported": 46873000.0,
        "Diluted Average Shares": 152957223.0,
        "Basic Average Shares": 143939878.0,
        "Diluted EPS": 0.16,
        "Basic EPS": 0.17,
        "Diluted NI Availto Com Stockholders": 24427000.0,
        "Net Income Common Stockholders": 24427000.0,
        "Otherunder Preferred Stock Dividend": 1640000.0,
        "Preferred Stock Dividends": 2240000.0,
        "Net Income": 28307000.0,
        "Net Income Including Noncontrolling Interests": 28307000.0,
        "Net Income Continuous Operations": 28307000.0,
        "Tax Provision": -11347000.0,
        "Pretax Income": 16960000.0,
        "Other Income Expense": 16307000.0,
        "Other Non Operating Income Expenses": -800000.0,
        "Special Income Charges": 17107000.0,
        "Gain On Sale Of Ppe": NaN,
        "Other Special Charges": NaN,
        "Impairment Of Capital Assets": 2575000.0,
        "Restructuring And Mergern Acquisition": -19682000.0,
        "Net Non Operating Interest Income Expense": -48795000.0,
        "Interest Expense Non Operating": 48795000.0,
        "Operating Income": 49448000.0,
        "Operating Expense": 73831000.0,
        "Other Operating Expenses": 329000.0,
        "Depreciation Amortization Depletion Income Statement": 39118000.0,
        "Depreciation And Amortization In Income Statement": 39118000.0,
        "Selling General And Administration": 34384000.0,
        "Gross Profit": 123279000.0,
        "Cost Of Revenue": 176795000.0,
        "Total Revenue": 300074000.0,
        "Operating Revenue": 300074000.0
    },
    "2025-03-31": {
        "Tax Effect Of Unusual Items": 3829980.0,
        "Tax Rate For Calcs": 0.21,
        "Normalized EBITDA": 103141000.0,
        "Total Unusual Items": 18238000.0,
        "Total Unusual Items Excluding Goodwill": 18238000.0,
        "Net Income From Continuing Operation Net Minority Interest": 13292000.0,
        "Reconciled Depreciation": 40325000.0,
        "Reconciled Cost Of Revenue": 195812000.0,
        "EBITDA": 121379000.0,
        "EBIT": 81054000.0,
        "Net Interest Income": -49414000.0,
        "Interest Expense": 49414000.0,
        "Normalized Income": -1116020.0,
        "Net Income From Continuing And Discontinued Operation": 13292000.0,
        "Total Expenses": 277049000.0,
        "Total Operating Income As Reported": 62185000.0,
        "Diluted Average Shares": 141021614.0,
        "Basic Average Shares": 141021614.0,
        "Diluted EPS": 0.094255,
        "Basic EPS": 0.094255,
        "Diluted NI Availto Com Stockholders": 10267000.0,
        "Net Income Common Stockholders": 10267000.0,
        "Otherunder Preferred Stock Dividend": 712000.0,
        "Preferred Stock Dividends": 2313000.0,
        "Net Income": 13292000.0,
        "Net Income Including Noncontrolling Interests": 13292000.0,
        "Net Income Continuous Operations": 13292000.0,
        "Tax Provision": 18348000.0,
        "Pretax Income": 31640000.0,
        "Other Income Expense": 18221000.0,
        "Other Non Operating Income Expenses": -17000.0,
        "Special Income Charges": 18238000.0,
        "Gain On Sale Of Ppe": NaN,
        "Other Special Charges": NaN,
        "Impairment Of Capital Assets": 648000.0,
        "Restructuring And Mergern Acquisition": -18886000.0,
        "Net Non Operating Interest Income Expense": -49414000.0,
        "Interest Expense Non Operating": 49414000.0,
        "Operating Income": 62833000.0,
        "Operating Expense": 81237000.0,
        "Other Operating Expenses": -330000.0,
        "Depreciation Amortization Depletion Income Statement": 40325000.0,
        "Depreciation And Amortization In Income Statement": 40325000.0,
        "Selling General And Administration": 41242000.0,
        "Gross Profit": 144070000.0,
        "Cost Of Revenue": 195812000.0,
        "Total Revenue": 339882000.0,
        "Operating Revenue": 339882000.0
    },
    "2025-06-30": {
        "Tax Effect Of Unusual Items": 1634850.0,
        "Tax Rate For Calcs": 0.21,
        "Normalized EBITDA": 61819000.0,
        "Total Unusual Items": 7785000.0,
        "Total Unusual Items Excluding Goodwill": 7785000.0,
        "Net Income From Continuing Operation Net Minority Interest": -74716000.0,
        "Reconciled Depreciation": 40426000.0,
        "Reconciled Cost Of Revenue": 207456000.0,
        "EBITDA": 69604000.0,
        "EBIT": 29178000.0,
        "Net Interest Income": -49492000.0,
        "Interest Expense": 49492000.0,
        "Normalized Income": -80866150.0,
        "Net Income From Continuing And Discontinued Operation": -74716000.0,
        "Total Expenses": 279789000.0,
        "Total Operating Income As Reported": 15183000.0,
        "Diluted Average Shares": 140203747.0,
        "Basic Average Shares": 140203747.0,
        "Diluted EPS": -0.53291,
        "Basic EPS": -0.53291,
        "Diluted NI Availto Com Stockholders": -73335000.0,
        "Net Income Common Stockholders": -73335000.0,
        "Otherunder Preferred Stock Dividend": -3662000.0,
        "Preferred Stock Dividends": 2281000.0,
        "Net Income": -74716000.0,
        "Net Income Including Noncontrolling Interests": -74716000.0,
        "Net Income Continuous Operations": -74716000.0,
        "Tax Provision": 54402000.0,
        "Pretax Income": -20314000.0,
        "Other Income Expense": 7785000.0,
        "Other Non Operating Income Expenses": 0.0,
        "Special Income Charges": 7785000.0,
        "Gain On Sale Of Ppe": NaN,
        "Other Special Charges": NaN,
        "Impairment Of Capital Assets": 6210000.0,
        "Restructuring And Mergern Acquisition": -13995000.0,
        "Net Non Operating Interest Income Expense": -49492000.0,
        "Interest Expense Non Operating": 49492000.0,
        "Operating Income": 21393000.0,
        "Operating Expense": 72333000.0,
        "Other Operating Expenses": -829000.0,
        "Depreciation Amortization Depletion Income Statement": 40426000.0,
        "Depreciation And Amortization In Income Statement": 40426000.0,
        "Selling General And Administration": 32736000.0,
        "Gross Profit": 93726000.0,
        "Cost Of Revenue": 207456000.0,
        "Total Revenue": 301182000.0,
        "Operating Revenue": 301182000.0
    },
    "2025-09-30": {
        "Tax Effect Of Unusual Items": 451920.0,
        "Tax Rate For Calcs": 0.21,
        "Normalized EBITDA": 57885000.0,
        "Total Unusual Items": 2152000.0,
        "Total Unusual Items Excluding Goodwill": 2152000.0,
        "Net Income From Continuing Operation Net Minority Interest": -13798000.0,
        "Reconciled Depreciation": 33195000.0,
        "Reconciled Cost Of Revenue": 195005000.0,
        "EBITDA": 60037000.0,
        "EBIT": 26842000.0,
        "Net Interest Income": -53397000.0,
        "Interest Expense": 53397000.0,
        "Normalized Income": -15498080.0,
        "Net Income From Continuing And Discontinued Operation": -13798000.0,
        "Total Expenses": 262657000.0,
        "Total Operating Income As Reported": 28246000.0,
        "Diluted Average Shares": 138546333.0,
        "Basic Average Shares": 138546333.0,
        "Diluted EPS": -0.12,
        "Basic EPS": -0.12,
        "Diluted NI Availto Com Stockholders": -16154000.0,
        "Net Income Common Stockholders": -16154000.0,
        "Otherunder Preferred Stock Dividend": 0.0,
        "Preferred Stock Dividends": 2356000.0,
        "Net Income": -13798000.0,
        "Net Income Including Noncontrolling Interests": -13798000.0,
        "Net Income Continuous Operations": -13798000.0,
        "Tax Provision": -12757000.0,
        "Pretax Income": -26555000.0,
        "Other Income Expense": -2779000.0,
        "Other Non Operating Income Expenses": -4931000.0,
        "Special Income Charges": 2152000.0,
        "Gain On Sale Of Ppe": NaN,
        "Other Special Charges": NaN,
        "Impairment Of Capital Assets": 1375000.0,
        "Restructuring And Mergern Acquisition": -3527000.0,
        "Net Non Operating Interest Income Expense": -53397000.0,
        "Interest Expense Non Operating": 53397000.0,
        "Operating Income": 29621000.0,
        "Operating Expense": 67652000.0,
        "Other Operating Expenses": -888000.0,
        "Depreciation Amortization Depletion Income Statement": 33195000.0,
        "Depreciation And Amortization In Income Statement": 33195000.0,
        "Selling General And Administration": 35345000.0,
        "Gross Profit": 97273000.0,
        "Cost Of Revenue": 195005000.0,
        "Total Revenue": 292278000.0,
        "Operating Revenue": 292278000.0
    }
}