{
    "2023-03-31": {
        "Tax Effect Of Unusual Items": NaN,
        "Tax Rate For Calcs": NaN,
        "Normalized EBITDA": NaN,
        "Total Unusual Items": NaN,
        "Total Unusual Items Excluding Goodwill": NaN,
        "Net Income From Continuing Operation Net Minority Interest": NaN,
        "Reconciled Depreciation": NaN,
        "Reconciled Cost Of Revenue": NaN,
        "EBITDA": NaN,
        "EBIT": NaN,
        "Net Interest Income": NaN,
        "Interest Expense": NaN,
        "Interest Income": 13000000.0,
        "Normalized Income": NaN,
        "Net Income From Continuing And Discontinued Operation": NaN,
        "Total Expenses": NaN,
        "Total Operating Income As Reported": NaN,
        "Diluted Average Shares": NaN,
        "Basic Average Shares": NaN,
        "Diluted EPS": NaN,
        "Basic EPS": NaN,
        "Diluted NI Availto Com Stockholders": NaN,
        "Net Income Common Stockholders": NaN,
        "Net Income": NaN,
        "Net Income Including Noncontrolling Interests": NaN,
        "Net Income Continuous Operations": NaN,
        "Tax Provision": NaN,
        "Pretax Income": NaN,
        "Other Income Expense": NaN,
        "Other Non Operating Income Expenses": NaN,
        "Special Income Charges": NaN,
        "Gain On Sale Of Ppe": -77000000.0,
        "Gain On Sale Of Business": NaN,
        "Other Special Charges": NaN,
        "Impairment Of Capital Assets": NaN,
        "Gain On Sale Of Security": NaN,
        "Net Non Operating Interest Income Expense": NaN,
        "Interest Expense Non Operating": NaN,
        "Interest Income Non Operating": 13000000.0,
        "Operating Income": NaN,
        "Operating Expense": NaN,
        "Depreciation Amortization Depletion Income Statement": NaN,
        "Depreciation And Amortization In Income Statement": NaN,
        "Amortization": NaN,
        "Amortization Of Intangibles Income Statement": NaN,
        "Depreciation Income Statement": NaN,
        "Selling General And Administration": NaN,
        "General And Administrative Expense": NaN,
        "Other Gand A": NaN,
        "Salaries And Wages": NaN,
        "Gross Profit": NaN,
        "Cost Of Revenue": NaN,
        "Total Revenue": NaN,
        "Operating Revenue": NaN
    },
    "2022-12-31": {
        "Tax Effect Of Unusual Items": NaN,
        "Tax Rate For Calcs": NaN,
        "Normalized EBITDA": NaN,
        "Total Unusual Items": NaN,
        "Total Unusual Items Excluding Goodwill": NaN,
        "Net Income From Continuing Operation Net Minority Interest": NaN,
        "Reconciled Depreciation": NaN,
        "Reconciled Cost Of Revenue": NaN,
        "EBITDA": NaN,
        "EBIT": NaN,
        "Net Interest Income": NaN,
        "Interest Expense": NaN,
        "Interest Income": NaN,
        "Normalized Income": NaN,
        "Net Income From Continuing And Discontinued Operation": NaN,
        "Total Expenses": NaN,
        "Total Operating Income As Reported": NaN,
        "Diluted Average Shares": NaN,
        "Basic Average Shares": NaN,
        "Diluted EPS": NaN,
        "Basic EPS": NaN,
        "Diluted NI Availto Com Stockholders": NaN,
        "Net Income Common Stockholders": NaN,
        "Net Income": NaN,
        "Net Income Including Noncontrolling Interests": NaN,
        "Net Income Continuous Operations": NaN,
        "Tax Provision": NaN,
        "Pretax Income": NaN,
        "Other Income Expense": NaN,
        "Other Non Operating Income Expenses": NaN,
        "Special Income Charges": NaN,
        "Gain On Sale Of Ppe": NaN,
        "Gain On Sale Of Business": NaN,
        "Other Special Charges": -205000000.0,
        "Impairment Of Capital Assets": NaN,
        "Gain On Sale Of Security": NaN,
        "Net Non Operating Interest Income Expense": NaN,
        "Interest Expense Non Operating": NaN,
        "Interest Income Non Operating": NaN,
        "Operating Income": NaN,
        "Operating Expense": NaN,
        "Depreciation Amortization Depletion Income Statement": NaN,
        "Depreciation And Amortization In Income Statement": NaN,
        "Amortization": NaN,
        "Amortization Of Intangibles Income Statement": NaN,
        "Depreciation Income Statement": NaN,
        "Selling General And Administration": NaN,
        "General And Administrative Expense": NaN,
        "Other Gand A": NaN,
        "Salaries And Wages": NaN,
        "Gross Profit": NaN,
        "Cost Of Revenue": NaN,
        "Total Revenue": NaN,
        "Operating Revenue": NaN
    },
    "2022-09-30": {
        "Tax Effect Of Unusual Items": NaN,
        "Tax Rate For Calcs": NaN,
        "Normalized EBITDA": NaN,
        "Total Unusual Items": NaN,
        "Total Unusual Items Excluding Goodwill": NaN,
        "Net Income From Continuing Operation Net Minority Interest": NaN,
        "Reconciled Depreciation": NaN,
        "Reconciled Cost Of Revenue": NaN,
        "EBITDA": NaN,
        "EBIT": NaN,
        "Net Interest Income": NaN,
        "Interest Expense": NaN,
        "Interest Income": NaN,
        "Normalized Income": NaN,
        "Net Income From Continuing And Discontinued Operation": NaN,
        "Total Expenses": NaN,
        "Total Operating Income As Reported": NaN,
        "Diluted Average Shares": NaN,
        "Basic Average Shares": NaN,
        "Diluted EPS": NaN,
        "Basic EPS": NaN,
        "Diluted NI Availto Com Stockholders": NaN,
        "Net Income Common Stockholders": NaN,
        "Net Income": NaN,
        "Net Income Including Noncontrolling Interests": NaN,
        "Net Income Continuous Operations": NaN,
        "Tax Provision": NaN,
        "Pretax Income": NaN,
        "Other Income Expense": NaN,
        "Other Non Operating Income Expenses": NaN,
        "Special Income Charges": NaN,
        "Gain On Sale Of Ppe": 0.0,
        "Gain On Sale Of Business": NaN,
        "Other Special Charges": NaN,
        "Impairment Of Capital Assets": 0.0,
        "Gain On Sale Of Security": NaN,
        "Net Non Operating Interest Income Expense": NaN,
        "Interest Expense Non Operating": NaN,
        "Interest Income Non Operating": NaN,
        "Operating Income": NaN,
        "Operating Expense": NaN,
        "Depreciation Amortization Depletion Income Statement": NaN,
        "Depreciation And Amortization In Income Statement": NaN,
        "Amortization": NaN,
        "Amortization Of Intangibles Income Statement": NaN,
        "Depreciation Income Statement": NaN,
        "Selling General And Administration": NaN,
        "General And Administrative Expense": NaN,
        "Other Gand A": NaN,
        "Salaries And Wages": NaN,
        "Gross Profit": NaN,
        "Cost Of Revenue": NaN,
        "Total Revenue": NaN,
        "Operating Revenue": NaN
    },
    "2022-06-30": {
        "Tax Effect Of Unusual Items": -36873000.0,
        "Tax Rate For Calcs": 0.241,
        "Normalized EBITDA": 1770000000.0,
        "Total Unusual Items": -153000000.0,
        "Total Unusual Items Excluding Goodwill": -153000000.0,
        "Net Income From Continuing Operation Net Minority Interest": 344000000.0,
        "Reconciled Depreciation": 827000000.0,
        "Reconciled Cost Of Revenue": 2058000000.0,
        "EBITDA": 1617000000.0,
        "EBIT": 790000000.0,
        "Net Interest Income": -337000000.0,
        "Interest Expense": 337000000.0,
        "Normalized Income": 460127000.0,
        "Net Income From Continuing And Discontinued Operation": 344000000.0,
        "Total Expenses": 3700000000.0,
        "Total Operating Income As Reported": 912000000.0,
        "Diluted Average Shares": 1016620000.0,
        "Basic Average Shares": 1012943000.0,
        "Diluted EPS": 0.34,
        "Basic EPS": 0.34,
        "Diluted NI Availto Com Stockholders": 344000000.0,
        "Net Income Common Stockholders": 344000000.0,
        "Net Income": 344000000.0,
        "Net Income Including Noncontrolling Interests": 344000000.0,
        "Net Income Continuous Operations": 344000000.0,
        "Tax Provision": 109000000.0,
        "Pretax Income": 453000000.0,
        "Other Income Expense": -122000000.0,
        "Other Non Operating Income Expenses": 31000000.0,
        "Special Income Charges": NaN,
        "Gain On Sale Of Ppe": NaN,
        "Gain On Sale Of Business": NaN,
        "Other Special Charges": NaN,
        "Impairment Of Capital Assets": NaN,
        "Gain On Sale Of Security": -153000000.0,
        "Net Non Operating Interest Income Expense": -337000000.0,
        "Interest Expense Non Operating": 337000000.0,
        "Operating Income": 912000000.0,
        "Operating Expense": 1642000000.0,
        "Depreciation Amortization Depletion Income Statement": 827000000.0,
        "Depreciation And Amortization In Income Statement": 827000000.0,
        "Amortization": 277000000.0,
        "Amortization Of Intangibles Income Statement": 277000000.0,
        "Depreciation Income Statement": 550000000.0,
        "Selling General And Administration": 815000000.0,
        "Gross Profit": 2554000000.0,
        "Cost Of Revenue": 2058000000.0,
        "Total Revenue": 4612000000.0,
        "Operating Revenue": 4612000000.0
    },
    "2023-06-30": {
        "Tax Effect Of Unusual Items": NaN,
        "Tax Rate For Calcs": NaN,
        "Normalized EBITDA": NaN,
        "Total Unusual Items": NaN,
        "Total Unusual Items Excluding Goodwill": NaN,
        "Net Income From Continuing Operation Net Minority Interest": NaN,
        "Reconciled Depreciation": NaN,
        "Reconciled Cost Of Revenue": NaN,
        "EBITDA": NaN,
        "EBIT": NaN,
        "Net Interest Income": NaN,
        "Interest Expense": NaN,
        "Interest Income": NaN,
        "Normalized Income": NaN,
        "Net Income From Continuing And Discontinued Operation": NaN,
        "Total Expenses": NaN,
        "Total Operating Income As Reported": NaN,
        "Diluted Average Shares": NaN,
        "Basic Average Shares": NaN,
        "Diluted EPS": NaN,
        "Basic EPS": NaN,
        "Diluted NI Availto Com Stockholders": NaN,
        "Net Income Common Stockholders": NaN,
        "Net Income": NaN,
        "Net Income Including Noncontrolling Interests": NaN,
        "Net Income Continuous Operations": NaN,
        "Tax Provision": NaN,
        "Pretax Income": NaN,
        "Other Income Expense": NaN,
        "Other Non Operating Income Expenses": NaN,
        "Special Income Charges": NaN,
        "Gain On Sale Of Ppe": -13000000.0,
        "Gain On Sale Of Business": NaN,
        "Other Special Charges": NaN,
        "Impairment Of Capital Assets": NaN,
        "Gain On Sale Of Security": NaN,
        "Net Non Operating Interest Income Expense": NaN,
        "Interest Expense Non Operating": NaN,
        "Interest Income Non Operating": NaN,
        "Operating Income": NaN,
        "Operating Expense": NaN,
        "Depreciation Amortization Depletion Income Statement": NaN,
        "Depreciation And Amortization In Income Statement": NaN,
        "Amortization": NaN,
        "Amortization Of Intangibles Income Statement": NaN,
        "Depreciation Income Statement": NaN,
        "Selling General And Administration": NaN,
        "General And Administrative Expense": NaN,
        "Other Gand A": NaN,
        "Salaries And Wages": NaN,
        "Gross Profit": NaN,
        "Cost Of Revenue": NaN,
        "Total Revenue": NaN,
        "Operating Revenue": NaN
    },
    "2022-03-31": {
        "Diluted EPS": 0.59,
        "Total Revenue": NaN,
        "Gross Profit": NaN,
        "Operating Income": NaN,
        "EBIT": NaN,
        "Net Income": 599
    },
    "2021-12-31": {
        "Diluted EPS": 0.5,
        "Total Revenue": NaN,
        "Gross Profit": NaN,
        "Operating Income": NaN,
        "EBIT": NaN,
        "Net Income": 508
    },
    "2021-09-30": {
        "Diluted EPS": 0.51,
        "Total Revenue": NaN,
        "Gross Profit": NaN,
        "Operating Income": NaN,
        "EBIT": NaN,
        "Net Income": 544
    },
    "2021-06-30": {
        "Diluted EPS": 0.46,
        "Total Revenue": NaN,
        "Gross Profit": NaN,
        "Operating Income": NaN,
        "EBIT": NaN,
        "Net Income": 506
    },
    "2021-03-31": {
        "Diluted EPS": 0.44,
        "Total Revenue": NaN,
        "Gross Profit": NaN,
        "Operating Income": 987,
        "EBIT": NaN,
        "Net Income": 475
    },
    "2020-12-31": {
        "Diluted EPS": -2.12,
        "Total Revenue": NaN,
        "Gross Profit": NaN,
        "Operating Income": NaN,
        "EBIT": -614,
        "Net Income": NaN
    },
    "2020-09-30": {
        "Diluted EPS": 0.34,
        "Total Revenue": NaN,
        "Gross Profit": NaN,
        "Operating Income": 888,
        "EBIT": NaN,
        "Net Income": 366
    },
    "2020-06-30": {
        "Diluted EPS": 0.35,
        "Total Revenue": NaN,
        "Gross Profit": NaN,
        "Operating Income": 903,
        "EBIT": NaN,
        "Net Income": 377
    },
    "2020-03-31": {
        "Diluted EPS": 0.29,
        "Total Revenue": NaN,
        "Gross Profit": NaN,
        "Operating Income": 980,
        "EBIT": NaN,
        "Net Income": 314
    },
    "2019-12-31": {
        "Diluted EPS": 0.22,
        "Total Revenue": NaN,
        "Gross Profit": NaN,
        "Operating Income": 847,
        "EBIT": NaN,
        "Net Income": 223
    },
    "2019-09-30": {
        "Diluted EPS": 0.28,
        "Total Revenue": NaN,
        "Gross Profit": NaN,
        "Operating Income": 950,
        "EBIT": NaN,
        "Net Income": 302
    },
    "2019-06-30": {
        "Diluted EPS": 0.35,
        "Total Revenue": NaN,
        "Gross Profit": NaN,
        "Operating Income": 976,
        "EBIT": NaN,
        "Net Income": 371
    },
    "2019-03-31": {
        "Diluted EPS": -5.77,
        "Total Revenue": NaN,
        "Gross Profit": NaN,
        "Operating Income": NaN,
        "EBIT": NaN,
        "Net Income": NaN
    },
    "2018-12-31": {
        "Diluted EPS": -2.26,
        "Total Revenue": NaN,
        "Gross Profit": NaN,
        "Operating Income": NaN,
        "EBIT": -579,
        "Net Income": NaN
    },
    "2018-09-30": {
        "Diluted EPS": 0.25,
        "Total Revenue": NaN,
        "Gross Profit": NaN,
        "Operating Income": 894,
        "EBIT": NaN,
        "Net Income": 272
    },
    "2018-06-30": {
        "Diluted EPS": 0.27,
        "Total Revenue": NaN,
        "Gross Profit": NaN,
        "Operating Income": 767,
        "EBIT": NaN,
        "Net Income": 292
    },
    "2018-03-31": {
        "Diluted EPS": 0.11,
        "Total Revenue": NaN,
        "Gross Profit": NaN,
        "Operating Income": 750,
        "EBIT": NaN,
        "Net Income": 115
    },
    "2017-12-31": {
        "Diluted EPS": 1.71,
        "Total Revenue": NaN,
        "Gross Profit": NaN,
        "Operating Income": 524,
        "EBIT": NaN,
        "Net Income": NaN
    },
    "2017-09-30": {
        "Diluted EPS": 0.17,
        "Total Revenue": NaN,
        "Gross Profit": NaN,
        "Operating Income": 487,
        "EBIT": NaN,
        "Net Income": 92
    },
    "2017-06-30": {
        "Diluted EPS": 0.03,
        "Total Revenue": NaN,
        "Gross Profit": NaN,
        "Operating Income": 367,
        "EBIT": NaN,
        "Net Income": 17
    },
    "2017-03-31": {
        "Diluted EPS": 0.3,
        "Total Revenue": NaN,
        "Gross Profit": NaN,
        "Operating Income": 631,
        "EBIT": NaN,
        "Net Income": 163
    },
    "2016-12-31": {
        "Diluted EPS": 0.08,
        "Total Revenue": NaN,
        "Gross Profit": NaN,
        "Operating Income": 405,
        "EBIT": NaN,
        "Net Income": 42
    },
    "2016-09-30": {
        "Diluted EPS": 0.28,
        "Total Revenue": NaN,
        "Gross Profit": NaN,
        "Operating Income": 593,
        "EBIT": NaN,
        "Net Income": 152
    },
    "2016-06-30": {
        "Diluted EPS": 0.36,
        "Total Revenue": NaN,
        "Gross Profit": NaN,
        "Operating Income": 647,
        "EBIT": NaN,
        "Net Income": 196
    },
    "2016-03-31": {
        "Diluted EPS": 0.44,
        "Total Revenue": NaN,
        "Gross Profit": NaN,
        "Operating Income": 688,
        "EBIT": NaN,
        "Net Income": 236
    },
    "2015-12-31": {
        "Diluted EPS": 0.61,
        "Total Revenue": NaN,
        "Gross Profit": NaN,
        "Operating Income": 725,
        "EBIT": NaN,
        "Net Income": 338
    },
    "2015-09-30": {
        "Diluted EPS": 0.37,
        "Total Revenue": NaN,
        "Gross Profit": NaN,
        "Operating Income": 656,
        "EBIT": NaN,
        "Net Income": 205
    },
    "2015-06-30": {
        "Diluted EPS": 0.26,
        "Total Revenue": NaN,
        "Gross Profit": NaN,
        "Operating Income": 549,
        "EBIT": NaN,
        "Net Income": 143
    },
    "2015-03-31": {
        "Diluted EPS": 0.34,
        "Total Revenue": NaN,
        "Gross Profit": NaN,
        "Operating Income": 649,
        "EBIT": NaN,
        "Net Income": 192
    },
    "2014-12-31": {
        "Diluted EPS": 0.34,
        "Total Revenue": NaN,
        "Gross Profit": NaN,
        "Operating Income": 483,
        "EBIT": NaN,
        "Net Income": 188
    },
    "2014-09-30": {
        "Diluted EPS": 0.33,
        "Total Revenue": NaN,
        "Gross Profit": NaN,
        "Operating Income": 619,
        "EBIT": NaN,
        "Net Income": 188
    },
    "2014-06-30": {
        "Diluted EPS": 0.34,
        "Total Revenue": NaN,
        "Gross Profit": NaN,
        "Operating Income": 655,
        "EBIT": NaN,
        "Net Income": 193
    },
    "2014-03-31": {
        "Diluted EPS": 0.35,
        "Total Revenue": NaN,
        "Gross Profit": NaN,
        "Operating Income": 653,
        "EBIT": NaN,
        "Net Income": 203
    },
    "2013-12-31": {
        "Diluted EPS": 0.44,
        "Total Revenue": NaN,
        "Gross Profit": NaN,
        "Operating Income": 641,
        "EBIT": NaN,
        "Net Income": 239
    },
    "2013-09-30": {
        "Diluted EPS": -1.76,
        "Total Revenue": NaN,
        "Gross Profit": NaN,
        "Operating Income": -685,
        "EBIT": 437,
        "Net Income": NaN
    },
    "2013-06-30": {
        "Diluted EPS": 0.44,
        "Total Revenue": NaN,
        "Gross Profit": NaN,
        "Operating Income": 715,
        "EBIT": NaN,
        "Net Income": 269
    },
    "2013-03-31": {
        "Diluted EPS": 0.48,
        "Total Revenue": NaN,
        "Gross Profit": NaN,
        "Operating Income": 782,
        "EBIT": NaN,
        "Net Income": 298
    },
    "2012-12-31": {
        "Diluted EPS": 0.38,
        "Total Revenue": NaN,
        "Gross Profit": NaN,
        "Operating Income": 666,
        "EBIT": NaN,
        "Net Income": 233
    },
    "2012-09-30": {
        "Diluted EPS": 0.43,
        "Total Revenue": NaN,
        "Gross Profit": NaN,
        "Operating Income": 736,
        "EBIT": NaN,
        "Net Income": 270
    },
    "2012-06-30": {
        "Diluted EPS": 0.12,
        "Total Revenue": NaN,
        "Gross Profit": NaN,
        "Operating Income": 657,
        "EBIT": NaN,
        "Net Income": 73
    },
    "2012-03-31": {
        "Diluted EPS": 0.32,
        "Total Revenue": NaN,
        "Gross Profit": NaN,
        "Operating Income": 654,
        "EBIT": NaN,
        "Net Income": 200
    },
    "2011-12-31": {
        "Diluted EPS": -0.03,
        "Total Revenue": NaN,
        "Gross Profit": NaN,
        "Operating Income": 533,
        "EBIT": NaN,
        "Net Income": 109
    },
    "2011-09-30": {
        "Diluted EPS": 0.22,
        "Total Revenue": NaN,
        "Gross Profit": NaN,
        "Operating Income": 548,
        "EBIT": NaN,
        "Net Income": 138
    },
    "2011-06-30": {
        "Diluted EPS": 0.19,
        "Total Revenue": NaN,
        "Gross Profit": NaN,
        "Operating Income": 480,
        "EBIT": NaN,
        "Net Income": 115
    },
    "2011-03-31": {
        "Diluted EPS": 0.69,
        "Total Revenue": NaN,
        "Gross Profit": NaN,
        "Operating Income": 464,
        "EBIT": 833,
        "Net Income": 209
    },
    "2010-12-31": {
        "Diluted EPS": 0.74,
        "Total Revenue": NaN,
        "Gross Profit": NaN,
        "Operating Income": 486,
        "EBIT": 852,
        "Net Income": 219
    },
    "2010-09-30": {
        "Diluted EPS": 0.76,
        "Total Revenue": NaN,
        "Gross Profit": NaN,
        "Operating Income": 506,
        "EBIT": 864,
        "Net Income": 232
    },
    "2010-06-30": {
        "Diluted EPS": 0.79,
        "Total Revenue": NaN,
        "Gross Profit": NaN,
        "Operating Income": 523,
        "EBIT": 881,
        "Net Income": 238
    },
    "2010-03-31": {
        "Diluted EPS": 0.84,
        "Total Revenue": NaN,
        "Gross Profit": NaN,
        "Operating Income": 545,
        "EBIT": 898,
        "Net Income": 253
    },
    "2009-12-31": {
        "Diluted EPS": 0.94,
        "Total Revenue": NaN,
        "Gross Profit": NaN,
        "Operating Income": 540,
        "EBIT": 908,
        "Net Income": 226
    },
    "2009-09-30": {
        "Diluted EPS": 0.94,
        "Total Revenue": NaN,
        "Gross Profit": NaN,
        "Operating Income": 379,
        "EBIT": 741,
        "Net Income": 281
    },
    "2009-06-30": {
        "Diluted EPS": 0.68,
        "Total Revenue": 634,
        "Gross Profit": 399,
        "Operating Income": 149,
        "EBIT": 278,
        "Net Income": 69
    },
    "2009-03-31": {
        "Diluted EPS": 0.67,
        "Total Revenue": 636,
        "Gross Profit": 402,
        "Operating Income": 164,
        "EBIT": 292,
        "Net Income": 67
    },
    "2023-09-30": {
        "Tax Effect Of Unusual Items": NaN,
        "Tax Rate For Calcs": NaN,
        "Normalized EBITDA": NaN,
        "Total Unusual Items": NaN,
        "Total Unusual Items Excluding Goodwill": NaN,
        "Net Income From Continuing Operation Net Minority Interest": NaN,
        "Reconciled Depreciation": NaN,
        "Reconciled Cost Of Revenue": NaN,
        "EBITDA": NaN,
        "EBIT": NaN,
        "Net Interest Income": NaN,
        "Interest Expense": NaN,
        "Interest Income": NaN,
        "Normalized Income": NaN,
        "Net Income From Continuing And Discontinued Operation": NaN,
        "Total Expenses": NaN,
        "Total Operating Income As Reported": NaN,
        "Diluted Average Shares": NaN,
        "Basic Average Shares": NaN,
        "Diluted EPS": NaN,
        "Basic EPS": NaN,
        "Diluted NI Availto Com Stockholders": NaN,
        "Net Income Common Stockholders": NaN,
        "Net Income": NaN,
        "Net Income Including Noncontrolling Interests": NaN,
        "Net Income Continuous Operations": NaN,
        "Tax Provision": NaN,
        "Pretax Income": NaN,
        "Other Income Expense": NaN,
        "Other Non Operating Income Expenses": NaN,
        "Special Income Charges": NaN,
        "Gain On Sale Of Ppe": -22000000.0,
        "Gain On Sale Of Business": NaN,
        "Other Special Charges": NaN,
        "Impairment Of Capital Assets": 0.0,
        "Gain On Sale Of Security": NaN,
        "Net Non Operating Interest Income Expense": NaN,
        "Interest Expense Non Operating": NaN,
        "Interest Income Non Operating": NaN,
        "Operating Income": NaN,
        "Operating Expense": NaN,
        "Depreciation Amortization Depletion Income Statement": NaN,
        "Depreciation And Amortization In Income Statement": NaN,
        "Amortization": NaN,
        "Amortization Of Intangibles Income Statement": NaN,
        "Depreciation Income Statement": NaN,
        "Selling General And Administration": NaN,
        "General And Administrative Expense": NaN,
        "Other Gand A": NaN,
        "Salaries And Wages": NaN,
        "Gross Profit": NaN,
        "Cost Of Revenue": NaN,
        "Total Revenue": NaN,
        "Operating Revenue": NaN
    },
    "2023-12-31": {
        "Tax Effect Of Unusual Items": NaN,
        "Tax Rate For Calcs": NaN,
        "Normalized EBITDA": NaN,
        "Total Unusual Items": NaN,
        "Total Unusual Items Excluding Goodwill": NaN,
        "Net Income From Continuing Operation Net Minority Interest": NaN,
        "Reconciled Depreciation": NaN,
        "Reconciled Cost Of Revenue": NaN,
        "EBITDA": NaN,
        "EBIT": NaN,
        "Net Interest Income": NaN,
        "Interest Expense": NaN,
        "Interest Income": NaN,
        "Normalized Income": NaN,
        "Net Income From Continuing And Discontinued Operation": NaN,
        "Total Expenses": NaN,
        "Total Operating Income As Reported": NaN,
        "Diluted Average Shares": NaN,
        "Basic Average Shares": NaN,
        "Diluted EPS": NaN,
        "Basic EPS": NaN,
        "Diluted NI Availto Com Stockholders": NaN,
        "Net Income Common Stockholders": NaN,
        "Net Income": NaN,
        "Net Income Including Noncontrolling Interests": NaN,
        "Net Income Continuous Operations": NaN,
        "Tax Provision": NaN,
        "Pretax Income": NaN,
        "Other Income Expense": NaN,
        "Other Non Operating Income Expenses": NaN,
        "Special Income Charges": NaN,
        "Gain On Sale Of Business": NaN,
        "Other Special Charges": NaN,
        "Impairment Of Capital Assets": 1900000000.0,
        "Gain On Sale Of Security": NaN,
        "Net Non Operating Interest Income Expense": NaN,
        "Interest Expense Non Operating": NaN,
        "Interest Income Non Operating": NaN,
        "Operating Income": NaN,
        "Operating Expense": NaN,
        "Depreciation Amortization Depletion Income Statement": NaN,
        "Depreciation And Amortization In Income Statement": NaN,
        "Amortization": NaN,
        "Amortization Of Intangibles Income Statement": NaN,
        "Depreciation Income Statement": NaN,
        "Selling General And Administration": NaN,
        "General And Administrative Expense": NaN,
        "Other Gand A": NaN,
        "Salaries And Wages": 41000000.0,
        "Gross Profit": NaN,
        "Cost Of Revenue": NaN,
        "Total Revenue": NaN,
        "Operating Revenue": NaN
    },
    "2024-03-31": {
        "Tax Effect Of Unusual Items": NaN,
        "Tax Rate For Calcs": NaN,
        "Normalized EBITDA": NaN,
        "Total Unusual Items": NaN,
        "Total Unusual Items Excluding Goodwill": NaN,
        "Net Income From Continuing Operation Net Minority Interest": NaN,
        "Reconciled Depreciation": NaN,
        "Reconciled Cost Of Revenue": NaN,
        "EBITDA": NaN,
        "EBIT": NaN,
        "Net Interest Income": NaN,
        "Interest Expense": NaN,
        "Interest Income": NaN,
        "Normalized Income": NaN,
        "Net Income From Continuing And Discontinued Operation": NaN,
        "Total Expenses": NaN,
        "Total Operating Income As Reported": NaN,
        "Diluted Average Shares": NaN,
        "Basic Average Shares": NaN,
        "Diluted EPS": NaN,
        "Basic EPS": NaN,
        "Diluted NI Availto Com Stockholders": NaN,
        "Net Income Common Stockholders": NaN,
        "Net Income": NaN,
        "Net Income Including Noncontrolling Interests": NaN,
        "Net Income Continuous Operations": NaN,
        "Tax Provision": NaN,
        "Pretax Income": NaN,
        "Other Income Expense": NaN,
        "Other Non Operating Income Expenses": NaN,
        "Special Income Charges": NaN,
        "Gain On Sale Of Business": NaN,
        "Other Special Charges": NaN,
        "Impairment Of Capital Assets": NaN,
        "Gain On Sale Of Security": NaN,
        "Net Non Operating Interest Income Expense": NaN,
        "Interest Expense Non Operating": NaN,
        "Interest Income Non Operating": NaN,
        "Operating Income": NaN,
        "Operating Expense": NaN,
        "Depreciation Amortization Depletion Income Statement": NaN,
        "Depreciation And Amortization In Income Statement": NaN,
        "Amortization": NaN,
        "Amortization Of Intangibles Income Statement": NaN,
        "Depreciation Income Statement": NaN,
        "Selling General And Administration": NaN,
        "General And Administrative Expense": NaN,
        "Other Gand A": NaN,
        "Salaries And Wages": 39000000.0,
        "Gross Profit": NaN,
        "Cost Of Revenue": NaN,
        "Total Revenue": NaN,
        "Operating Revenue": NaN
    },
    "2024-06-30": {
        "Tax Effect Of Unusual Items": 39480000.0,
        "Tax Rate For Calcs": 0.21,
        "Normalized EBITDA": 887000000.0,
        "Total Unusual Items": 188000000.0,
        "Total Unusual Items Excluding Goodwill": 188000000.0,
        "Net Income From Continuing Operation Net Minority Interest": -49000000.0,
        "Reconciled Depreciation": 743000000.0,
        "Reconciled Cost Of Revenue": 1653000000.0,
        "EBITDA": 1075000000.0,
        "EBIT": 332000000.0,
        "Net Interest Income": -359000000.0,
        "Interest Expense": 373000000.0,
        "Interest Income": 14000000.0,
        "Normalized Income": -197520000.0,
        "Net Income From Continuing And Discontinued Operation": -49000000.0,
        "Total Expenses": 3138000000.0,
        "Total Operating Income As Reported": 135000000.0,
        "Diluted Average Shares": 987239000.0,
        "Basic Average Shares": 987239000.0,
        "Diluted EPS": -0.05,
        "Basic EPS": -0.05,
        "Diluted NI Availto Com Stockholders": -49000000.0,
        "Net Income Common Stockholders": -49000000.0,
        "Net Income": -49000000.0,
        "Net Income Including Noncontrolling Interests": -49000000.0,
        "Net Income Continuous Operations": -49000000.0,
        "Tax Provision": 8000000.0,
        "Pretax Income": -41000000.0,
        "Other Income Expense": 188000000.0,
        "Other Non Operating Income Expenses": 37000000.0,
        "Special Income Charges": 8000000.0,
        "Gain On Sale Of Business": 5000000.0,
        "Other Special Charges": -3000000.0,
        "Impairment Of Capital Assets": 0.0,
        "Gain On Sale Of Security": 180000000.0,
        "Net Non Operating Interest Income Expense": -359000000.0,
        "Interest Expense Non Operating": 373000000.0,
        "Interest Income Non Operating": 14000000.0,
        "Operating Income": 130000000.0,
        "Operating Expense": 1485000000.0,
        "Depreciation Amortization Depletion Income Statement": 743000000.0,
        "Depreciation And Amortization In Income Statement": 743000000.0,
        "Amortization": 277000000.0,
        "Amortization Of Intangibles Income Statement": 277000000.0,
        "Depreciation Income Statement": 466000000.0,
        "Selling General And Administration": 742000000.0,
        "General And Administrative Expense": 742000000.0,
        "Other Gand A": 742000000.0,
        "Salaries And Wages": 37000000.0,
        "Gross Profit": 1615000000.0,
        "Cost Of Revenue": 1653000000.0,
        "Total Revenue": 3268000000.0,
        "Operating Revenue": 3268000000.0
    },
    "2024-09-30": {
        "Tax Effect Of Unusual Items": 420000.0,
        "Tax Rate For Calcs": 0.14,
        "Normalized EBITDA": 883000000.0,
        "Total Unusual Items": 3000000.0,
        "Total Unusual Items Excluding Goodwill": 3000000.0,
        "Net Income From Continuing Operation Net Minority Interest": -148000000.0,
        "Reconciled Depreciation": 707000000.0,
        "Reconciled Cost Of Revenue": 1692000000.0,
        "EBITDA": 886000000.0,
        "EBIT": 179000000.0,
        "Net Interest Income": -333000000.0,
        "Interest Expense": 351000000.0,
        "Interest Income": 18000000.0,
        "Normalized Income": -150580000.0,
        "Net Income From Continuing And Discontinued Operation": -148000000.0,
        "Total Expenses": 3095000000.0,
        "Total Operating Income As Reported": 126000000.0,
        "Diluted Average Shares": 988794000.0,
        "Basic Average Shares": 988794000.0,
        "Diluted EPS": -0.15,
        "Basic EPS": -0.15,
        "Diluted NI Availto Com Stockholders": -148000000.0,
        "Net Income Common Stockholders": -148000000.0,
        "Net Income": -148000000.0,
        "Net Income Including Noncontrolling Interests": -148000000.0,
        "Net Income Continuous Operations": -148000000.0,
        "Tax Provision": -24000000.0,
        "Pretax Income": -172000000.0,
        "Other Income Expense": 35000000.0,
        "Other Non Operating Income Expenses": 32000000.0,
        "Special Income Charges": -1000000.0,
        "Gain On Sale Of Business": 0.0,
        "Other Special Charges": 1000000.0,
        "Impairment Of Capital Assets": 0.0,
        "Gain On Sale Of Security": 4000000.0,
        "Net Non Operating Interest Income Expense": -333000000.0,
        "Interest Expense Non Operating": 351000000.0,
        "Interest Income Non Operating": 18000000.0,
        "Operating Income": 126000000.0,
        "Operating Expense": 1403000000.0,
        "Depreciation Amortization Depletion Income Statement": 707000000.0,
        "Depreciation And Amortization In Income Statement": 707000000.0,
        "Amortization": 253000000.0,
        "Amortization Of Intangibles Income Statement": 253000000.0,
        "Depreciation Income Statement": 454000000.0,
        "Selling General And Administration": 696000000.0,
        "General And Administrative Expense": 696000000.0,
        "Other Gand A": 696000000.0,
        "Salaries And Wages": 38000000.0,
        "Gross Profit": 1529000000.0,
        "Cost Of Revenue": 1692000000.0,
        "Total Revenue": 3221000000.0,
        "Operating Revenue": 3221000000.0
    },
    "2024-12-31": {
        "Tax Effect Of Unusual Items": 10290000.0,
        "Tax Rate For Calcs": 0.21,
        "Normalized EBITDA": 947000000.0,
        "Total Unusual Items": 49000000.0,
        "Total Unusual Items Excluding Goodwill": 49000000.0,
        "Net Income From Continuing Operation Net Minority Interest": 85000000.0,
        "Reconciled Depreciation": 758000000.0,
        "Reconciled Cost Of Revenue": 1706000000.0,
        "EBITDA": 996000000.0,
        "EBIT": 238000000.0,
        "Net Interest Income": -328000000.0,
        "Interest Expense": 357000000.0,
        "Interest Income": 29000000.0,
        "Normalized Income": 46290000.0,
        "Net Income From Continuing And Discontinued Operation": 85000000.0,
        "Total Expenses": 3175000000.0,
        "Total Operating Income As Reported": 154000000.0,
        "Diluted Average Shares": 989831000.0,
        "Basic Average Shares": 989831000.0,
        "Diluted EPS": 0.09,
        "Basic EPS": 0.09,
        "Diluted NI Availto Com Stockholders": 85000000.0,
        "Net Income Common Stockholders": 85000000.0,
        "Net Income": 85000000.0,
        "Net Income Including Noncontrolling Interests": 85000000.0,
        "Net Income Continuous Operations": 85000000.0,
        "Tax Provision": -204000000.0,
        "Pretax Income": -119000000.0,
        "Other Income Expense": 55000000.0,
        "Other Non Operating Income Expenses": 6000000.0,
        "Special Income Charges": 71000000.0,
        "Gain On Sale Of Business": 0.0,
        "Other Special Charges": -71000000.0,
        "Impairment Of Capital Assets": 0.0,
        "Gain On Sale Of Security": -22000000.0,
        "Net Non Operating Interest Income Expense": -328000000.0,
        "Interest Expense Non Operating": 357000000.0,
        "Interest Income Non Operating": 29000000.0,
        "Operating Income": 154000000.0,
        "Operating Expense": 1469000000.0,
        "Depreciation Amortization Depletion Income Statement": 758000000.0,
        "Depreciation And Amortization In Income Statement": 758000000.0,
        "Amortization": 264000000.0,
        "Amortization Of Intangibles Income Statement": 264000000.0,
        "Depreciation Income Statement": 494000000.0,
        "Selling General And Administration": 711000000.0,
        "General And Administrative Expense": 711000000.0,
        "Other Gand A": 711000000.0,
        "Salaries And Wages": 38000000.0,
        "Gross Profit": 1623000000.0,
        "Cost Of Revenue": 1706000000.0,
        "Total Revenue": 3329000000.0,
        "Operating Revenue": 3329000000.0
    },
    "2025-03-31": {
        "Tax Effect Of Unusual Items": -5940000.0,
        "Tax Rate For Calcs": 0.18,
        "Normalized EBITDA": 848000000.0,
        "Total Unusual Items": -33000000.0,
        "Total Unusual Items Excluding Goodwill": -33000000.0,
        "Net Income From Continuing Operation Net Minority Interest": -201000000.0,
        "Reconciled Depreciation": 713000000.0,
        "Reconciled Cost Of Revenue": 1687000000.0,
        "EBITDA": 815000000.0,
        "EBIT": 102000000.0,
        "Net Interest Income": -326000000.0,
        "Interest Expense": 347000000.0,
        "Interest Income": 21000000.0,
        "Normalized Income": -173940000.0,
        "Net Income From Continuing And Discontinued Operation": -201000000.0,
        "Total Expenses": 3075000000.0,
        "Total Operating Income As Reported": 107000000.0,
        "Diluted Average Shares": 991269000.0,
        "Basic Average Shares": 991269000.0,
        "Diluted EPS": -0.2,
        "Basic EPS": -0.2,
        "Diluted NI Availto Com Stockholders": -201000000.0,
        "Net Income Common Stockholders": -201000000.0,
        "Net Income": -201000000.0,
        "Net Income Including Noncontrolling Interests": -201000000.0,
        "Net Income Continuous Operations": -201000000.0,
        "Tax Provision": -44000000.0,
        "Pretax Income": -245000000.0,
        "Other Income Expense": -26000000.0,
        "Other Non Operating Income Expenses": 7000000.0,
        "Special Income Charges": -35000000.0,
        "Gain On Sale Of Business": 0.0,
        "Other Special Charges": 35000000.0,
        "Impairment Of Capital Assets": NaN,
        "Gain On Sale Of Security": 2000000.0,
        "Net Non Operating Interest Income Expense": -326000000.0,
        "Interest Expense Non Operating": 347000000.0,
        "Interest Income Non Operating": 21000000.0,
        "Operating Income": 107000000.0,
        "Operating Expense": 1388000000.0,
        "Depreciation Amortization Depletion Income Statement": 713000000.0,
        "Depreciation And Amortization In Income Statement": 713000000.0,
        "Amortization": 252000000.0,
        "Amortization Of Intangibles Income Statement": 252000000.0,
        "Depreciation Income Statement": 461000000.0,
        "Selling General And Administration": 675000000.0,
        "General And Administrative Expense": 675000000.0,
        "Other Gand A": 675000000.0,
        "Salaries And Wages": NaN,
        "Gross Profit": 1495000000.0,
        "Cost Of Revenue": 1687000000.0,
        "Total Revenue": 3182000000.0,
        "Operating Revenue": 3182000000.0
    },
    "2025-06-30": {
        "Tax Effect Of Unusual Items": -174012000.0,
        "Tax Rate For Calcs": 0.204,
        "Normalized EBITDA": 730000000.0,
        "Total Unusual Items": -853000000.0,
        "Total Unusual Items Excluding Goodwill": -853000000.0,
        "Net Income From Continuing Operation Net Minority Interest": -915000000.0,
        "Reconciled Depreciation": 688000000.0,
        "Reconciled Cost Of Revenue": 1624000000.0,
        "EBITDA": -123000000.0,
        "EBIT": -811000000.0,
        "Net Interest Income": -318000000.0,
        "Interest Expense": 338000000.0,
        "Interest Income": 20000000.0,
        "Normalized Income": -236012000.0,
        "Net Income From Continuing And Discontinued Operation": -915000000.0,
        "Total Expenses": 3067000000.0,
        "Total Operating Income As Reported": -603000000.0,
        "Diluted Average Shares": 994543000.0,
        "Basic Average Shares": 994543000.0,
        "Diluted EPS": -0.92,
        "Basic EPS": -0.92,
        "Diluted NI Availto Com Stockholders": -915000000.0,
        "Net Income Common Stockholders": -915000000.0,
        "Net Income": -915000000.0,
        "Net Income Including Noncontrolling Interests": -915000000.0,
        "Net Income Continuous Operations": -915000000.0,
        "Tax Provision": -234000000.0,
        "Pretax Income": -1149000000.0,
        "Other Income Expense": -856000000.0,
        "Other Non Operating Income Expenses": -3000000.0,
        "Special Income Charges": -864000000.0,
        "Gain On Sale Of Business": 0.0,
        "Other Special Charges": 236000000.0,
        "Impairment Of Capital Assets": 628000000.0,
        "Gain On Sale Of Security": 11000000.0,
        "Net Non Operating Interest Income Expense": -318000000.0,
        "Interest Expense Non Operating": 338000000.0,
        "Interest Income Non Operating": 20000000.0,
        "Operating Income": 25000000.0,
        "Operating Expense": 1443000000.0,
        "Depreciation Amortization Depletion Income Statement": 688000000.0,
        "Depreciation And Amortization In Income Statement": 688000000.0,
        "Amortization": 248000000.0,
        "Amortization Of Intangibles Income Statement": 248000000.0,
        "Depreciation Income Statement": 440000000.0,
        "Selling General And Administration": 755000000.0,
        "General And Administrative Expense": 755000000.0,
        "Other Gand A": 755000000.0,
        "Salaries And Wages": NaN,
        "Gross Profit": 1468000000.0,
        "Cost Of Revenue": 1624000000.0,
        "Total Revenue": 3092000000.0,
        "Operating Revenue": 3092000000.0
    }
}