{
    "2023-12-31": {
        "Tax Effect Of Unusual Items": NaN,
        "Tax Rate For Calcs": NaN,
        "Normalized EBITDA": NaN,
        "Total Unusual Items": NaN,
        "Total Unusual Items Excluding Goodwill": NaN,
        "Net Income From Continuing Operation Net Minority Interest": NaN,
        "Reconciled Depreciation": NaN,
        "Reconciled Cost Of Revenue": NaN,
        "EBITDA": NaN,
        "EBIT": NaN,
        "Net Interest Income": NaN,
        "Interest Expense": 42000.0,
        "Interest Income": NaN,
        "Normalized Income": NaN,
        "Net Income From Continuing And Discontinued Operation": NaN,
        "Total Expenses": NaN,
        "Total Operating Income As Reported": NaN,
        "Diluted Average Shares": NaN,
        "Basic Average Shares": NaN,
        "Diluted EPS": NaN,
        "Basic EPS": NaN,
        "Diluted NI Availto Com Stockholders": NaN,
        "Net Income Common Stockholders": NaN,
        "Preferred Stock Dividends": NaN,
        "Net Income": NaN,
        "Minority Interests": NaN,
        "Net Income Including Noncontrolling Interests": NaN,
        "Net Income Extraordinary": 0.0,
        "Net Income Continuous Operations": NaN,
        "Tax Provision": NaN,
        "Pretax Income": NaN,
        "Other Income Expense": NaN,
        "Other Non Operating Income Expenses": NaN,
        "Special Income Charges": NaN,
        "Impairment Of Capital Assets": NaN,
        "Restructuring And Mergern Acquisition": NaN,
        "Gain On Sale Of Security": NaN,
        "Net Non Operating Interest Income Expense": NaN,
        "Total Other Finance Cost": NaN,
        "Interest Expense Non Operating": 42000.0,
        "Interest Income Non Operating": NaN,
        "Operating Income": NaN,
        "Operating Expense": NaN,
        "Depreciation Amortization Depletion Income Statement": NaN,
        "Depreciation And Amortization In Income Statement": NaN,
        "Depreciation Income Statement": NaN,
        "Selling General And Administration": NaN,
        "General And Administrative Expense": NaN,
        "Other Gand A": NaN,
        "Gross Profit": NaN,
        "Cost Of Revenue": NaN,
        "Total Revenue": NaN,
        "Operating Revenue": NaN
    },
    "2023-09-30": {
        "Tax Effect Of Unusual Items": NaN,
        "Tax Rate For Calcs": NaN,
        "Normalized EBITDA": NaN,
        "Total Unusual Items": NaN,
        "Total Unusual Items Excluding Goodwill": NaN,
        "Net Income From Continuing Operation Net Minority Interest": NaN,
        "Reconciled Depreciation": NaN,
        "Reconciled Cost Of Revenue": NaN,
        "EBITDA": NaN,
        "EBIT": NaN,
        "Net Interest Income": NaN,
        "Interest Expense": 228000.0,
        "Interest Income": NaN,
        "Normalized Income": NaN,
        "Net Income From Continuing And Discontinued Operation": NaN,
        "Total Expenses": NaN,
        "Total Operating Income As Reported": NaN,
        "Diluted Average Shares": NaN,
        "Basic Average Shares": NaN,
        "Diluted EPS": NaN,
        "Basic EPS": NaN,
        "Diluted NI Availto Com Stockholders": NaN,
        "Net Income Common Stockholders": NaN,
        "Preferred Stock Dividends": NaN,
        "Net Income": NaN,
        "Minority Interests": NaN,
        "Net Income Including Noncontrolling Interests": NaN,
        "Net Income Extraordinary": NaN,
        "Net Income Continuous Operations": NaN,
        "Tax Provision": NaN,
        "Pretax Income": NaN,
        "Other Income Expense": NaN,
        "Other Non Operating Income Expenses": NaN,
        "Special Income Charges": NaN,
        "Impairment Of Capital Assets": 0.0,
        "Restructuring And Mergern Acquisition": NaN,
        "Gain On Sale Of Security": NaN,
        "Net Non Operating Interest Income Expense": NaN,
        "Total Other Finance Cost": NaN,
        "Interest Expense Non Operating": 228000.0,
        "Interest Income Non Operating": NaN,
        "Operating Income": NaN,
        "Operating Expense": NaN,
        "Depreciation Amortization Depletion Income Statement": NaN,
        "Depreciation And Amortization In Income Statement": NaN,
        "Depreciation Income Statement": NaN,
        "Selling General And Administration": NaN,
        "General And Administrative Expense": NaN,
        "Other Gand A": NaN,
        "Gross Profit": NaN,
        "Cost Of Revenue": NaN,
        "Total Revenue": NaN,
        "Operating Revenue": NaN
    },
    "2023-06-30": {
        "Tax Effect Of Unusual Items": NaN,
        "Tax Rate For Calcs": NaN,
        "Normalized EBITDA": NaN,
        "Total Unusual Items": NaN,
        "Total Unusual Items Excluding Goodwill": NaN,
        "Net Income From Continuing Operation Net Minority Interest": NaN,
        "Reconciled Depreciation": NaN,
        "Reconciled Cost Of Revenue": NaN,
        "EBITDA": NaN,
        "EBIT": NaN,
        "Net Interest Income": NaN,
        "Interest Expense": 274000.0,
        "Interest Income": NaN,
        "Normalized Income": NaN,
        "Net Income From Continuing And Discontinued Operation": NaN,
        "Total Expenses": NaN,
        "Total Operating Income As Reported": NaN,
        "Diluted Average Shares": NaN,
        "Basic Average Shares": NaN,
        "Diluted EPS": NaN,
        "Basic EPS": NaN,
        "Diluted NI Availto Com Stockholders": NaN,
        "Net Income Common Stockholders": NaN,
        "Preferred Stock Dividends": NaN,
        "Net Income": NaN,
        "Minority Interests": NaN,
        "Net Income Including Noncontrolling Interests": NaN,
        "Net Income Extraordinary": NaN,
        "Net Income Continuous Operations": NaN,
        "Tax Provision": NaN,
        "Pretax Income": NaN,
        "Other Income Expense": NaN,
        "Other Non Operating Income Expenses": NaN,
        "Special Income Charges": NaN,
        "Impairment Of Capital Assets": NaN,
        "Restructuring And Mergern Acquisition": NaN,
        "Gain On Sale Of Security": NaN,
        "Net Non Operating Interest Income Expense": NaN,
        "Interest Expense Non Operating": 274000.0,
        "Interest Income Non Operating": NaN,
        "Operating Income": NaN,
        "Operating Expense": NaN,
        "Depreciation Amortization Depletion Income Statement": NaN,
        "Depreciation And Amortization In Income Statement": NaN,
        "Depreciation Income Statement": NaN,
        "Selling General And Administration": NaN,
        "General And Administrative Expense": NaN,
        "Other Gand A": NaN,
        "Gross Profit": NaN,
        "Cost Of Revenue": NaN,
        "Total Revenue": NaN,
        "Operating Revenue": NaN
    },
    "2023-03-31": {
        "Tax Effect Of Unusual Items": NaN,
        "Tax Rate For Calcs": NaN,
        "Normalized EBITDA": NaN,
        "Total Unusual Items": NaN,
        "Total Unusual Items Excluding Goodwill": NaN,
        "Net Income From Continuing Operation Net Minority Interest": NaN,
        "Reconciled Depreciation": NaN,
        "Reconciled Cost Of Revenue": NaN,
        "EBITDA": NaN,
        "EBIT": NaN,
        "Net Interest Income": NaN,
        "Interest Expense": 279000.0,
        "Interest Income": NaN,
        "Normalized Income": NaN,
        "Net Income From Continuing And Discontinued Operation": NaN,
        "Total Expenses": NaN,
        "Total Operating Income As Reported": NaN,
        "Diluted Average Shares": NaN,
        "Basic Average Shares": NaN,
        "Diluted EPS": NaN,
        "Basic EPS": NaN,
        "Diluted NI Availto Com Stockholders": NaN,
        "Net Income Common Stockholders": NaN,
        "Preferred Stock Dividends": NaN,
        "Net Income": NaN,
        "Minority Interests": NaN,
        "Net Income Including Noncontrolling Interests": NaN,
        "Net Income Extraordinary": NaN,
        "Net Income Continuous Operations": NaN,
        "Tax Provision": NaN,
        "Pretax Income": NaN,
        "Other Income Expense": NaN,
        "Other Non Operating Income Expenses": NaN,
        "Special Income Charges": NaN,
        "Impairment Of Capital Assets": NaN,
        "Restructuring And Mergern Acquisition": NaN,
        "Gain On Sale Of Security": NaN,
        "Net Non Operating Interest Income Expense": NaN,
        "Interest Expense Non Operating": 279000.0,
        "Interest Income Non Operating": NaN,
        "Operating Income": NaN,
        "Operating Expense": NaN,
        "Depreciation Amortization Depletion Income Statement": NaN,
        "Depreciation And Amortization In Income Statement": NaN,
        "Depreciation Income Statement": NaN,
        "Selling General And Administration": NaN,
        "General And Administrative Expense": NaN,
        "Other Gand A": NaN,
        "Gross Profit": NaN,
        "Cost Of Revenue": NaN,
        "Total Revenue": NaN,
        "Operating Revenue": NaN
    },
    "2024-03-31": {
        "Tax Effect Of Unusual Items": NaN,
        "Tax Rate For Calcs": NaN,
        "Normalized EBITDA": NaN,
        "Total Unusual Items": NaN,
        "Total Unusual Items Excluding Goodwill": NaN,
        "Net Income From Continuing Operation Net Minority Interest": NaN,
        "Reconciled Depreciation": NaN,
        "Reconciled Cost Of Revenue": NaN,
        "EBITDA": NaN,
        "EBIT": NaN,
        "Net Interest Income": NaN,
        "Interest Expense": 20000.0,
        "Interest Income": NaN,
        "Normalized Income": NaN,
        "Net Income From Continuing And Discontinued Operation": NaN,
        "Total Expenses": NaN,
        "Total Operating Income As Reported": NaN,
        "Diluted Average Shares": NaN,
        "Basic Average Shares": NaN,
        "Diluted EPS": NaN,
        "Basic EPS": NaN,
        "Diluted NI Availto Com Stockholders": NaN,
        "Net Income Common Stockholders": NaN,
        "Preferred Stock Dividends": NaN,
        "Net Income": NaN,
        "Minority Interests": NaN,
        "Net Income Including Noncontrolling Interests": NaN,
        "Net Income Extraordinary": 0.0,
        "Net Income Continuous Operations": NaN,
        "Tax Provision": NaN,
        "Pretax Income": NaN,
        "Other Income Expense": NaN,
        "Other Non Operating Income Expenses": NaN,
        "Special Income Charges": NaN,
        "Impairment Of Capital Assets": NaN,
        "Restructuring And Mergern Acquisition": NaN,
        "Gain On Sale Of Security": NaN,
        "Net Non Operating Interest Income Expense": NaN,
        "Total Other Finance Cost": 20000.0,
        "Interest Expense Non Operating": 20000.0,
        "Interest Income Non Operating": NaN,
        "Operating Income": NaN,
        "Operating Expense": NaN,
        "Depreciation Amortization Depletion Income Statement": NaN,
        "Depreciation And Amortization In Income Statement": NaN,
        "Depreciation Income Statement": NaN,
        "Selling General And Administration": NaN,
        "General And Administrative Expense": NaN,
        "Other Gand A": NaN,
        "Gross Profit": NaN,
        "Cost Of Revenue": NaN,
        "Total Revenue": NaN,
        "Operating Revenue": NaN
    },
    "2022-12-31": {
        "Tax Effect Of Unusual Items": NaN,
        "Tax Rate For Calcs": NaN,
        "Normalized EBITDA": NaN,
        "Total Unusual Items": NaN,
        "Total Unusual Items Excluding Goodwill": NaN,
        "Net Income From Continuing Operation Net Minority Interest": NaN,
        "Reconciled Depreciation": NaN,
        "Reconciled Cost Of Revenue": NaN,
        "EBITDA": NaN,
        "EBIT": NaN,
        "Net Interest Income": NaN,
        "Interest Expense": NaN,
        "Normalized Income": NaN,
        "Net Income From Continuing And Discontinued Operation": NaN,
        "Total Expenses": NaN,
        "Total Operating Income As Reported": NaN,
        "Diluted Average Shares": NaN,
        "Basic Average Shares": NaN,
        "Diluted EPS": NaN,
        "Basic EPS": NaN,
        "Diluted NI Availto Com Stockholders": NaN,
        "Net Income Common Stockholders": NaN,
        "Preferred Stock Dividends": NaN,
        "Net Income": NaN,
        "Minority Interests": NaN,
        "Net Income Including Noncontrolling Interests": NaN,
        "Net Income Extraordinary": NaN,
        "Net Income Continuous Operations": NaN,
        "Tax Provision": NaN,
        "Pretax Income": NaN,
        "Other Income Expense": NaN,
        "Other Non Operating Income Expenses": NaN,
        "Special Income Charges": NaN,
        "Restructuring And Mergern Acquisition": NaN,
        "Gain On Sale Of Security": -272000.0,
        "Net Non Operating Interest Income Expense": NaN,
        "Interest Expense Non Operating": NaN,
        "Operating Income": NaN,
        "Operating Expense": NaN,
        "Depreciation Amortization Depletion Income Statement": NaN,
        "Depreciation And Amortization In Income Statement": NaN,
        "Depreciation Income Statement": NaN,
        "Selling General And Administration": NaN,
        "General And Administrative Expense": NaN,
        "Other Gand A": NaN,
        "Gross Profit": NaN,
        "Cost Of Revenue": NaN,
        "Total Revenue": NaN,
        "Operating Revenue": NaN
    },
    "2024-06-30": {
        "Tax Effect Of Unusual Items": 0.0,
        "Tax Rate For Calcs": 0.0,
        "Normalized EBITDA": -70195000.0,
        "Total Unusual Items": 43118000.0,
        "Total Unusual Items Excluding Goodwill": 43118000.0,
        "Net Income From Continuing Operation Net Minority Interest": 18671000.0,
        "Reconciled Depreciation": 423000.0,
        "Reconciled Cost Of Revenue": 57692000.0,
        "EBITDA": -27077000.0,
        "EBIT": -27500000.0,
        "Net Interest Income": 20000.0,
        "Interest Expense": NaN,
        "Interest Income": 20000.0,
        "Normalized Income": -24447000.0,
        "Net Income From Continuing And Discontinued Operation": 18671000.0,
        "Total Expenses": 69141000.0,
        "Total Operating Income As Reported": -27500000.0,
        "Diluted Average Shares": 62275592.0,
        "Basic Average Shares": 55093365.0,
        "Diluted EPS": 0.3,
        "Basic EPS": 0.34,
        "Diluted NI Availto Com Stockholders": 18534000.0,
        "Net Income Common Stockholders": 18534000.0,
        "Preferred Stock Dividends": 137000.0,
        "Net Income": 18671000.0,
        "Minority Interests": 2016000.0,
        "Net Income Including Noncontrolling Interests": 16655000.0,
        "Net Income Extraordinary": 0.0,
        "Net Income Continuous Operations": 16655000.0,
        "Tax Provision": 0.0,
        "Pretax Income": 16655000.0,
        "Other Income Expense": 44135000.0,
        "Other Non Operating Income Expenses": 1017000.0,
        "Special Income Charges": 22109000.0,
        "Impairment Of Capital Assets": NaN,
        "Restructuring And Mergern Acquisition": -22109000.0,
        "Gain On Sale Of Security": 21009000.0,
        "Net Non Operating Interest Income Expense": 20000.0,
        "Total Other Finance Cost": NaN,
        "Interest Expense Non Operating": NaN,
        "Interest Income Non Operating": 20000.0,
        "Operating Income": -27500000.0,
        "Operating Expense": 11449000.0,
        "Depreciation Amortization Depletion Income Statement": 423000.0,
        "Depreciation And Amortization In Income Statement": 423000.0,
        "Depreciation Income Statement": 423000.0,
        "Selling General And Administration": 11026000.0,
        "General And Administrative Expense": 11026000.0,
        "Other Gand A": 11026000.0,
        "Gross Profit": -16051000.0,
        "Cost Of Revenue": 57692000.0,
        "Total Revenue": 41641000.0,
        "Operating Revenue": 41641000.0
    },
    "2024-09-30": {
        "Tax Effect Of Unusual Items": -15132180.0,
        "Tax Rate For Calcs": 0.21,
        "Normalized EBITDA": 63860000.0,
        "Total Unusual Items": -72058000.0,
        "Total Unusual Items Excluding Goodwill": -72058000.0,
        "Net Income From Continuing Operation Net Minority Interest": -55400000.0,
        "Reconciled Depreciation": 482000.0,
        "Reconciled Cost Of Revenue": 54357000.0,
        "EBITDA": -8198000.0,
        "EBIT": -8680000.0,
        "Net Interest Income": 31000.0,
        "Interest Expense": NaN,
        "Interest Income": 31000.0,
        "Normalized Income": 1525820.0,
        "Net Income From Continuing And Discontinued Operation": -55400000.0,
        "Total Expenses": 67158000.0,
        "Total Operating Income As Reported": -13724000.0,
        "Diluted Average Shares": 80101656.0,
        "Basic Average Shares": 80101656.0,
        "Diluted EPS": -0.693406,
        "Basic EPS": -0.693406,
        "Diluted NI Availto Com Stockholders": -55543000.0,
        "Net Income Common Stockholders": -55543000.0,
        "Preferred Stock Dividends": 143000.0,
        "Net Income": -55400000.0,
        "Minority Interests": 25011000.0,
        "Net Income Including Noncontrolling Interests": -80411000.0,
        "Net Income Extraordinary": 0.0,
        "Net Income Continuous Operations": -80411000.0,
        "Tax Provision": 50000.0,
        "Pretax Income": -80361000.0,
        "Other Income Expense": -71712000.0,
        "Other Non Operating Income Expenses": 346000.0,
        "Special Income Charges": -38372000.0,
        "Impairment Of Capital Assets": 5044000.0,
        "Restructuring And Mergern Acquisition": 33328000.0,
        "Gain On Sale Of Security": -33686000.0,
        "Net Non Operating Interest Income Expense": 31000.0,
        "Total Other Finance Cost": NaN,
        "Interest Expense Non Operating": NaN,
        "Interest Income Non Operating": 31000.0,
        "Operating Income": -8680000.0,
        "Operating Expense": 12801000.0,
        "Depreciation Amortization Depletion Income Statement": 482000.0,
        "Depreciation And Amortization In Income Statement": 482000.0,
        "Depreciation Income Statement": 482000.0,
        "Selling General And Administration": 12319000.0,
        "General And Administrative Expense": 12319000.0,
        "Other Gand A": 12319000.0,
        "Gross Profit": 4121000.0,
        "Cost Of Revenue": 54357000.0,
        "Total Revenue": 58478000.0,
        "Operating Revenue": 58478000.0
    },
    "2024-12-31": {
        "Tax Effect Of Unusual Items": -10022.125609,
        "Tax Rate For Calcs": 7.9e-05,
        "Normalized EBITDA": 114461000.0,
        "Total Unusual Items": -127318000.0,
        "Total Unusual Items Excluding Goodwill": -127318000.0,
        "Net Income From Continuing Operation Net Minority Interest": -149198000.0,
        "Reconciled Depreciation": 540000.0,
        "Reconciled Cost Of Revenue": 53983000.0,
        "EBITDA": -12857000.0,
        "EBIT": -13397000.0,
        "Net Interest Income": 149000.0,
        "Interest Expense": NaN,
        "Interest Income": NaN,
        "Normalized Income": -21890022.125609,
        "Net Income From Continuing And Discontinued Operation": -149198000.0,
        "Total Expenses": 68059000.0,
        "Total Operating Income As Reported": -13397000.0,
        "Diluted Average Shares": 100609000.0,
        "Basic Average Shares": 100609000.0,
        "Diluted EPS": -1.48439,
        "Basic EPS": -1.48439,
        "Diluted NI Availto Com Stockholders": -149343000.0,
        "Net Income Common Stockholders": -149343000.0,
        "Preferred Stock Dividends": 145000.0,
        "Net Income": -149198000.0,
        "Minority Interests": 15937000.0,
        "Net Income Including Noncontrolling Interests": -165135000.0,
        "Net Income Extraordinary": 0.0,
        "Net Income Continuous Operations": -165135000.0,
        "Tax Provision": -13000.0,
        "Pretax Income": -165148000.0,
        "Other Income Expense": -151900000.0,
        "Other Non Operating Income Expenses": -24582000.0,
        "Special Income Charges": -86308000.0,
        "Impairment Of Capital Assets": 0.0,
        "Restructuring And Mergern Acquisition": 86308000.0,
        "Gain On Sale Of Security": -41010000.0,
        "Net Non Operating Interest Income Expense": 149000.0,
        "Total Other Finance Cost": NaN,
        "Interest Expense Non Operating": NaN,
        "Interest Income Non Operating": NaN,
        "Operating Income": -13397000.0,
        "Operating Expense": 14076000.0,
        "Depreciation Amortization Depletion Income Statement": 540000.0,
        "Depreciation And Amortization In Income Statement": 540000.0,
        "Depreciation Income Statement": 540000.0,
        "Selling General And Administration": 13536000.0,
        "General And Administrative Expense": 13536000.0,
        "Other Gand A": 13536000.0,
        "Gross Profit": 679000.0,
        "Cost Of Revenue": 53983000.0,
        "Total Revenue": 54662000.0,
        "Operating Revenue": 54662000.0
    },
    "2025-03-31": {
        "Tax Effect Of Unusual Items": 0.0,
        "Tax Rate For Calcs": 0.0,
        "Normalized EBITDA": -19087000.0,
        "Total Unusual Items": 9633000.0,
        "Total Unusual Items Excluding Goodwill": 9633000.0,
        "Net Income From Continuing Operation Net Minority Interest": -11396000.0,
        "Reconciled Depreciation": 623000.0,
        "Reconciled Cost Of Revenue": 55847000.0,
        "EBITDA": -9454000.0,
        "EBIT": -10077000.0,
        "Net Interest Income": 1393000.0,
        "Interest Expense": NaN,
        "Interest Income": NaN,
        "Normalized Income": -21029000.0,
        "Net Income From Continuing And Discontinued Operation": -11396000.0,
        "Total Expenses": 72601000.0,
        "Total Operating Income As Reported": -10077000.0,
        "Diluted Average Shares": 107081918.0,
        "Basic Average Shares": 107081918.0,
        "Diluted EPS": -0.11,
        "Basic EPS": -0.11,
        "Diluted NI Availto Com Stockholders": -11543000.0,
        "Net Income Common Stockholders": -11543000.0,
        "Preferred Stock Dividends": 147000.0,
        "Net Income": -11396000.0,
        "Minority Interests": -12371000.0,
        "Net Income Including Noncontrolling Interests": 975000.0,
        "Net Income Extraordinary": NaN,
        "Net Income Continuous Operations": 975000.0,
        "Tax Provision": 0.0,
        "Pretax Income": 975000.0,
        "Other Income Expense": 9659000.0,
        "Other Non Operating Income Expenses": 26000.0,
        "Special Income Charges": -33369000.0,
        "Impairment Of Capital Assets": NaN,
        "Restructuring And Mergern Acquisition": 33369000.0,
        "Gain On Sale Of Security": 43002000.0,
        "Net Non Operating Interest Income Expense": 1393000.0,
        "Total Other Finance Cost": -1393000.0,
        "Interest Expense Non Operating": NaN,
        "Interest Income Non Operating": NaN,
        "Operating Income": -10077000.0,
        "Operating Expense": 16754000.0,
        "Depreciation Amortization Depletion Income Statement": 623000.0,
        "Depreciation And Amortization In Income Statement": 623000.0,
        "Depreciation Income Statement": 623000.0,
        "Selling General And Administration": 16131000.0,
        "General And Administrative Expense": 16131000.0,
        "Other Gand A": 16131000.0,
        "Gross Profit": 6677000.0,
        "Cost Of Revenue": 55847000.0,
        "Total Revenue": 62524000.0,
        "Operating Revenue": 62524000.0
    },
    "2025-06-30": {
        "Tax Effect Of Unusual Items": 0.0,
        "Tax Rate For Calcs": 0.0,
        "Normalized EBITDA": -14855000.0,
        "Total Unusual Items": -13033000.0,
        "Total Unusual Items Excluding Goodwill": -13033000.0,
        "Net Income From Continuing Operation Net Minority Interest": -25181000.0,
        "Reconciled Depreciation": 752000.0,
        "Reconciled Cost Of Revenue": 62156000.0,
        "EBITDA": -27888000.0,
        "EBIT": -28640000.0,
        "Net Interest Income": 3428000.0,
        "Interest Expense": NaN,
        "Interest Income": 3428000.0,
        "Normalized Income": -12148000.0,
        "Net Income From Continuing And Discontinued Operation": -25181000.0,
        "Total Expenses": 78953000.0,
        "Total Operating Income As Reported": -28640000.0,
        "Diluted Average Shares": 117434775.0,
        "Basic Average Shares": 117434775.0,
        "Diluted EPS": -0.22,
        "Basic EPS": -0.22,
        "Diluted NI Availto Com Stockholders": -25332000.0,
        "Net Income Common Stockholders": -25332000.0,
        "Preferred Stock Dividends": 151000.0,
        "Net Income": -25181000.0,
        "Minority Interests": 13025000.0,
        "Net Income Including Noncontrolling Interests": -38206000.0,
        "Net Income Extraordinary": NaN,
        "Net Income Continuous Operations": -38206000.0,
        "Tax Provision": 0.0,
        "Pretax Income": -38206000.0,
        "Other Income Expense": -12994000.0,
        "Other Non Operating Income Expenses": 39000.0,
        "Special Income Charges": 0.0,
        "Impairment Of Capital Assets": NaN,
        "Restructuring And Mergern Acquisition": 0.0,
        "Gain On Sale Of Security": -13033000.0,
        "Net Non Operating Interest Income Expense": 3428000.0,
        "Total Other Finance Cost": NaN,
        "Interest Expense Non Operating": NaN,
        "Interest Income Non Operating": 3428000.0,
        "Operating Income": -28640000.0,
        "Operating Expense": 16797000.0,
        "Depreciation Amortization Depletion Income Statement": 752000.0,
        "Depreciation And Amortization In Income Statement": 752000.0,
        "Depreciation Income Statement": 752000.0,
        "Selling General And Administration": 16045000.0,
        "General And Administrative Expense": 16045000.0,
        "Other Gand A": 16045000.0,
        "Gross Profit": -11843000.0,
        "Cost Of Revenue": 62156000.0,
        "Total Revenue": 50313000.0,
        "Operating Revenue": 50313000.0
    }
}