{
    "2023-06-30": {
        "Tax Effect Of Unusual Items": NaN,
        "Tax Rate For Calcs": NaN,
        "Normalized EBITDA": NaN,
        "Total Unusual Items": NaN,
        "Total Unusual Items Excluding Goodwill": NaN,
        "Net Income From Continuing Operation Net Minority Interest": NaN,
        "Reconciled Depreciation": NaN,
        "Reconciled Cost Of Revenue": NaN,
        "EBITDA": NaN,
        "EBIT": NaN,
        "Net Interest Income": NaN,
        "Interest Expense": NaN,
        "Interest Income": NaN,
        "Normalized Income": NaN,
        "Net Income From Continuing And Discontinued Operation": NaN,
        "Total Expenses": NaN,
        "Rent Expense Supplemental": NaN,
        "Total Operating Income As Reported": NaN,
        "Diluted Average Shares": NaN,
        "Basic Average Shares": NaN,
        "Diluted EPS": NaN,
        "Basic EPS": NaN,
        "Diluted NI Availto Com Stockholders": NaN,
        "Net Income Common Stockholders": NaN,
        "Otherunder Preferred Stock Dividend": -5000000.0,
        "Net Income": NaN,
        "Net Income Including Noncontrolling Interests": NaN,
        "Net Income Continuous Operations": NaN,
        "Tax Provision": NaN,
        "Pretax Income": NaN,
        "Other Income Expense": NaN,
        "Other Non Operating Income Expenses": NaN,
        "Special Income Charges": 0.0,
        "Gain On Sale Of Security": NaN,
        "Net Non Operating Interest Income Expense": NaN,
        "Interest Expense Non Operating": NaN,
        "Interest Income Non Operating": NaN,
        "Operating Income": NaN,
        "Operating Expense": NaN,
        "Other Operating Expenses": NaN,
        "Gross Profit": NaN,
        "Cost Of Revenue": NaN,
        "Total Revenue": NaN,
        "Operating Revenue": NaN
    },
    "2023-03-31": {
        "Tax Effect Of Unusual Items": NaN,
        "Tax Rate For Calcs": NaN,
        "Normalized EBITDA": NaN,
        "Total Unusual Items": NaN,
        "Total Unusual Items Excluding Goodwill": NaN,
        "Net Income From Continuing Operation Net Minority Interest": NaN,
        "Reconciled Depreciation": NaN,
        "Reconciled Cost Of Revenue": NaN,
        "EBITDA": NaN,
        "EBIT": NaN,
        "Net Interest Income": NaN,
        "Interest Expense": NaN,
        "Interest Income": NaN,
        "Normalized Income": NaN,
        "Net Income From Continuing And Discontinued Operation": NaN,
        "Total Expenses": NaN,
        "Rent Expense Supplemental": NaN,
        "Total Operating Income As Reported": NaN,
        "Diluted Average Shares": NaN,
        "Basic Average Shares": NaN,
        "Diluted EPS": NaN,
        "Basic EPS": NaN,
        "Diluted NI Availto Com Stockholders": NaN,
        "Net Income Common Stockholders": NaN,
        "Otherunder Preferred Stock Dividend": 0.0,
        "Net Income": NaN,
        "Net Income Including Noncontrolling Interests": NaN,
        "Net Income Continuous Operations": NaN,
        "Tax Provision": NaN,
        "Pretax Income": NaN,
        "Other Income Expense": NaN,
        "Other Non Operating Income Expenses": NaN,
        "Special Income Charges": 0.0,
        "Gain On Sale Of Security": NaN,
        "Net Non Operating Interest Income Expense": NaN,
        "Interest Expense Non Operating": NaN,
        "Interest Income Non Operating": NaN,
        "Operating Income": NaN,
        "Operating Expense": NaN,
        "Other Operating Expenses": NaN,
        "Gross Profit": NaN,
        "Cost Of Revenue": NaN,
        "Total Revenue": NaN,
        "Operating Revenue": NaN
    },
    "2022-12-31": {
        "Tax Effect Of Unusual Items": NaN,
        "Tax Rate For Calcs": NaN,
        "Normalized EBITDA": NaN,
        "Total Unusual Items": NaN,
        "Total Unusual Items Excluding Goodwill": NaN,
        "Net Income From Continuing Operation Net Minority Interest": NaN,
        "Reconciled Depreciation": NaN,
        "Reconciled Cost Of Revenue": NaN,
        "EBITDA": NaN,
        "EBIT": NaN,
        "Net Interest Income": NaN,
        "Interest Expense": NaN,
        "Interest Income": NaN,
        "Normalized Income": NaN,
        "Net Income From Continuing And Discontinued Operation": NaN,
        "Total Expenses": NaN,
        "Rent Expense Supplemental": NaN,
        "Total Operating Income As Reported": NaN,
        "Diluted Average Shares": NaN,
        "Basic Average Shares": NaN,
        "Diluted EPS": NaN,
        "Basic EPS": NaN,
        "Diluted NI Availto Com Stockholders": NaN,
        "Net Income Common Stockholders": NaN,
        "Otherunder Preferred Stock Dividend": NaN,
        "Net Income": NaN,
        "Net Income Including Noncontrolling Interests": NaN,
        "Net Income Continuous Operations": NaN,
        "Tax Provision": NaN,
        "Pretax Income": NaN,
        "Other Income Expense": NaN,
        "Other Non Operating Income Expenses": NaN,
        "Special Income Charges": -1000000.0,
        "Other Special Charges": 1000000.0,
        "Gain On Sale Of Security": NaN,
        "Net Non Operating Interest Income Expense": NaN,
        "Interest Expense Non Operating": NaN,
        "Interest Income Non Operating": NaN,
        "Operating Income": NaN,
        "Operating Expense": NaN,
        "Other Operating Expenses": NaN,
        "Gross Profit": NaN,
        "Cost Of Revenue": NaN,
        "Total Revenue": NaN,
        "Operating Revenue": NaN
    },
    "2022-09-30": {
        "Tax Effect Of Unusual Items": NaN,
        "Tax Rate For Calcs": NaN,
        "Normalized EBITDA": NaN,
        "Total Unusual Items": NaN,
        "Total Unusual Items Excluding Goodwill": NaN,
        "Net Income From Continuing Operation Net Minority Interest": NaN,
        "Reconciled Depreciation": NaN,
        "Reconciled Cost Of Revenue": NaN,
        "EBITDA": NaN,
        "EBIT": NaN,
        "Net Interest Income": NaN,
        "Interest Expense": NaN,
        "Interest Income": NaN,
        "Normalized Income": NaN,
        "Net Income From Continuing And Discontinued Operation": NaN,
        "Total Expenses": NaN,
        "Rent Expense Supplemental": NaN,
        "Total Operating Income As Reported": NaN,
        "Diluted Average Shares": NaN,
        "Basic Average Shares": NaN,
        "Diluted EPS": NaN,
        "Basic EPS": NaN,
        "Diluted NI Availto Com Stockholders": NaN,
        "Net Income Common Stockholders": NaN,
        "Otherunder Preferred Stock Dividend": NaN,
        "Net Income": NaN,
        "Net Income Including Noncontrolling Interests": NaN,
        "Net Income Continuous Operations": NaN,
        "Tax Provision": NaN,
        "Pretax Income": NaN,
        "Other Income Expense": NaN,
        "Other Non Operating Income Expenses": NaN,
        "Special Income Charges": NaN,
        "Other Special Charges": 76000000.0,
        "Gain On Sale Of Security": NaN,
        "Net Non Operating Interest Income Expense": NaN,
        "Interest Expense Non Operating": NaN,
        "Interest Income Non Operating": NaN,
        "Operating Income": NaN,
        "Operating Expense": NaN,
        "Other Operating Expenses": NaN,
        "Gross Profit": NaN,
        "Cost Of Revenue": NaN,
        "Total Revenue": NaN,
        "Operating Revenue": NaN
    },
    "2022-06-30": {
        "Tax Effect Of Unusual Items": 0.0,
        "Tax Rate For Calcs": 0.266409,
        "Normalized EBITDA": 1443000000.0,
        "Total Unusual Items": -66000000.0,
        "Total Unusual Items Excluding Goodwill": -66000000.0,
        "Net Income From Continuing Operation Net Minority Interest": 760000000.0,
        "Reconciled Depreciation": 325000000.0,
        "Reconciled Cost Of Revenue": 4779000000.0,
        "EBITDA": 1443000000.0,
        "EBIT": 1118000000.0,
        "Net Interest Income": -54000000.0,
        "Interest Expense": 82000000.0,
        "Interest Income": 28000000.0,
        "Normalized Income": 760000000.0,
        "Net Income From Continuing And Discontinued Operation": 760000000.0,
        "Total Expenses": 5570000000.0,
        "Rent Expense Supplemental": 388000000.0,
        "Total Operating Income As Reported": 1158000000.0,
        "Diluted Average Shares": 635000000.0,
        "Basic Average Shares": 593000000.0,
        "Diluted EPS": 1.2,
        "Basic EPS": 1.29,
        "Diluted NI Availto Com Stockholders": 760000000.0,
        "Net Income Common Stockholders": 760000000.0,
        "Otherunder Preferred Stock Dividend": -4000000.0,
        "Net Income": 760000000.0,
        "Net Income Including Noncontrolling Interests": 760000000.0,
        "Net Income Continuous Operations": 760000000.0,
        "Tax Provision": 276000000.0,
        "Pretax Income": 1036000000.0,
        "Other Income Expense": -68000000.0,
        "Other Non Operating Income Expenses": -68000000.0,
        "Special Income Charges": -43000000.0,
        "Other Special Charges": 43000000.0,
        "Gain On Sale Of Security": -23000000.0,
        "Net Non Operating Interest Income Expense": -54000000.0,
        "Interest Expense Non Operating": 82000000.0,
        "Interest Income Non Operating": 28000000.0,
        "Operating Income": 1158000000.0,
        "Operating Expense": 791000000.0,
        "Other Operating Expenses": 791000000.0,
        "Gross Profit": 1949000000.0,
        "Cost Of Revenue": 4779000000.0,
        "Total Revenue": 6728000000.0,
        "Operating Revenue": 6166000000.0
    },
    "2022-03-31": {
        "Diluted EPS": -0.47,
        "Total Revenue": NaN,
        "Gross Profit": 904,
        "Operating Income": -151,
        "EBIT": 173,
        "Net Income": -278
    },
    "2021-12-31": {
        "Diluted EPS": 0.12,
        "Total Revenue": NaN,
        "Gross Profit": NaN,
        "Operating Income": 195,
        "EBIT": 518,
        "Net Income": 67
    },
    "2021-09-30": {
        "Diluted EPS": 0.73,
        "Total Revenue": NaN,
        "Gross Profit": NaN,
        "Operating Income": 733,
        "EBIT": NaN,
        "Net Income": 446
    },
    "2021-06-30": {
        "Diluted EPS": 0.57,
        "Total Revenue": NaN,
        "Gross Profit": NaN,
        "Operating Income": 594,
        "EBIT": 909,
        "Net Income": 348
    },
    "2021-03-31": {
        "Diluted EPS": 0.19,
        "Total Revenue": NaN,
        "Gross Profit": 974,
        "Operating Income": 199,
        "EBIT": 511,
        "Net Income": 116
    },
    "2020-12-31": {
        "Diluted EPS": -1.67,
        "Total Revenue": NaN,
        "Gross Profit": -332,
        "Operating Income": NaN,
        "EBIT": -853,
        "Net Income": -908
    },
    "2020-09-30": {
        "Diluted EPS": -1.96,
        "Total Revenue": NaN,
        "Gross Profit": -608,
        "Operating Income": NaN,
        "EBIT": -873,
        "Net Income": NaN
    },
    "2020-06-30": {
        "Diluted EPS": -1.63,
        "Total Revenue": NaN,
        "Gross Profit": -594,
        "Operating Income": NaN,
        "EBIT": NaN,
        "Net Income": -915
    },
    "2020-03-31": {
        "Diluted EPS": -0.18,
        "Total Revenue": NaN,
        "Gross Profit": 899,
        "Operating Income": -110,
        "EBIT": 201,
        "Net Income": -94
    },
    "2019-12-31": {
        "Diluted EPS": 0.97,
        "Total Revenue": NaN,
        "Gross Profit": NaN,
        "Operating Income": 665,
        "EBIT": 978,
        "Net Income": 513
    },
    "2019-09-30": {
        "Diluted EPS": 1.23,
        "Total Revenue": NaN,
        "Gross Profit": NaN,
        "Operating Income": 819,
        "EBIT": NaN,
        "Net Income": 659
    },
    "2019-06-30": {
        "Diluted EPS": 1.37,
        "Total Revenue": NaN,
        "Gross Profit": NaN,
        "Operating Income": 968,
        "EBIT": NaN,
        "Net Income": 741
    },
    "2019-03-31": {
        "Diluted EPS": 0.7,
        "Total Revenue": NaN,
        "Gross Profit": NaN,
        "Operating Income": 505,
        "EBIT": 802,
        "Net Income": 387
    },
    "2018-12-31": {
        "Diluted EPS": 1.15,
        "Total Revenue": NaN,
        "Gross Profit": NaN,
        "Operating Income": 820,
        "EBIT": NaN,
        "Net Income": 654
    },
    "2018-09-30": {
        "Diluted EPS": 1.08,
        "Total Revenue": NaN,
        "Gross Profit": NaN,
        "Operating Income": 798,
        "EBIT": NaN,
        "Net Income": 615
    },
    "2018-06-30": {
        "Diluted EPS": 1.27,
        "Total Revenue": NaN,
        "Gross Profit": NaN,
        "Operating Income": 972,
        "EBIT": NaN,
        "Net Income": 733
    },
    "2018-03-31": {
        "Diluted EPS": 0.79,
        "Total Revenue": NaN,
        "Gross Profit": NaN,
        "Operating Income": 616,
        "EBIT": 893,
        "Net Income": 463
    },
    "2017-12-31": {
        "Diluted EPS": 2.91,
        "Total Revenue": NaN,
        "Gross Profit": NaN,
        "Operating Income": 741,
        "EBIT": NaN,
        "Net Income": NaN
    },
    "2017-09-30": {
        "Diluted EPS": 0.88,
        "Total Revenue": NaN,
        "Gross Profit": NaN,
        "Operating Income": 845,
        "EBIT": NaN,
        "Net Income": 528
    },
    "2017-06-30": {
        "Diluted EPS": 1.23,
        "Total Revenue": NaN,
        "Gross Profit": NaN,
        "Operating Income": NaN,
        "EBIT": NaN,
        "Net Income": 743
    },
    "2017-03-31": {
        "Diluted EPS": 0.55,
        "Total Revenue": NaN,
        "Gross Profit": NaN,
        "Operating Income": 606,
        "EBIT": 924,
        "Net Income": 339
    },
    "2016-12-31": {
        "Diluted EPS": 0.76,
        "Total Revenue": NaN,
        "Gross Profit": NaN,
        "Operating Income": 607,
        "EBIT": 925,
        "Net Income": 462
    },
    "2016-09-30": {
        "Diluted EPS": 0.62,
        "Total Revenue": NaN,
        "Gross Profit": NaN,
        "Operating Income": 695,
        "EBIT": NaN,
        "Net Income": 388
    },
    "2016-06-30": {
        "Diluted EPS": 1.28,
        "Total Revenue": NaN,
        "Gross Profit": NaN,
        "Operating Income": NaN,
        "EBIT": NaN,
        "Net Income": 820
    },
    "2016-03-31": {
        "Diluted EPS": 0.79,
        "Total Revenue": NaN,
        "Gross Profit": NaN,
        "Operating Income": 944,
        "EBIT": NaN,
        "Net Income": 513
    },
    "2015-12-31": {
        "Diluted EPS": 0.83,
        "Total Revenue": NaN,
        "Gross Profit": NaN,
        "Operating Income": NaN,
        "EBIT": NaN,
        "Net Income": 536
    },
    "2015-09-30": {
        "Diluted EPS": 0.88,
        "Total Revenue": NaN,
        "Gross Profit": NaN,
        "Operating Income": NaN,
        "EBIT": NaN,
        "Net Income": 584
    },
    "2015-06-30": {
        "Diluted EPS": 0.9,
        "Total Revenue": NaN,
        "Gross Profit": NaN,
        "Operating Income": NaN,
        "EBIT": NaN,
        "Net Income": 608
    },
    "2015-03-31": {
        "Diluted EPS": 0.66,
        "Total Revenue": NaN,
        "Gross Profit": NaN,
        "Operating Income": 780,
        "EBIT": NaN,
        "Net Income": 453
    },
    "2014-12-31": {
        "Diluted EPS": 0.27,
        "Total Revenue": NaN,
        "Gross Profit": NaN,
        "Operating Income": 621,
        "EBIT": 872,
        "Net Income": 190
    },
    "2014-09-30": {
        "Diluted EPS": 0.48,
        "Total Revenue": NaN,
        "Gross Profit": NaN,
        "Operating Income": 614,
        "EBIT": 852,
        "Net Income": 329
    },
    "2014-06-30": {
        "Diluted EPS": 0.67,
        "Total Revenue": NaN,
        "Gross Profit": NaN,
        "Operating Income": 775,
        "EBIT": NaN,
        "Net Income": 465
    },
    "2014-03-31": {
        "Diluted EPS": 0.22,
        "Total Revenue": NaN,
        "Gross Profit": 980,
        "Operating Income": 215,
        "EBIT": 436,
        "Net Income": 152
    },
    "2013-12-31": {
        "Diluted EPS": 0.29,
        "Total Revenue": NaN,
        "Gross Profit": NaN,
        "Operating Income": 385,
        "EBIT": 609,
        "Net Income": 212
    },
    "2013-09-30": {
        "Diluted EPS": 0.37,
        "Total Revenue": NaN,
        "Gross Profit": NaN,
        "Operating Income": 390,
        "EBIT": 611,
        "Net Income": 259
    },
    "2013-06-30": {
        "Diluted EPS": 0.31,
        "Total Revenue": NaN,
        "Gross Profit": NaN,
        "Operating Income": 433,
        "EBIT": 645,
        "Net Income": 224
    },
    "2013-03-31": {
        "Diluted EPS": 0.08,
        "Total Revenue": NaN,
        "Gross Profit": 794,
        "Operating Income": 70,
        "EBIT": 280,
        "Net Income": 59
    },
    "2012-12-31": {
        "Diluted EPS": 0.11,
        "Total Revenue": NaN,
        "Gross Profit": 865,
        "Operating Income": 90,
        "EBIT": 323,
        "Net Income": 79
    },
    "2012-09-30": {
        "Diluted EPS": 0.02,
        "Total Revenue": NaN,
        "Gross Profit": 922,
        "Operating Income": 51,
        "EBIT": 265,
        "Net Income": 16
    },
    "2012-06-30": {
        "Diluted EPS": 0.3,
        "Total Revenue": NaN,
        "Gross Profit": NaN,
        "Operating Income": 460,
        "EBIT": 659,
        "Net Income": 228
    },
    "2012-03-31": {
        "Diluted EPS": 0.13,
        "Total Revenue": NaN,
        "Gross Profit": 726,
        "Operating Income": 22,
        "EBIT": 220,
        "Net Income": 98
    },
    "2011-12-31": {
        "Diluted EPS": 0.19,
        "Total Revenue": NaN,
        "Gross Profit": 884,
        "Operating Income": 147,
        "EBIT": 349,
        "Net Income": 152
    },
    "2011-09-30": {
        "Diluted EPS": -0.18,
        "Total Revenue": NaN,
        "Gross Profit": 960,
        "Operating Income": 225,
        "EBIT": 413,
        "Net Income": -140
    },
    "2011-06-30": {
        "Diluted EPS": 0.21,
        "Total Revenue": NaN,
        "Gross Profit": 912,
        "Operating Income": 207,
        "EBIT": 380,
        "Net Income": 161
    },
    "2011-03-31": {
        "Diluted EPS": 0.01,
        "Total Revenue": NaN,
        "Gross Profit": 665,
        "Operating Income": 114,
        "EBIT": 266,
        "Net Income": 5
    },
    "2010-12-31": {
        "Diluted EPS": 0.18,
        "Total Revenue": NaN,
        "Gross Profit": 777,
        "Operating Income": 216,
        "EBIT": 371,
        "Net Income": 131
    },
    "2010-09-30": {
        "Diluted EPS": 0.27,
        "Total Revenue": NaN,
        "Gross Profit": 879,
        "Operating Income": 355,
        "EBIT": 513,
        "Net Income": 205
    },
    "2010-06-30": {
        "Diluted EPS": 0.15,
        "Total Revenue": NaN,
        "Gross Profit": 844,
        "Operating Income": 363,
        "EBIT": 513,
        "Net Income": 112
    },
    "2010-03-31": {
        "Diluted EPS": 0.01,
        "Total Revenue": NaN,
        "Gross Profit": 542,
        "Operating Income": 54,
        "EBIT": 205,
        "Net Income": 11
    },
    "2009-12-31": {
        "Diluted EPS": 0.15,
        "Total Revenue": NaN,
        "Gross Profit": 668,
        "Operating Income": 167,
        "EBIT": 320,
        "Net Income": 115
    },
    "2009-09-30": {
        "Diluted EPS": -0.02,
        "Total Revenue": NaN,
        "Gross Profit": 508,
        "Operating Income": 22,
        "EBIT": 180,
        "Net Income": -16
    },
    "2009-06-30": {
        "Diluted EPS": 0.12,
        "Total Revenue": NaN,
        "Gross Profit": 611,
        "Operating Income": 123,
        "EBIT": 269,
        "Net Income": 91
    },
    "2009-03-31": {
        "Diluted EPS": -0.12,
        "Total Revenue": NaN,
        "Gross Profit": 428,
        "Operating Income": -50,
        "EBIT": 97,
        "Net Income": -91
    },
    "2023-09-30": {
        "Tax Effect Of Unusual Items": NaN,
        "Tax Rate For Calcs": NaN,
        "Normalized EBITDA": NaN,
        "Total Unusual Items": NaN,
        "Total Unusual Items Excluding Goodwill": NaN,
        "Net Income From Continuing Operation Net Minority Interest": NaN,
        "Reconciled Depreciation": NaN,
        "Reconciled Cost Of Revenue": NaN,
        "EBITDA": NaN,
        "EBIT": NaN,
        "Net Interest Income": NaN,
        "Interest Expense": NaN,
        "Interest Income": NaN,
        "Normalized Income": NaN,
        "Net Income From Continuing And Discontinued Operation": NaN,
        "Total Expenses": NaN,
        "Rent Expense Supplemental": NaN,
        "Total Operating Income As Reported": NaN,
        "Diluted Average Shares": NaN,
        "Basic Average Shares": NaN,
        "Diluted EPS": NaN,
        "Basic EPS": NaN,
        "Diluted NI Availto Com Stockholders": NaN,
        "Net Income Common Stockholders": NaN,
        "Otherunder Preferred Stock Dividend": -5000000.0,
        "Net Income": NaN,
        "Net Income Including Noncontrolling Interests": NaN,
        "Net Income Continuous Operations": NaN,
        "Tax Provision": NaN,
        "Pretax Income": NaN,
        "Other Income Expense": NaN,
        "Other Non Operating Income Expenses": NaN,
        "Special Income Charges": 0.0,
        "Gain On Sale Of Security": NaN,
        "Net Non Operating Interest Income Expense": NaN,
        "Interest Expense Non Operating": NaN,
        "Interest Income Non Operating": NaN,
        "Operating Income": NaN,
        "Operating Expense": NaN,
        "Other Operating Expenses": NaN,
        "Gross Profit": NaN,
        "Cost Of Revenue": NaN,
        "Total Revenue": NaN,
        "Operating Revenue": NaN
    },
    "2023-12-31": {
        "Tax Effect Of Unusual Items": NaN,
        "Tax Rate For Calcs": NaN,
        "Normalized EBITDA": NaN,
        "Total Unusual Items": NaN,
        "Total Unusual Items Excluding Goodwill": NaN,
        "Net Income From Continuing Operation Net Minority Interest": NaN,
        "Reconciled Depreciation": NaN,
        "Reconciled Cost Of Revenue": NaN,
        "EBITDA": NaN,
        "EBIT": NaN,
        "Net Interest Income": NaN,
        "Interest Expense": NaN,
        "Interest Income": NaN,
        "Normalized Income": NaN,
        "Net Income From Continuing And Discontinued Operation": NaN,
        "Total Expenses": NaN,
        "Rent Expense Supplemental": NaN,
        "Total Operating Income As Reported": NaN,
        "Diluted Average Shares": NaN,
        "Basic Average Shares": NaN,
        "Diluted EPS": NaN,
        "Basic EPS": NaN,
        "Diluted NI Availto Com Stockholders": NaN,
        "Net Income Common Stockholders": NaN,
        "Otherunder Preferred Stock Dividend": NaN,
        "Net Income": NaN,
        "Net Income Including Noncontrolling Interests": NaN,
        "Net Income Continuous Operations": NaN,
        "Tax Provision": NaN,
        "Pretax Income": NaN,
        "Other Income Expense": NaN,
        "Other Non Operating Income Expenses": NaN,
        "Special Income Charges": 0.0,
        "Gain On Sale Of Security": NaN,
        "Net Non Operating Interest Income Expense": NaN,
        "Interest Expense Non Operating": NaN,
        "Interest Income Non Operating": NaN,
        "Operating Income": NaN,
        "Operating Expense": NaN,
        "Other Operating Expenses": NaN,
        "Gross Profit": NaN,
        "Cost Of Revenue": NaN,
        "Total Revenue": NaN,
        "Operating Revenue": NaN
    },
    "2024-03-31": {
        "Tax Effect Of Unusual Items": NaN,
        "Tax Rate For Calcs": NaN,
        "Normalized EBITDA": NaN,
        "Total Unusual Items": NaN,
        "Total Unusual Items Excluding Goodwill": NaN,
        "Net Income From Continuing Operation Net Minority Interest": NaN,
        "Reconciled Depreciation": NaN,
        "Reconciled Cost Of Revenue": NaN,
        "EBITDA": NaN,
        "EBIT": NaN,
        "Net Interest Income": NaN,
        "Interest Expense": NaN,
        "Interest Income": NaN,
        "Normalized Income": NaN,
        "Net Income From Continuing And Discontinued Operation": NaN,
        "Total Expenses": NaN,
        "Rent Expense Supplemental": NaN,
        "Total Operating Income As Reported": NaN,
        "Diluted Average Shares": NaN,
        "Basic Average Shares": NaN,
        "Diluted EPS": NaN,
        "Basic EPS": NaN,
        "Diluted NI Availto Com Stockholders": NaN,
        "Net Income Common Stockholders": NaN,
        "Otherunder Preferred Stock Dividend": NaN,
        "Net Income": NaN,
        "Net Income Including Noncontrolling Interests": NaN,
        "Net Income Continuous Operations": NaN,
        "Tax Provision": NaN,
        "Pretax Income": NaN,
        "Other Income Expense": NaN,
        "Other Non Operating Income Expenses": -1000000.0,
        "Gain On Sale Of Security": NaN,
        "Net Non Operating Interest Income Expense": NaN,
        "Interest Expense Non Operating": NaN,
        "Interest Income Non Operating": NaN,
        "Operating Income": NaN,
        "Operating Expense": NaN,
        "Other Operating Expenses": NaN,
        "Gross Profit": NaN,
        "Cost Of Revenue": NaN,
        "Total Revenue": NaN,
        "Operating Revenue": NaN
    },
    "2024-06-30": {
        "Tax Effect Of Unusual Items": NaN,
        "Tax Rate For Calcs": NaN,
        "Normalized EBITDA": NaN,
        "Total Unusual Items": NaN,
        "Total Unusual Items Excluding Goodwill": NaN,
        "Net Income From Continuing Operation Net Minority Interest": NaN,
        "Reconciled Depreciation": NaN,
        "Reconciled Cost Of Revenue": NaN,
        "EBITDA": NaN,
        "EBIT": NaN,
        "Net Interest Income": NaN,
        "Interest Expense": NaN,
        "Interest Income": NaN,
        "Normalized Income": NaN,
        "Net Income From Continuing And Discontinued Operation": NaN,
        "Total Expenses": NaN,
        "Rent Expense Supplemental": NaN,
        "Total Operating Income As Reported": NaN,
        "Diluted Average Shares": NaN,
        "Basic Average Shares": NaN,
        "Diluted EPS": NaN,
        "Basic EPS": NaN,
        "Diluted NI Availto Com Stockholders": NaN,
        "Net Income Common Stockholders": NaN,
        "Otherunder Preferred Stock Dividend": -5000000.0,
        "Net Income": NaN,
        "Net Income Including Noncontrolling Interests": NaN,
        "Net Income Continuous Operations": NaN,
        "Tax Provision": NaN,
        "Pretax Income": NaN,
        "Other Income Expense": NaN,
        "Other Non Operating Income Expenses": -2000000.0,
        "Gain On Sale Of Security": NaN,
        "Net Non Operating Interest Income Expense": NaN,
        "Interest Expense Non Operating": NaN,
        "Interest Income Non Operating": NaN,
        "Operating Income": NaN,
        "Operating Expense": NaN,
        "Other Operating Expenses": NaN,
        "Gross Profit": NaN,
        "Cost Of Revenue": NaN,
        "Total Revenue": NaN,
        "Operating Revenue": NaN
    },
    "2024-09-30": {
        "Tax Effect Of Unusual Items": -4080000.0,
        "Tax Rate For Calcs": 0.24,
        "Normalized EBITDA": 598000000.0,
        "Total Unusual Items": -17000000.0,
        "Total Unusual Items Excluding Goodwill": -17000000.0,
        "Net Income From Continuing Operation Net Minority Interest": 67000000.0,
        "Reconciled Depreciation": 438000000.0,
        "Reconciled Cost Of Revenue": 5753000000.0,
        "EBITDA": 581000000.0,
        "EBIT": 143000000.0,
        "Net Interest Income": 67000000.0,
        "Interest Expense": 54000000.0,
        "Interest Income": 121000000.0,
        "Normalized Income": 79920000.0,
        "Net Income From Continuing And Discontinued Operation": 67000000.0,
        "Total Expenses": 6832000000.0,
        "Rent Expense Supplemental": 493000000.0,
        "Total Operating Income As Reported": 38000000.0,
        "Diluted Average Shares": 601000000.0,
        "Basic Average Shares": 599000000.0,
        "Diluted EPS": 0.11,
        "Basic EPS": 0.11,
        "Diluted NI Availto Com Stockholders": 67000000.0,
        "Net Income Common Stockholders": 67000000.0,
        "Otherunder Preferred Stock Dividend": 0.0,
        "Net Income": 67000000.0,
        "Net Income Including Noncontrolling Interests": 67000000.0,
        "Net Income Continuous Operations": 67000000.0,
        "Tax Provision": 22000000.0,
        "Pretax Income": 89000000.0,
        "Other Income Expense": -16000000.0,
        "Other Non Operating Income Expenses": 1000000.0,
        "Gain On Sale Of Security": -17000000.0,
        "Net Non Operating Interest Income Expense": 67000000.0,
        "Interest Expense Non Operating": 54000000.0,
        "Interest Income Non Operating": 121000000.0,
        "Operating Income": 38000000.0,
        "Operating Expense": 1079000000.0,
        "Other Operating Expenses": 1079000000.0,
        "Gross Profit": 1117000000.0,
        "Cost Of Revenue": 5753000000.0,
        "Total Revenue": 6870000000.0,
        "Operating Revenue": 6293000000.0
    },
    "2024-12-31": {
        "Tax Effect Of Unusual Items": -2273556.231003,
        "Tax Rate For Calcs": 0.206687,
        "Normalized EBITDA": 794000000.0,
        "Total Unusual Items": -11000000.0,
        "Total Unusual Items Excluding Goodwill": -11000000.0,
        "Net Income From Continuing Operation Net Minority Interest": 261000000.0,
        "Reconciled Depreciation": 407000000.0,
        "Reconciled Cost Of Revenue": 5702000000.0,
        "EBITDA": 783000000.0,
        "EBIT": 376000000.0,
        "Net Interest Income": 58000000.0,
        "Interest Expense": 47000000.0,
        "Interest Income": 105000000.0,
        "Normalized Income": 269726443.768997,
        "Net Income From Continuing And Discontinued Operation": 261000000.0,
        "Total Expenses": 6652000000.0,
        "Rent Expense Supplemental": 494000000.0,
        "Total Operating Income As Reported": 278000000.0,
        "Diluted Average Shares": 641000000.0,
        "Basic Average Shares": 595000000.0,
        "Diluted EPS": 0.42,
        "Basic EPS": 0.44,
        "Diluted NI Availto Com Stockholders": 266000000.0,
        "Net Income Common Stockholders": 266000000.0,
        "Otherunder Preferred Stock Dividend": -5000000.0,
        "Net Income": 261000000.0,
        "Net Income Including Noncontrolling Interests": 261000000.0,
        "Net Income Continuous Operations": 261000000.0,
        "Tax Provision": 68000000.0,
        "Pretax Income": 329000000.0,
        "Other Income Expense": -7000000.0,
        "Other Non Operating Income Expenses": 4000000.0,
        "Gain On Sale Of Security": -11000000.0,
        "Net Non Operating Interest Income Expense": 58000000.0,
        "Interest Expense Non Operating": 47000000.0,
        "Interest Income Non Operating": 105000000.0,
        "Operating Income": 278000000.0,
        "Operating Expense": 950000000.0,
        "Other Operating Expenses": 950000000.0,
        "Gross Profit": 1228000000.0,
        "Cost Of Revenue": 5702000000.0,
        "Total Revenue": 6930000000.0,
        "Operating Revenue": 6351000000.0
    },
    "2025-03-31": {
        "Tax Effect Of Unusual Items": -4014000.0,
        "Tax Rate For Calcs": 0.223,
        "Normalized EBITDA": 257000000.0,
        "Total Unusual Items": -18000000.0,
        "Total Unusual Items Excluding Goodwill": -18000000.0,
        "Net Income From Continuing Operation Net Minority Interest": -149000000.0,
        "Reconciled Depreciation": 396000000.0,
        "Reconciled Cost Of Revenue": 5561000000.0,
        "EBITDA": 239000000.0,
        "EBIT": -157000000.0,
        "Net Interest Income": 49000000.0,
        "Interest Expense": 35000000.0,
        "Interest Income": 84000000.0,
        "Normalized Income": -135014000.0,
        "Net Income From Continuing And Discontinued Operation": -149000000.0,
        "Total Expenses": 6651000000.0,
        "Rent Expense Supplemental": 522000000.0,
        "Total Operating Income As Reported": -223000000.0,
        "Diluted Average Shares": 584000000.0,
        "Basic Average Shares": 584000000.0,
        "Diluted EPS": -0.26,
        "Basic EPS": -0.26,
        "Diluted NI Availto Com Stockholders": -149000000.0,
        "Net Income Common Stockholders": -149000000.0,
        "Otherunder Preferred Stock Dividend": NaN,
        "Net Income": -149000000.0,
        "Net Income Including Noncontrolling Interests": -149000000.0,
        "Net Income Continuous Operations": -149000000.0,
        "Tax Provision": -43000000.0,
        "Pretax Income": -192000000.0,
        "Other Income Expense": -18000000.0,
        "Other Non Operating Income Expenses": NaN,
        "Gain On Sale Of Security": -18000000.0,
        "Net Non Operating Interest Income Expense": 49000000.0,
        "Interest Expense Non Operating": 35000000.0,
        "Interest Income Non Operating": 84000000.0,
        "Operating Income": -223000000.0,
        "Operating Expense": 1090000000.0,
        "Other Operating Expenses": 1090000000.0,
        "Gross Profit": 867000000.0,
        "Cost Of Revenue": 5561000000.0,
        "Total Revenue": 6428000000.0,
        "Operating Revenue": 5852000000.0
    },
    "2025-06-30": {
        "Tax Effect Of Unusual Items": 6692000.0,
        "Tax Rate For Calcs": 0.239,
        "Normalized EBITDA": 678000000.0,
        "Total Unusual Items": 28000000.0,
        "Total Unusual Items Excluding Goodwill": 28000000.0,
        "Net Income From Continuing Operation Net Minority Interest": 213000000.0,
        "Reconciled Depreciation": 400000000.0,
        "Reconciled Cost Of Revenue": 5886000000.0,
        "EBITDA": 706000000.0,
        "EBIT": 306000000.0,
        "Net Interest Income": 28000000.0,
        "Interest Expense": 26000000.0,
        "Interest Income": 54000000.0,
        "Normalized Income": 191692000.0,
        "Net Income From Continuing And Discontinued Operation": 213000000.0,
        "Total Expenses": 7019000000.0,
        "Rent Expense Supplemental": 567000000.0,
        "Total Operating Income As Reported": 225000000.0,
        "Diluted Average Shares": 541000000.0,
        "Basic Average Shares": 538000000.0,
        "Diluted EPS": 0.39,
        "Basic EPS": 0.4,
        "Diluted NI Availto Com Stockholders": 213000000.0,
        "Net Income Common Stockholders": 213000000.0,
        "Otherunder Preferred Stock Dividend": 0.0,
        "Net Income": 213000000.0,
        "Net Income Including Noncontrolling Interests": 213000000.0,
        "Net Income Continuous Operations": 213000000.0,
        "Tax Provision": 67000000.0,
        "Pretax Income": 280000000.0,
        "Other Income Expense": 27000000.0,
        "Other Non Operating Income Expenses": -1000000.0,
        "Gain On Sale Of Security": 28000000.0,
        "Net Non Operating Interest Income Expense": 28000000.0,
        "Interest Expense Non Operating": 26000000.0,
        "Interest Income Non Operating": 54000000.0,
        "Operating Income": 225000000.0,
        "Operating Expense": 1133000000.0,
        "Other Operating Expenses": 1133000000.0,
        "Gross Profit": 1358000000.0,
        "Cost Of Revenue": 5886000000.0,
        "Total Revenue": 7244000000.0,
        "Operating Revenue": 6671000000.0
    },
    "2025-09-30": {
        "Tax Effect Of Unusual Items": 4830000.0,
        "Tax Rate For Calcs": 0.21,
        "Normalized EBITDA": 461000000.0,
        "Total Unusual Items": 23000000.0,
        "Total Unusual Items Excluding Goodwill": 23000000.0,
        "Net Income From Continuing Operation Net Minority Interest": 54000000.0,
        "Reconciled Depreciation": 394000000.0,
        "Reconciled Cost Of Revenue": 5791000000.0,
        "EBITDA": 484000000.0,
        "EBIT": 90000000.0,
        "Net Interest Income": 12000000.0,
        "Interest Expense": 22000000.0,
        "Interest Income": 34000000.0,
        "Normalized Income": 35830000.0,
        "Net Income From Continuing And Discontinued Operation": 54000000.0,
        "Total Expenses": 6914000000.0,
        "Rent Expense Supplemental": 548000000.0,
        "Total Operating Income As Reported": 35000000.0,
        "Diluted Average Shares": 526000000.0,
        "Basic Average Shares": 523000000.0,
        "Diluted EPS": 0.1,
        "Basic EPS": 0.1,
        "Diluted NI Availto Com Stockholders": 54000000.0,
        "Net Income Common Stockholders": 54000000.0,
        "Otherunder Preferred Stock Dividend": 0.0,
        "Net Income": 54000000.0,
        "Net Income Including Noncontrolling Interests": 54000000.0,
        "Net Income Continuous Operations": 54000000.0,
        "Tax Provision": 14000000.0,
        "Pretax Income": 68000000.0,
        "Other Income Expense": 21000000.0,
        "Other Non Operating Income Expenses": -2000000.0,
        "Gain On Sale Of Security": 23000000.0,
        "Net Non Operating Interest Income Expense": 12000000.0,
        "Interest Expense Non Operating": 22000000.0,
        "Interest Income Non Operating": 34000000.0,
        "Operating Income": 35000000.0,
        "Operating Expense": 1123000000.0,
        "Other Operating Expenses": 1123000000.0,
        "Gross Profit": 1158000000.0,
        "Cost Of Revenue": 5791000000.0,
        "Total Revenue": 6949000000.0,
        "Operating Revenue": 6355000000.0
    }
}