{
    "2023-03-31": {
        "Tax Effect Of Unusual Items": -217140.0,
        "Tax Rate For Calcs": 0.21,
        "Normalized EBITDA": -1834000.0,
        "Total Unusual Items": -1034000.0,
        "Total Unusual Items Excluding Goodwill": -1034000.0,
        "Net Income From Continuing Operation Net Minority Interest": -5410000.0,
        "Reconciled Depreciation": 944000.0,
        "Reconciled Cost Of Revenue": 17595000.0,
        "EBITDA": -2868000.0,
        "EBIT": -3812000.0,
        "Net Interest Income": -1548000.0,
        "Interest Expense": 1548000.0,
        "Normalized Income": -4593140.0,
        "Net Income From Continuing And Discontinued Operation": -5410000.0,
        "Total Expenses": 26408000.0,
        "Total Operating Income As Reported": -860000.0,
        "Diluted Average Shares": 86848506.0,
        "Basic Average Shares": 86848506.0,
        "Diluted EPS": -0.06,
        "Basic EPS": -0.06,
        "Diluted NI Availto Com Stockholders": -5410000.0,
        "Net Income Common Stockholders": -5410000.0,
        "Net Income": -5410000.0,
        "Minority Interests": NaN,
        "Net Income Including Noncontrolling Interests": -5410000.0,
        "Net Income Continuous Operations": -5410000.0,
        "Tax Provision": 50000.0,
        "Pretax Income": -5360000.0,
        "Other Income Expense": -2952000.0,
        "Other Non Operating Income Expenses": -1918000.0,
        "Special Income Charges": -1034000.0,
        "Impairment Of Capital Assets": 0.0,
        "Net Non Operating Interest Income Expense": -1548000.0,
        "Interest Expense Non Operating": 1548000.0,
        "Operating Income": -860000.0,
        "Operating Expense": 8113000.0,
        "Depreciation Amortization Depletion Income Statement": 244000.0,
        "Depreciation And Amortization In Income Statement": 244000.0,
        "Amortization": 244000.0,
        "Amortization Of Intangibles Income Statement": 244000.0,
        "Depreciation Income Statement": NaN,
        "Research And Development": 1244000.0,
        "Selling General And Administration": 6625000.0,
        "Selling And Marketing Expense": 1968000.0,
        "General And Administrative Expense": 4657000.0,
        "Other Gand A": 4657000.0,
        "Salaries And Wages": NaN,
        "Gross Profit": 7253000.0,
        "Cost Of Revenue": 18295000.0,
        "Total Revenue": 25548000.0,
        "Operating Revenue": 25548000.0
    },
    "2022-12-31": {
        "Tax Effect Of Unusual Items": NaN,
        "Tax Rate For Calcs": NaN,
        "Normalized EBITDA": NaN,
        "Total Unusual Items": 0.0,
        "Total Unusual Items Excluding Goodwill": 0.0,
        "Net Income From Continuing Operation Net Minority Interest": NaN,
        "Reconciled Depreciation": NaN,
        "Reconciled Cost Of Revenue": NaN,
        "EBITDA": NaN,
        "EBIT": NaN,
        "Net Interest Income": NaN,
        "Interest Expense": NaN,
        "Normalized Income": NaN,
        "Net Income From Continuing And Discontinued Operation": NaN,
        "Total Expenses": NaN,
        "Total Operating Income As Reported": NaN,
        "Diluted Average Shares": 85585700.0,
        "Basic Average Shares": 85585700.0,
        "Diluted EPS": -0.04,
        "Basic EPS": -0.04,
        "Diluted NI Availto Com Stockholders": NaN,
        "Net Income Common Stockholders": NaN,
        "Net Income": NaN,
        "Minority Interests": 0.0,
        "Net Income Including Noncontrolling Interests": NaN,
        "Net Income Continuous Operations": NaN,
        "Tax Provision": NaN,
        "Pretax Income": NaN,
        "Other Income Expense": NaN,
        "Other Non Operating Income Expenses": NaN,
        "Special Income Charges": 0.0,
        "Impairment Of Capital Assets": 0.0,
        "Net Non Operating Interest Income Expense": NaN,
        "Interest Expense Non Operating": NaN,
        "Operating Income": NaN,
        "Operating Expense": NaN,
        "Depreciation Amortization Depletion Income Statement": NaN,
        "Depreciation And Amortization In Income Statement": NaN,
        "Amortization": NaN,
        "Amortization Of Intangibles Income Statement": NaN,
        "Depreciation Income Statement": NaN,
        "Research And Development": NaN,
        "Selling General And Administration": NaN,
        "Selling And Marketing Expense": NaN,
        "General And Administrative Expense": NaN,
        "Other Gand A": NaN,
        "Salaries And Wages": NaN,
        "Gross Profit": NaN,
        "Cost Of Revenue": NaN,
        "Total Revenue": NaN,
        "Operating Revenue": NaN
    },
    "2022-09-30": {
        "Tax Effect Of Unusual Items": NaN,
        "Tax Rate For Calcs": NaN,
        "Normalized EBITDA": NaN,
        "Total Unusual Items": -1356000.0,
        "Total Unusual Items Excluding Goodwill": -1356000.0,
        "Net Income From Continuing Operation Net Minority Interest": NaN,
        "Reconciled Depreciation": NaN,
        "Reconciled Cost Of Revenue": NaN,
        "EBITDA": NaN,
        "EBIT": NaN,
        "Net Interest Income": NaN,
        "Interest Expense": NaN,
        "Normalized Income": NaN,
        "Net Income From Continuing And Discontinued Operation": NaN,
        "Total Expenses": NaN,
        "Total Operating Income As Reported": NaN,
        "Diluted Average Shares": NaN,
        "Basic Average Shares": NaN,
        "Diluted EPS": NaN,
        "Basic EPS": NaN,
        "Diluted NI Availto Com Stockholders": NaN,
        "Net Income Common Stockholders": NaN,
        "Net Income": NaN,
        "Minority Interests": 0.0,
        "Net Income Including Noncontrolling Interests": NaN,
        "Net Income Continuous Operations": NaN,
        "Tax Provision": NaN,
        "Pretax Income": NaN,
        "Other Income Expense": NaN,
        "Other Non Operating Income Expenses": NaN,
        "Special Income Charges": -1356000.0,
        "Impairment Of Capital Assets": 1356000.0,
        "Net Non Operating Interest Income Expense": NaN,
        "Interest Expense Non Operating": NaN,
        "Operating Income": NaN,
        "Operating Expense": NaN,
        "Depreciation Amortization Depletion Income Statement": NaN,
        "Depreciation And Amortization In Income Statement": NaN,
        "Amortization": NaN,
        "Amortization Of Intangibles Income Statement": NaN,
        "Depreciation Income Statement": NaN,
        "Research And Development": NaN,
        "Selling General And Administration": NaN,
        "Selling And Marketing Expense": NaN,
        "General And Administrative Expense": NaN,
        "Other Gand A": NaN,
        "Salaries And Wages": NaN,
        "Gross Profit": NaN,
        "Cost Of Revenue": NaN,
        "Total Revenue": NaN,
        "Operating Revenue": NaN
    },
    "2022-06-30": {
        "Tax Effect Of Unusual Items": 0.0,
        "Tax Rate For Calcs": 0.4,
        "Normalized EBITDA": 3753000.0,
        "Total Unusual Items": 0.0,
        "Total Unusual Items Excluding Goodwill": 0.0,
        "Net Income From Continuing Operation Net Minority Interest": 1348000.0,
        "Reconciled Depreciation": 1411000.0,
        "Reconciled Cost Of Revenue": 15382000.0,
        "EBITDA": 3753000.0,
        "EBIT": 2342000.0,
        "Net Interest Income": -997000.0,
        "Interest Expense": 997000.0,
        "Normalized Income": 1348000.0,
        "Net Income From Continuing And Discontinued Operation": 1348000.0,
        "Total Expenses": 22985000.0,
        "Total Operating Income As Reported": 237000.0,
        "Diluted Average Shares": 82126622.0,
        "Basic Average Shares": 82072822.0,
        "Diluted EPS": 0.02,
        "Basic EPS": 0.02,
        "Diluted NI Availto Com Stockholders": 1348000.0,
        "Net Income Common Stockholders": 1348000.0,
        "Net Income": 1348000.0,
        "Net Income Including Noncontrolling Interests": 1348000.0,
        "Net Income Continuous Operations": 1348000.0,
        "Tax Provision": -3000.0,
        "Pretax Income": 1345000.0,
        "Other Income Expense": 2105000.0,
        "Other Non Operating Income Expenses": 2105000.0,
        "Special Income Charges": 0.0,
        "Other Special Charges": NaN,
        "Impairment Of Capital Assets": NaN,
        "Net Non Operating Interest Income Expense": -997000.0,
        "Interest Expense Non Operating": 997000.0,
        "Operating Income": 237000.0,
        "Operating Expense": 7603000.0,
        "Depreciation Amortization Depletion Income Statement": 1411000.0,
        "Depreciation And Amortization In Income Statement": 1411000.0,
        "Amortization": 1411000.0,
        "Amortization Of Intangibles Income Statement": 1411000.0,
        "Depreciation Income Statement": NaN,
        "Research And Development": 1617000.0,
        "Selling General And Administration": 4575000.0,
        "Selling And Marketing Expense": 2366000.0,
        "General And Administrative Expense": 2209000.0,
        "Other Gand A": 2209000.0,
        "Salaries And Wages": NaN,
        "Gross Profit": 7840000.0,
        "Cost Of Revenue": 15382000.0,
        "Total Revenue": 23222000.0,
        "Operating Revenue": 23222000.0
    },
    "2022-03-31": {
        "Diluted EPS": -0.12,
        "Total Revenue": 23,
        "Gross Profit": 5,
        "Operating Income": -8,
        "EBIT": -6,
        "Net Income": -9
    },
    "2021-12-31": {
        "Diluted EPS": -0.15,
        "Total Revenue": 33,
        "Gross Profit": 5,
        "Operating Income": -10,
        "EBIT": -7,
        "Net Income": -12
    },
    "2021-09-30": {
        "Diluted EPS": -0.19,
        "Total Revenue": 22,
        "Gross Profit": 6,
        "Operating Income": -10,
        "EBIT": -7,
        "Net Income": -15
    },
    "2021-06-30": {
        "Diluted EPS": -0.1,
        "Total Revenue": 39,
        "Gross Profit": 8,
        "Operating Income": -10,
        "EBIT": -7,
        "Net Income": -8
    },
    "2021-03-31": {
        "Diluted EPS": -0.21,
        "Total Revenue": 21,
        "Gross Profit": 5,
        "Operating Income": -9,
        "EBIT": -6,
        "Net Income": -15
    },
    "2020-12-31": {
        "Diluted EPS": -0.12,
        "Total Revenue": 19,
        "Gross Profit": 5,
        "Operating Income": -8,
        "EBIT": -5,
        "Net Income": -9
    },
    "2020-09-30": {
        "Diluted EPS": -0.15,
        "Total Revenue": 15,
        "Gross Profit": 4,
        "Operating Income": -7,
        "EBIT": -5,
        "Net Income": -10
    },
    "2020-06-30": {
        "Diluted EPS": -0.13,
        "Total Revenue": 11,
        "Gross Profit": 3,
        "Operating Income": -6,
        "EBIT": -3,
        "Net Income": -8
    },
    "2020-03-31": {
        "Diluted EPS": -0.14,
        "Total Revenue": 10,
        "Gross Profit": 2,
        "Operating Income": -8,
        "EBIT": -6,
        "Net Income": -9
    },
    "2019-12-31": {
        "Diluted EPS": -0.15,
        "Total Revenue": 10,
        "Gross Profit": 2,
        "Operating Income": -8,
        "EBIT": -6,
        "Net Income": -9
    },
    "2019-09-30": {
        "Diluted EPS": -0.19,
        "Total Revenue": 10,
        "Gross Profit": 1,
        "Operating Income": -10,
        "EBIT": -8,
        "Net Income": -11
    },
    "2019-06-30": {
        "Diluted EPS": -0.21,
        "Total Revenue": 9,
        "Gross Profit": 0,
        "Operating Income": -10,
        "EBIT": -8,
        "Net Income": -11
    },
    "2019-03-31": {
        "Diluted EPS": -0.19,
        "Total Revenue": 9,
        "Gross Profit": 2,
        "Operating Income": -9,
        "EBIT": -6,
        "Net Income": -10
    },
    "2018-12-31": {
        "Diluted EPS": -0.13,
        "Total Revenue": 9,
        "Gross Profit": 1,
        "Operating Income": -6,
        "EBIT": -5,
        "Net Income": -7
    },
    "2018-09-30": {
        "Diluted EPS": -0.2,
        "Total Revenue": 8,
        "Gross Profit": 0,
        "Operating Income": -10,
        "EBIT": -7,
        "Net Income": -10
    },
    "2018-06-30": {
        "Diluted EPS": -0.21,
        "Total Revenue": 8,
        "Gross Profit": -1,
        "Operating Income": -10,
        "EBIT": -7,
        "Net Income": -11
    },
    "2018-03-31": {
        "Diluted EPS": -0.2,
        "Total Revenue": 7,
        "Gross Profit": 2,
        "Operating Income": -7,
        "EBIT": -4,
        "Net Income": -10
    },
    "2017-12-31": {
        "Diluted EPS": -0.19,
        "Total Revenue": NaN,
        "Gross Profit": 0,
        "Operating Income": -3,
        "EBIT": -2,
        "Net Income": -7
    },
    "2017-09-30": {
        "Diluted EPS": -0.12,
        "Total Revenue": 0,
        "Gross Profit": 0,
        "Operating Income": -3,
        "EBIT": -2,
        "Net Income": -4
    },
    "2017-06-30": {
        "Diluted EPS": -0.08,
        "Total Revenue": NaN,
        "Gross Profit": 0,
        "Operating Income": -2,
        "EBIT": -1,
        "Net Income": -3
    },
    "2017-03-31": {
        "Diluted EPS": -0.19,
        "Total Revenue": NaN,
        "Gross Profit": NaN,
        "Operating Income": -2,
        "EBIT": -2,
        "Net Income": -6
    },
    "2016-12-31": {
        "Diluted EPS": -0.14,
        "Total Revenue": NaN,
        "Gross Profit": NaN,
        "Operating Income": -1,
        "EBIT": -2,
        "Net Income": -5
    },
    "2016-09-30": {
        "Diluted EPS": -0.05,
        "Total Revenue": 0,
        "Gross Profit": 0,
        "Operating Income": -1,
        "EBIT": -1,
        "Net Income": -2
    },
    "2016-06-30": {
        "Diluted EPS": -0.06,
        "Total Revenue": NaN,
        "Gross Profit": NaN,
        "Operating Income": -1,
        "EBIT": -1,
        "Net Income": -2
    },
    "2016-03-31": {
        "Diluted EPS": 0.01,
        "Total Revenue": NaN,
        "Gross Profit": NaN,
        "Operating Income": -1,
        "EBIT": -1,
        "Net Income": -1
    },
    "2015-12-31": {
        "Diluted EPS": -0.01,
        "Total Revenue": NaN,
        "Gross Profit": NaN,
        "Operating Income": 0,
        "EBIT": 0,
        "Net Income": 0
    },
    "2015-09-30": {
        "Diluted EPS": -0.06,
        "Total Revenue": NaN,
        "Gross Profit": NaN,
        "Operating Income": -2,
        "EBIT": -2,
        "Net Income": -2
    },
    "2015-06-30": {
        "Diluted EPS": -0.06,
        "Total Revenue": NaN,
        "Gross Profit": NaN,
        "Operating Income": -1,
        "EBIT": -1,
        "Net Income": -1
    },
    "2015-03-31": {
        "Diluted EPS": 0.0,
        "Total Revenue": NaN,
        "Gross Profit": NaN,
        "Operating Income": 5,
        "EBIT": 5,
        "Net Income": 0
    },
    "2014-12-31": {
        "Diluted EPS": -0.21,
        "Total Revenue": 2,
        "Gross Profit": 2,
        "Operating Income": 0,
        "EBIT": 0,
        "Net Income": -3
    },
    "2014-09-30": {
        "Diluted EPS": -0.06,
        "Total Revenue": 2,
        "Gross Profit": 1,
        "Operating Income": -1,
        "EBIT": -1,
        "Net Income": -1
    },
    "2014-06-30": {
        "Diluted EPS": -0.18,
        "Total Revenue": 2,
        "Gross Profit": 2,
        "Operating Income": -2,
        "EBIT": -2,
        "Net Income": -2
    },
    "2014-04-30": {
        "Diluted EPS": -0.51,
        "Total Revenue": NaN,
        "Gross Profit": NaN,
        "Operating Income": 1,
        "EBIT": 1,
        "Net Income": -2
    },
    "2014-03-31": {
        "Diluted EPS": 0.81,
        "Total Revenue": 2,
        "Gross Profit": 2,
        "Operating Income": 0,
        "EBIT": 0,
        "Net Income": 1
    },
    "2014-01-31": {
        "Diluted EPS": -0.33,
        "Total Revenue": NaN,
        "Gross Profit": NaN,
        "Operating Income": -1,
        "EBIT": -1,
        "Net Income": -1
    },
    "2013-12-31": {
        "Diluted EPS": -0.18,
        "Total Revenue": 2,
        "Gross Profit": 2,
        "Operating Income": 0,
        "EBIT": 0,
        "Net Income": 0
    },
    "2013-10-31": {
        "Diluted EPS": -0.27,
        "Total Revenue": NaN,
        "Gross Profit": NaN,
        "Operating Income": -1,
        "EBIT": -1,
        "Net Income": -1
    },
    "2013-09-30": {
        "Diluted EPS": -0.18,
        "Total Revenue": 1,
        "Gross Profit": 1,
        "Operating Income": 0,
        "EBIT": 0,
        "Net Income": 0
    },
    "2013-07-31": {
        "Diluted EPS": -0.18,
        "Total Revenue": NaN,
        "Gross Profit": NaN,
        "Operating Income": 0,
        "EBIT": 0,
        "Net Income": 0
    },
    "2013-06-30": {
        "Diluted EPS": 0.03,
        "Total Revenue": 2,
        "Gross Profit": 1,
        "Operating Income": 0,
        "EBIT": 0,
        "Net Income": 0
    },
    "2013-04-30": {
        "Diluted EPS": -0.27,
        "Total Revenue": NaN,
        "Gross Profit": NaN,
        "Operating Income": NaN,
        "EBIT": NaN,
        "Net Income": NaN
    },
    "2013-03-31": {
        "Diluted EPS": 0.0,
        "Total Revenue": NaN,
        "Gross Profit": NaN,
        "Operating Income": 0,
        "EBIT": 0,
        "Net Income": 0
    },
    "2013-01-31": {
        "Diluted EPS": -0.24,
        "Total Revenue": NaN,
        "Gross Profit": NaN,
        "Operating Income": 0,
        "EBIT": 0,
        "Net Income": 0
    },
    "2012-12-31": {
        "Diluted EPS": 0.0,
        "Total Revenue": NaN,
        "Gross Profit": NaN,
        "Operating Income": 0,
        "EBIT": 0,
        "Net Income": 0
    },
    "2012-10-31": {
        "Diluted EPS": -0.15,
        "Total Revenue": NaN,
        "Gross Profit": NaN,
        "Operating Income": 0,
        "EBIT": 0,
        "Net Income": 0
    },
    "2012-09-30": {
        "Diluted EPS": 0.0,
        "Total Revenue": NaN,
        "Gross Profit": NaN,
        "Operating Income": 0,
        "EBIT": 0,
        "Net Income": 0
    },
    "2012-07-31": {
        "Diluted EPS": -0.12,
        "Total Revenue": NaN,
        "Gross Profit": NaN,
        "Operating Income": 0,
        "EBIT": 0,
        "Net Income": 0
    },
    "2012-06-30": {
        "Diluted EPS": 0.0,
        "Total Revenue": NaN,
        "Gross Profit": NaN,
        "Operating Income": 0,
        "EBIT": 0,
        "Net Income": 0
    },
    "2012-03-31": {
        "Diluted EPS": 0.0,
        "Total Revenue": NaN,
        "Gross Profit": NaN,
        "Operating Income": NaN,
        "EBIT": NaN,
        "Net Income": NaN
    },
    "2023-06-30": {
        "Tax Effect Of Unusual Items": NaN,
        "Tax Rate For Calcs": NaN,
        "Normalized EBITDA": NaN,
        "Total Unusual Items": NaN,
        "Total Unusual Items Excluding Goodwill": NaN,
        "Net Income From Continuing Operation Net Minority Interest": NaN,
        "Reconciled Depreciation": NaN,
        "Reconciled Cost Of Revenue": NaN,
        "EBITDA": NaN,
        "EBIT": NaN,
        "Net Interest Income": NaN,
        "Interest Expense": NaN,
        "Normalized Income": NaN,
        "Net Income From Continuing And Discontinued Operation": NaN,
        "Total Expenses": NaN,
        "Total Operating Income As Reported": NaN,
        "Diluted Average Shares": NaN,
        "Basic Average Shares": NaN,
        "Diluted EPS": NaN,
        "Basic EPS": NaN,
        "Diluted NI Availto Com Stockholders": NaN,
        "Net Income Common Stockholders": NaN,
        "Otherunder Preferred Stock Dividend": 0.0,
        "Preferred Stock Dividends": NaN,
        "Net Income": NaN,
        "Minority Interests": NaN,
        "Net Income Including Noncontrolling Interests": NaN,
        "Net Income Continuous Operations": NaN,
        "Tax Provision": NaN,
        "Pretax Income": NaN,
        "Other Income Expense": NaN,
        "Other Non Operating Income Expenses": NaN,
        "Special Income Charges": NaN,
        "Impairment Of Capital Assets": NaN,
        "Net Non Operating Interest Income Expense": NaN,
        "Interest Expense Non Operating": NaN,
        "Operating Income": NaN,
        "Operating Expense": NaN,
        "Depreciation Amortization Depletion Income Statement": NaN,
        "Depreciation And Amortization In Income Statement": NaN,
        "Amortization": NaN,
        "Amortization Of Intangibles Income Statement": NaN,
        "Depreciation Income Statement": 331000.0,
        "Research And Development": NaN,
        "Selling General And Administration": NaN,
        "Selling And Marketing Expense": NaN,
        "General And Administrative Expense": NaN,
        "Other Gand A": NaN,
        "Salaries And Wages": 554000.0,
        "Gross Profit": NaN,
        "Cost Of Revenue": NaN,
        "Total Revenue": NaN,
        "Operating Revenue": NaN
    },
    "2023-09-30": {
        "Tax Effect Of Unusual Items": NaN,
        "Tax Rate For Calcs": NaN,
        "Normalized EBITDA": NaN,
        "Total Unusual Items": NaN,
        "Total Unusual Items Excluding Goodwill": NaN,
        "Net Income From Continuing Operation Net Minority Interest": NaN,
        "Reconciled Depreciation": NaN,
        "Reconciled Cost Of Revenue": NaN,
        "EBITDA": NaN,
        "EBIT": NaN,
        "Net Interest Income": NaN,
        "Interest Expense": NaN,
        "Normalized Income": NaN,
        "Net Income From Continuing And Discontinued Operation": NaN,
        "Total Expenses": NaN,
        "Total Operating Income As Reported": NaN,
        "Diluted Average Shares": NaN,
        "Basic Average Shares": NaN,
        "Diluted EPS": NaN,
        "Basic EPS": NaN,
        "Diluted NI Availto Com Stockholders": NaN,
        "Net Income Common Stockholders": NaN,
        "Otherunder Preferred Stock Dividend": 628000.0,
        "Preferred Stock Dividends": NaN,
        "Net Income": NaN,
        "Minority Interests": NaN,
        "Net Income Including Noncontrolling Interests": NaN,
        "Net Income Continuous Operations": NaN,
        "Tax Provision": NaN,
        "Pretax Income": NaN,
        "Other Income Expense": NaN,
        "Other Non Operating Income Expenses": NaN,
        "Special Income Charges": NaN,
        "Impairment Of Capital Assets": NaN,
        "Net Non Operating Interest Income Expense": NaN,
        "Interest Expense Non Operating": NaN,
        "Operating Income": NaN,
        "Operating Expense": NaN,
        "Depreciation Amortization Depletion Income Statement": NaN,
        "Depreciation And Amortization In Income Statement": NaN,
        "Amortization": NaN,
        "Amortization Of Intangibles Income Statement": NaN,
        "Research And Development": NaN,
        "Selling General And Administration": NaN,
        "Selling And Marketing Expense": NaN,
        "General And Administrative Expense": NaN,
        "Other Gand A": NaN,
        "Gross Profit": NaN,
        "Cost Of Revenue": NaN,
        "Total Revenue": NaN,
        "Operating Revenue": NaN
    },
    "2023-12-31": {
        "Tax Effect Of Unusual Items": NaN,
        "Tax Rate For Calcs": NaN,
        "Normalized EBITDA": NaN,
        "Total Unusual Items": NaN,
        "Total Unusual Items Excluding Goodwill": NaN,
        "Net Income From Continuing Operation Net Minority Interest": NaN,
        "Reconciled Depreciation": NaN,
        "Reconciled Cost Of Revenue": NaN,
        "EBITDA": NaN,
        "EBIT": NaN,
        "Net Interest Income": NaN,
        "Interest Expense": NaN,
        "Normalized Income": NaN,
        "Net Income From Continuing And Discontinued Operation": NaN,
        "Total Expenses": NaN,
        "Total Operating Income As Reported": NaN,
        "Diluted Average Shares": NaN,
        "Basic Average Shares": NaN,
        "Diluted EPS": NaN,
        "Basic EPS": NaN,
        "Diluted NI Availto Com Stockholders": NaN,
        "Net Income Common Stockholders": NaN,
        "Otherunder Preferred Stock Dividend": 762000.0,
        "Preferred Stock Dividends": NaN,
        "Net Income": NaN,
        "Minority Interests": NaN,
        "Net Income Including Noncontrolling Interests": NaN,
        "Net Income Continuous Operations": NaN,
        "Tax Provision": NaN,
        "Pretax Income": NaN,
        "Other Income Expense": NaN,
        "Other Non Operating Income Expenses": NaN,
        "Special Income Charges": NaN,
        "Impairment Of Capital Assets": NaN,
        "Net Non Operating Interest Income Expense": NaN,
        "Interest Expense Non Operating": NaN,
        "Operating Income": NaN,
        "Operating Expense": NaN,
        "Depreciation Amortization Depletion Income Statement": NaN,
        "Depreciation And Amortization In Income Statement": NaN,
        "Amortization": NaN,
        "Amortization Of Intangibles Income Statement": NaN,
        "Research And Development": NaN,
        "Selling General And Administration": NaN,
        "Selling And Marketing Expense": NaN,
        "General And Administrative Expense": NaN,
        "Other Gand A": NaN,
        "Gross Profit": NaN,
        "Cost Of Revenue": NaN,
        "Total Revenue": NaN,
        "Operating Revenue": NaN
    },
    "2024-03-31": {
        "Tax Effect Of Unusual Items": NaN,
        "Tax Rate For Calcs": NaN,
        "Normalized EBITDA": NaN,
        "Total Unusual Items": NaN,
        "Total Unusual Items Excluding Goodwill": NaN,
        "Net Income From Continuing Operation Net Minority Interest": NaN,
        "Reconciled Depreciation": NaN,
        "Reconciled Cost Of Revenue": NaN,
        "EBITDA": NaN,
        "EBIT": NaN,
        "Net Interest Income": NaN,
        "Interest Expense": NaN,
        "Normalized Income": NaN,
        "Net Income From Continuing And Discontinued Operation": NaN,
        "Total Expenses": NaN,
        "Total Operating Income As Reported": NaN,
        "Diluted Average Shares": 88390853.0,
        "Basic Average Shares": 88390853.0,
        "Diluted EPS": -0.03,
        "Basic EPS": -0.03,
        "Diluted NI Availto Com Stockholders": NaN,
        "Net Income Common Stockholders": NaN,
        "Otherunder Preferred Stock Dividend": NaN,
        "Preferred Stock Dividends": NaN,
        "Net Income": NaN,
        "Minority Interests": NaN,
        "Net Income Including Noncontrolling Interests": NaN,
        "Net Income Continuous Operations": NaN,
        "Tax Provision": NaN,
        "Pretax Income": NaN,
        "Other Income Expense": NaN,
        "Other Non Operating Income Expenses": NaN,
        "Special Income Charges": NaN,
        "Impairment Of Capital Assets": NaN,
        "Net Non Operating Interest Income Expense": NaN,
        "Interest Expense Non Operating": NaN,
        "Operating Income": NaN,
        "Operating Expense": NaN,
        "Depreciation Amortization Depletion Income Statement": NaN,
        "Depreciation And Amortization In Income Statement": NaN,
        "Amortization": NaN,
        "Amortization Of Intangibles Income Statement": NaN,
        "Research And Development": NaN,
        "Selling General And Administration": NaN,
        "Selling And Marketing Expense": NaN,
        "General And Administrative Expense": NaN,
        "Other Gand A": NaN,
        "Gross Profit": NaN,
        "Cost Of Revenue": NaN,
        "Total Revenue": NaN,
        "Operating Revenue": NaN
    },
    "2024-06-30": {
        "Tax Effect Of Unusual Items": NaN,
        "Tax Rate For Calcs": NaN,
        "Normalized EBITDA": NaN,
        "Total Unusual Items": NaN,
        "Total Unusual Items Excluding Goodwill": NaN,
        "Net Income From Continuing Operation Net Minority Interest": NaN,
        "Reconciled Depreciation": NaN,
        "Reconciled Cost Of Revenue": NaN,
        "EBITDA": NaN,
        "EBIT": NaN,
        "Net Interest Income": NaN,
        "Interest Expense": NaN,
        "Normalized Income": NaN,
        "Net Income From Continuing And Discontinued Operation": NaN,
        "Total Expenses": NaN,
        "Total Operating Income As Reported": NaN,
        "Diluted Average Shares": NaN,
        "Basic Average Shares": NaN,
        "Diluted EPS": NaN,
        "Basic EPS": NaN,
        "Diluted NI Availto Com Stockholders": NaN,
        "Net Income Common Stockholders": NaN,
        "Otherunder Preferred Stock Dividend": 378000.0,
        "Preferred Stock Dividends": 316000.0,
        "Net Income": NaN,
        "Minority Interests": NaN,
        "Net Income Including Noncontrolling Interests": NaN,
        "Net Income Continuous Operations": NaN,
        "Tax Provision": NaN,
        "Pretax Income": NaN,
        "Other Income Expense": NaN,
        "Other Non Operating Income Expenses": NaN,
        "Special Income Charges": NaN,
        "Impairment Of Capital Assets": NaN,
        "Net Non Operating Interest Income Expense": NaN,
        "Interest Expense Non Operating": NaN,
        "Operating Income": NaN,
        "Operating Expense": NaN,
        "Depreciation Amortization Depletion Income Statement": NaN,
        "Depreciation And Amortization In Income Statement": NaN,
        "Amortization": NaN,
        "Amortization Of Intangibles Income Statement": NaN,
        "Depreciation Income Statement": NaN,
        "Research And Development": NaN,
        "Selling General And Administration": NaN,
        "Selling And Marketing Expense": NaN,
        "General And Administrative Expense": NaN,
        "Other Gand A": NaN,
        "Gross Profit": NaN,
        "Cost Of Revenue": NaN,
        "Total Revenue": NaN,
        "Operating Revenue": NaN
    },
    "2024-09-30": {
        "Tax Effect Of Unusual Items": 0.0,
        "Tax Rate For Calcs": 0.003869,
        "Normalized EBITDA": -166000.0,
        "Total Unusual Items": 0.0,
        "Total Unusual Items Excluding Goodwill": 0.0,
        "Net Income From Continuing Operation Net Minority Interest": -1859000.0,
        "Reconciled Depreciation": 1352000.0,
        "Reconciled Cost Of Revenue": 24015000.0,
        "EBITDA": -166000.0,
        "EBIT": -1518000.0,
        "Net Interest Income": -808000.0,
        "Interest Expense": 808000.0,
        "Normalized Income": -1859000.0,
        "Net Income From Continuing And Discontinued Operation": -1859000.0,
        "Total Expenses": 33994000.0,
        "Total Operating Income As Reported": -1400000.0,
        "Diluted Average Shares": 9465818.0,
        "Basic Average Shares": 9465818.0,
        "Diluted EPS": -0.24,
        "Basic EPS": -0.24,
        "Diluted NI Availto Com Stockholders": -2249000.0,
        "Net Income Common Stockholders": -2249000.0,
        "Otherunder Preferred Stock Dividend": 390000.0,
        "Preferred Stock Dividends": NaN,
        "Net Income": -1859000.0,
        "Minority Interests": 458000.0,
        "Net Income Including Noncontrolling Interests": -2317000.0,
        "Net Income Continuous Operations": -2317000.0,
        "Tax Provision": -9000.0,
        "Pretax Income": -2326000.0,
        "Other Income Expense": -118000.0,
        "Other Non Operating Income Expenses": -118000.0,
        "Special Income Charges": 0.0,
        "Impairment Of Capital Assets": 0.0,
        "Net Non Operating Interest Income Expense": -808000.0,
        "Interest Expense Non Operating": 808000.0,
        "Operating Income": -1400000.0,
        "Operating Expense": 9476000.0,
        "Depreciation Amortization Depletion Income Statement": 849000.0,
        "Depreciation And Amortization In Income Statement": 849000.0,
        "Amortization": 542000.0,
        "Amortization Of Intangibles Income Statement": 542000.0,
        "Depreciation Income Statement": 307000.0,
        "Research And Development": 1160000.0,
        "Selling General And Administration": 7467000.0,
        "Selling And Marketing Expense": 1427000.0,
        "General And Administrative Expense": 6040000.0,
        "Other Gand A": 6040000.0,
        "Gross Profit": 8076000.0,
        "Cost Of Revenue": 24518000.0,
        "Total Revenue": 32594000.0,
        "Operating Revenue": 32594000.0
    },
    "2024-12-31": {
        "Tax Effect Of Unusual Items": -799470.0,
        "Tax Rate For Calcs": 0.21,
        "Normalized EBITDA": -71000.0,
        "Total Unusual Items": -3807000.0,
        "Total Unusual Items Excluding Goodwill": -3807000.0,
        "Net Income From Continuing Operation Net Minority Interest": -5233000.0,
        "Reconciled Depreciation": 1201000.0,
        "Reconciled Cost Of Revenue": 21431000.0,
        "EBITDA": -3878000.0,
        "EBIT": -5079000.0,
        "Net Interest Income": -544000.0,
        "Interest Expense": 544000.0,
        "Normalized Income": -2225470.0,
        "Net Income From Continuing And Discontinued Operation": -5233000.0,
        "Total Expenses": 30751000.0,
        "Total Operating Income As Reported": -5113000.0,
        "Diluted Average Shares": 9550175.0,
        "Basic Average Shares": 9550175.0,
        "Diluted EPS": -0.6,
        "Basic EPS": -0.6,
        "Diluted NI Availto Com Stockholders": -5634000.0,
        "Net Income Common Stockholders": -5634000.0,
        "Otherunder Preferred Stock Dividend": 401000.0,
        "Preferred Stock Dividends": NaN,
        "Net Income": -5233000.0,
        "Minority Interests": 405000.0,
        "Net Income Including Noncontrolling Interests": -5638000.0,
        "Net Income Continuous Operations": -5638000.0,
        "Tax Provision": 15000.0,
        "Pretax Income": -5623000.0,
        "Other Income Expense": -3773000.0,
        "Other Non Operating Income Expenses": 34000.0,
        "Special Income Charges": -3807000.0,
        "Impairment Of Capital Assets": 3807000.0,
        "Net Non Operating Interest Income Expense": -544000.0,
        "Interest Expense Non Operating": 544000.0,
        "Operating Income": -1306000.0,
        "Operating Expense": 8459000.0,
        "Depreciation Amortization Depletion Income Statement": 340000.0,
        "Depreciation And Amortization In Income Statement": 340000.0,
        "Amortization": 340000.0,
        "Amortization Of Intangibles Income Statement": 340000.0,
        "Depreciation Income Statement": NaN,
        "Research And Development": 1115000.0,
        "Selling General And Administration": 7004000.0,
        "Selling And Marketing Expense": 1763000.0,
        "General And Administrative Expense": 5241000.0,
        "Other Gand A": 5241000.0,
        "Gross Profit": 7153000.0,
        "Cost Of Revenue": 22292000.0,
        "Total Revenue": 29445000.0,
        "Operating Revenue": 29445000.0
    },
    "2025-03-31": {
        "Tax Effect Of Unusual Items": -165969.18086,
        "Tax Rate For Calcs": 0.021627,
        "Normalized EBITDA": -1562000.0,
        "Total Unusual Items": -7674000.0,
        "Total Unusual Items Excluding Goodwill": -7674000.0,
        "Net Income From Continuing Operation Net Minority Interest": -10447000.0,
        "Reconciled Depreciation": 1360000.0,
        "Reconciled Cost Of Revenue": 12457000.0,
        "EBITDA": -9236000.0,
        "EBIT": -10596000.0,
        "Net Interest Income": -501000.0,
        "Interest Expense": 501000.0,
        "Normalized Income": -2938969.18086,
        "Net Income From Continuing And Discontinued Operation": -10447000.0,
        "Total Expenses": 22372000.0,
        "Total Operating Income As Reported": -10758000.0,
        "Diluted Average Shares": 9610752.0,
        "Basic Average Shares": 9610752.0,
        "Diluted EPS": -0.8,
        "Basic EPS": -0.8,
        "Diluted NI Availto Com Stockholders": -10545000.0,
        "Net Income Common Stockholders": -10545000.0,
        "Otherunder Preferred Stock Dividend": NaN,
        "Preferred Stock Dividends": 1267000.0,
        "Net Income": -10447000.0,
        "Minority Interests": 410000.0,
        "Net Income Including Noncontrolling Interests": -10857000.0,
        "Net Income Continuous Operations": -10857000.0,
        "Tax Provision": -240000.0,
        "Pretax Income": -11097000.0,
        "Other Income Expense": -7512000.0,
        "Other Non Operating Income Expenses": 162000.0,
        "Special Income Charges": -7674000.0,
        "Impairment Of Capital Assets": 7674000.0,
        "Net Non Operating Interest Income Expense": -501000.0,
        "Interest Expense Non Operating": 501000.0,
        "Operating Income": -3084000.0,
        "Operating Expense": 9028000.0,
        "Depreciation Amortization Depletion Income Statement": 473000.0,
        "Depreciation And Amortization In Income Statement": 473000.0,
        "Amortization": 473000.0,
        "Amortization Of Intangibles Income Statement": 473000.0,
        "Depreciation Income Statement": NaN,
        "Research And Development": 1129000.0,
        "Selling General And Administration": 7426000.0,
        "Selling And Marketing Expense": 1711000.0,
        "General And Administrative Expense": 5715000.0,
        "Other Gand A": 5715000.0,
        "Gross Profit": 5944000.0,
        "Cost Of Revenue": 13344000.0,
        "Total Revenue": 19288000.0,
        "Operating Revenue": 19288000.0
    },
    "2025-06-30": {
        "Tax Effect Of Unusual Items": 0.0,
        "Tax Rate For Calcs": 0.0,
        "Normalized EBITDA": -2888000.0,
        "Total Unusual Items": 0.0,
        "Total Unusual Items Excluding Goodwill": 0.0,
        "Net Income From Continuing Operation Net Minority Interest": -3593000.0,
        "Reconciled Depreciation": 289000.0,
        "Reconciled Cost Of Revenue": 16681000.0,
        "EBITDA": -2888000.0,
        "EBIT": -3177000.0,
        "Net Interest Income": -687000.0,
        "Interest Expense": 687000.0,
        "Normalized Income": -3593000.0,
        "Net Income From Continuing And Discontinued Operation": -3593000.0,
        "Total Expenses": 23241000.0,
        "Total Operating Income As Reported": -4034000.0,
        "Diluted Average Shares": 9674189.0,
        "Basic Average Shares": 9674189.0,
        "Diluted EPS": -0.4,
        "Basic EPS": -0.4,
        "Diluted NI Availto Com Stockholders": -4019000.0,
        "Net Income Common Stockholders": -4019000.0,
        "Otherunder Preferred Stock Dividend": 0.0,
        "Preferred Stock Dividends": 426000.0,
        "Net Income": -3593000.0,
        "Minority Interests": 271000.0,
        "Net Income Including Noncontrolling Interests": -3864000.0,
        "Net Income Continuous Operations": -3864000.0,
        "Tax Provision": 0.0,
        "Pretax Income": -3864000.0,
        "Other Income Expense": 857000.0,
        "Other Non Operating Income Expenses": 857000.0,
        "Special Income Charges": 0.0,
        "Impairment Of Capital Assets": 0.0,
        "Net Non Operating Interest Income Expense": -687000.0,
        "Interest Expense Non Operating": 687000.0,
        "Operating Income": -4034000.0,
        "Operating Expense": 6416000.0,
        "Depreciation Amortization Depletion Income Statement": 145000.0,
        "Depreciation And Amortization In Income Statement": 145000.0,
        "Amortization": 145000.0,
        "Amortization Of Intangibles Income Statement": 145000.0,
        "Depreciation Income Statement": NaN,
        "Research And Development": 934000.0,
        "Selling General And Administration": 5337000.0,
        "Selling And Marketing Expense": 1261000.0,
        "General And Administrative Expense": 4076000.0,
        "Other Gand A": 4076000.0,
        "Gross Profit": 2382000.0,
        "Cost Of Revenue": 16825000.0,
        "Total Revenue": 19207000.0,
        "Operating Revenue": 19207000.0
    },
    "2025-09-30": {
        "Tax Effect Of Unusual Items": 16590.0,
        "Tax Rate For Calcs": 0.21,
        "Normalized EBITDA": -4517000.0,
        "Total Unusual Items": 79000.0,
        "Total Unusual Items Excluding Goodwill": 79000.0,
        "Net Income From Continuing Operation Net Minority Interest": -5542000.0,
        "Reconciled Depreciation": 224000.0,
        "Reconciled Cost Of Revenue": 16143000.0,
        "EBITDA": -4438000.0,
        "EBIT": -4662000.0,
        "Net Interest Income": -1003000.0,
        "Interest Expense": 1003000.0,
        "Normalized Income": -5604410.0,
        "Net Income From Continuing And Discontinued Operation": -5542000.0,
        "Total Expenses": 23331000.0,
        "Total Operating Income As Reported": -4569000.0,
        "Diluted Average Shares": 11170612.0,
        "Basic Average Shares": 11170612.0,
        "Diluted EPS": -0.52,
        "Basic EPS": -0.52,
        "Diluted NI Availto Com Stockholders": -5811000.0,
        "Net Income Common Stockholders": -5811000.0,
        "Otherunder Preferred Stock Dividend": 269000.0,
        "Preferred Stock Dividends": NaN,
        "Net Income": -5542000.0,
        "Minority Interests": 163000.0,
        "Net Income Including Noncontrolling Interests": -5705000.0,
        "Net Income Continuous Operations": -5705000.0,
        "Tax Provision": 40000.0,
        "Pretax Income": -5665000.0,
        "Other Income Expense": -93000.0,
        "Other Non Operating Income Expenses": -172000.0,
        "Special Income Charges": 79000.0,
        "Impairment Of Capital Assets": -79000.0,
        "Net Non Operating Interest Income Expense": -1003000.0,
        "Interest Expense Non Operating": 1003000.0,
        "Operating Income": -4569000.0,
        "Operating Expense": 7165000.0,
        "Depreciation Amortization Depletion Income Statement": 201000.0,
        "Depreciation And Amortization In Income Statement": 201000.0,
        "Amortization": 146000.0,
        "Amortization Of Intangibles Income Statement": 146000.0,
        "Depreciation Income Statement": 55000.0,
        "Research And Development": 442000.0,
        "Selling General And Administration": 6522000.0,
        "Selling And Marketing Expense": 868000.0,
        "General And Administrative Expense": 5654000.0,
        "Other Gand A": 5654000.0,
        "Gross Profit": 2596000.0,
        "Cost Of Revenue": 16166000.0,
        "Total Revenue": 18762000.0,
        "Operating Revenue": 18762000.0
    }
}