{
    "2023-06-30": {
        "Tax Effect Of Unusual Items": NaN,
        "Tax Rate For Calcs": NaN,
        "Normalized EBITDA": NaN,
        "Total Unusual Items": NaN,
        "Total Unusual Items Excluding Goodwill": NaN,
        "Net Income From Continuing Operation Net Minority Interest": NaN,
        "Reconciled Depreciation": NaN,
        "Reconciled Cost Of Revenue": NaN,
        "EBITDA": NaN,
        "EBIT": NaN,
        "Net Interest Income": NaN,
        "Interest Expense": NaN,
        "Interest Income": NaN,
        "Normalized Income": NaN,
        "Net Income From Continuing And Discontinued Operation": NaN,
        "Total Expenses": NaN,
        "Total Operating Income As Reported": NaN,
        "Diluted Average Shares": NaN,
        "Basic Average Shares": NaN,
        "Diluted EPS": NaN,
        "Basic EPS": NaN,
        "Diluted NI Availto Com Stockholders": NaN,
        "Net Income Common Stockholders": NaN,
        "Net Income": NaN,
        "Minority Interests": NaN,
        "Net Income Including Noncontrolling Interests": NaN,
        "Net Income Discontinuous Operations": 0.0,
        "Net Income Continuous Operations": NaN,
        "Tax Provision": NaN,
        "Pretax Income": NaN,
        "Other Income Expense": NaN,
        "Other Non Operating Income Expenses": NaN,
        "Special Income Charges": NaN,
        "Gain On Sale Of Ppe": NaN,
        "Other Special Charges": NaN,
        "Net Non Operating Interest Income Expense": NaN,
        "Interest Expense Non Operating": NaN,
        "Interest Income Non Operating": NaN,
        "Operating Income": NaN,
        "Operating Expense": NaN,
        "Other Operating Expenses": NaN,
        "Provision For Doubtful Accounts": NaN,
        "Depreciation Amortization Depletion Income Statement": NaN,
        "Depreciation And Amortization In Income Statement": NaN,
        "Depreciation Income Statement": NaN,
        "Research And Development": NaN,
        "Selling General And Administration": NaN,
        "General And Administrative Expense": NaN,
        "Other Gand A": NaN,
        "Gross Profit": NaN,
        "Cost Of Revenue": NaN,
        "Total Revenue": NaN,
        "Operating Revenue": NaN
    },
    "2023-03-31": {
        "Tax Effect Of Unusual Items": NaN,
        "Tax Rate For Calcs": NaN,
        "Normalized EBITDA": NaN,
        "Total Unusual Items": NaN,
        "Total Unusual Items Excluding Goodwill": NaN,
        "Net Income From Continuing Operation Net Minority Interest": NaN,
        "Reconciled Depreciation": NaN,
        "Reconciled Cost Of Revenue": NaN,
        "EBITDA": NaN,
        "EBIT": NaN,
        "Net Interest Income": NaN,
        "Interest Expense": NaN,
        "Interest Income": NaN,
        "Normalized Income": NaN,
        "Net Income From Continuing And Discontinued Operation": NaN,
        "Total Expenses": NaN,
        "Total Operating Income As Reported": NaN,
        "Diluted Average Shares": NaN,
        "Basic Average Shares": NaN,
        "Diluted EPS": NaN,
        "Basic EPS": NaN,
        "Diluted NI Availto Com Stockholders": NaN,
        "Net Income Common Stockholders": NaN,
        "Net Income": NaN,
        "Minority Interests": NaN,
        "Net Income Including Noncontrolling Interests": NaN,
        "Net Income Discontinuous Operations": 0.0,
        "Net Income Continuous Operations": NaN,
        "Tax Provision": NaN,
        "Pretax Income": NaN,
        "Other Income Expense": NaN,
        "Other Non Operating Income Expenses": NaN,
        "Special Income Charges": NaN,
        "Gain On Sale Of Ppe": NaN,
        "Other Special Charges": NaN,
        "Net Non Operating Interest Income Expense": NaN,
        "Interest Expense Non Operating": NaN,
        "Interest Income Non Operating": NaN,
        "Operating Income": NaN,
        "Operating Expense": NaN,
        "Other Operating Expenses": NaN,
        "Provision For Doubtful Accounts": NaN,
        "Depreciation Amortization Depletion Income Statement": NaN,
        "Depreciation And Amortization In Income Statement": NaN,
        "Depreciation Income Statement": NaN,
        "Research And Development": NaN,
        "Selling General And Administration": NaN,
        "General And Administrative Expense": NaN,
        "Other Gand A": NaN,
        "Gross Profit": NaN,
        "Cost Of Revenue": NaN,
        "Total Revenue": NaN,
        "Operating Revenue": NaN
    },
    "2022-12-31": {
        "Tax Effect Of Unusual Items": NaN,
        "Tax Rate For Calcs": NaN,
        "Normalized EBITDA": NaN,
        "Total Unusual Items": NaN,
        "Total Unusual Items Excluding Goodwill": NaN,
        "Net Income From Continuing Operation Net Minority Interest": NaN,
        "Reconciled Depreciation": NaN,
        "Reconciled Cost Of Revenue": NaN,
        "EBITDA": NaN,
        "EBIT": NaN,
        "Net Interest Income": NaN,
        "Interest Expense": NaN,
        "Interest Income": NaN,
        "Normalized Income": NaN,
        "Net Income From Continuing And Discontinued Operation": NaN,
        "Total Expenses": NaN,
        "Total Operating Income As Reported": NaN,
        "Diluted Average Shares": NaN,
        "Basic Average Shares": NaN,
        "Diluted EPS": NaN,
        "Basic EPS": NaN,
        "Diluted NI Availto Com Stockholders": NaN,
        "Net Income Common Stockholders": NaN,
        "Net Income": NaN,
        "Minority Interests": NaN,
        "Net Income Including Noncontrolling Interests": NaN,
        "Net Income Discontinuous Operations": -5000000.0,
        "Net Income Continuous Operations": NaN,
        "Tax Provision": NaN,
        "Pretax Income": NaN,
        "Other Income Expense": NaN,
        "Other Non Operating Income Expenses": NaN,
        "Special Income Charges": NaN,
        "Gain On Sale Of Ppe": NaN,
        "Other Special Charges": NaN,
        "Net Non Operating Interest Income Expense": NaN,
        "Interest Expense Non Operating": NaN,
        "Interest Income Non Operating": NaN,
        "Operating Income": NaN,
        "Operating Expense": NaN,
        "Other Operating Expenses": NaN,
        "Provision For Doubtful Accounts": NaN,
        "Depreciation Amortization Depletion Income Statement": NaN,
        "Depreciation And Amortization In Income Statement": NaN,
        "Depreciation Income Statement": NaN,
        "Research And Development": NaN,
        "Selling General And Administration": NaN,
        "General And Administrative Expense": NaN,
        "Other Gand A": NaN,
        "Gross Profit": NaN,
        "Cost Of Revenue": NaN,
        "Total Revenue": NaN,
        "Operating Revenue": NaN
    },
    "2022-09-30": {
        "Tax Effect Of Unusual Items": -420000.0,
        "Tax Rate For Calcs": 0.21,
        "Normalized EBITDA": 139000000.0,
        "Total Unusual Items": -2000000.0,
        "Total Unusual Items Excluding Goodwill": -2000000.0,
        "Net Income From Continuing Operation Net Minority Interest": -238000000.0,
        "Reconciled Depreciation": 274000000.0,
        "Reconciled Cost Of Revenue": 577000000.0,
        "EBITDA": 137000000.0,
        "EBIT": -137000000.0,
        "Net Interest Income": -145000000.0,
        "Interest Expense": 183000000.0,
        "Interest Income": 38000000.0,
        "Normalized Income": -236420000.0,
        "Net Income From Continuing And Discontinued Operation": -239000000.0,
        "Total Expenses": 1180000000.0,
        "Total Operating Income As Reported": -177000000.0,
        "Diluted Average Shares": 764000000.0,
        "Basic Average Shares": 764000000.0,
        "Diluted EPS": -0.31,
        "Basic EPS": -0.31,
        "Diluted NI Availto Com Stockholders": -239000000.0,
        "Net Income Common Stockholders": -239000000.0,
        "Net Income": -239000000.0,
        "Minority Interests": 142000000.0,
        "Net Income Including Noncontrolling Interests": -381000000.0,
        "Net Income Discontinuous Operations": -1000000.0,
        "Net Income Continuous Operations": -380000000.0,
        "Tax Provision": 60000000.0,
        "Pretax Income": -320000000.0,
        "Other Income Expense": NaN,
        "Other Non Operating Income Expenses": 2000000.0,
        "Special Income Charges": -2000000.0,
        "Gain On Sale Of Ppe": -2000000.0,
        "Net Non Operating Interest Income Expense": -145000000.0,
        "Interest Expense Non Operating": 183000000.0,
        "Interest Income Non Operating": 38000000.0,
        "Operating Income": -175000000.0,
        "Operating Expense": 1180000000.0,
        "Other Operating Expenses": 57000000.0,
        "Provision For Doubtful Accounts": 8000000.0,
        "Depreciation Amortization Depletion Income Statement": 274000000.0,
        "Depreciation And Amortization In Income Statement": 274000000.0,
        "Depreciation Income Statement": 274000000.0,
        "Research And Development": 26000000.0,
        "Selling General And Administration": 823000000.0,
        "General And Administrative Expense": 823000000.0,
        "Other Gand A": 823000000.0,
        "Gross Profit": 428000000.0,
        "Cost Of Revenue": 577000000.0,
        "Total Revenue": 1005000000.0,
        "Operating Revenue": 1005000000.0
    },
    "2022-06-30": {
        "Tax Effect Of Unusual Items": 0.0,
        "Tax Rate For Calcs": 0.4,
        "Normalized EBITDA": 128000000.0,
        "Total Unusual Items": 0.0,
        "Total Unusual Items Excluding Goodwill": 0.0,
        "Net Income From Continuing Operation Net Minority Interest": -287000000.0,
        "Reconciled Depreciation": 270000000.0,
        "Reconciled Cost Of Revenue": 602000000.0,
        "EBITDA": 128000000.0,
        "EBIT": -142000000.0,
        "Net Interest Income": -148000000.0,
        "Interest Expense": 162000000.0,
        "Interest Income": 14000000.0,
        "Normalized Income": -287000000.0,
        "Net Income From Continuing And Discontinued Operation": -290000000.0,
        "Total Expenses": 1192000000.0,
        "Total Operating Income As Reported": -147000000.0,
        "Diluted Average Shares": 764000000.0,
        "Basic Average Shares": 764000000.0,
        "Diluted EPS": -0.38,
        "Basic EPS": -0.38,
        "Diluted NI Availto Com Stockholders": -290000000.0,
        "Net Income Common Stockholders": -290000000.0,
        "Net Income": -290000000.0,
        "Minority Interests": 127000000.0,
        "Net Income Including Noncontrolling Interests": -417000000.0,
        "Net Income Discontinuous Operations": -3000000.0,
        "Net Income Continuous Operations": -414000000.0,
        "Tax Provision": 110000000.0,
        "Pretax Income": -304000000.0,
        "Other Income Expense": -9000000.0,
        "Other Non Operating Income Expenses": -9000000.0,
        "Special Income Charges": 0.0,
        "Gain On Sale Of Ppe": 0.0,
        "Net Non Operating Interest Income Expense": -148000000.0,
        "Interest Expense Non Operating": 162000000.0,
        "Interest Income Non Operating": 14000000.0,
        "Operating Income": -147000000.0,
        "Operating Expense": 1192000000.0,
        "Other Operating Expenses": 3000000.0,
        "Provision For Doubtful Accounts": 2000000.0,
        "Depreciation Amortization Depletion Income Statement": 270000000.0,
        "Depreciation And Amortization In Income Statement": 270000000.0,
        "Depreciation Income Statement": 270000000.0,
        "Research And Development": 22000000.0,
        "Selling General And Administration": 897000000.0,
        "General And Administrative Expense": 897000000.0,
        "Other Gand A": 897000000.0,
        "Gross Profit": 443000000.0,
        "Cost Of Revenue": 602000000.0,
        "Total Revenue": 1045000000.0,
        "Operating Revenue": 1045000000.0
    },
    "2022-03-31": {
        "Diluted EPS": 3.31,
        "Total Revenue": 943,
        "Gross Profit": 327,
        "Operating Income": -302,
        "EBIT": -10,
        "Net Income": NaN
    },
    "2021-12-31": {
        "Diluted EPS": -0.17,
        "Total Revenue": NaN,
        "Gross Profit": 405,
        "Operating Income": -138,
        "EBIT": 156,
        "Net Income": -123
    },
    "2021-09-30": {
        "Diluted EPS": -0.48,
        "Total Revenue": 857,
        "Gross Profit": 273,
        "Operating Income": -316,
        "EBIT": -27,
        "Net Income": -368
    },
    "2021-06-30": {
        "Diluted EPS": -0.25,
        "Total Revenue": NaN,
        "Gross Profit": 462,
        "Operating Income": -139,
        "EBIT": 146,
        "Net Income": -192
    },
    "2021-03-31": {
        "Diluted EPS": -0.36,
        "Total Revenue": NaN,
        "Gross Profit": 468,
        "Operating Income": -96,
        "EBIT": 185,
        "Net Income": -278
    },
    "2020-12-31": {
        "Diluted EPS": -0.4,
        "Total Revenue": NaN,
        "Gross Profit": 403,
        "Operating Income": -119,
        "EBIT": 158,
        "Net Income": -299
    },
    "2020-09-30": {
        "Diluted EPS": -0.74,
        "Total Revenue": 446,
        "Gross Profit": 55,
        "Operating Income": -523,
        "EBIT": -249,
        "Net Income": -565
    },
    "2020-06-30": {
        "Diluted EPS": -1.07,
        "Total Revenue": 62,
        "Gross Profit": -226,
        "Operating Income": -757,
        "EBIT": -490,
        "Net Income": -820
    },
    "2020-03-31": {
        "Diluted EPS": -0.0,
        "Total Revenue": NaN,
        "Gross Profit": 589,
        "Operating Income": 6,
        "EBIT": 283,
        "Net Income": -1
    },
    "2019-12-31": {
        "Diluted EPS": 0.82,
        "Total Revenue": NaN,
        "Gross Profit": 913,
        "Operating Income": 601,
        "EBIT": 771,
        "Net Income": 629
    },
    "2019-09-30": {
        "Diluted EPS": 0.69,
        "Total Revenue": NaN,
        "Gross Profit": NaN,
        "Operating Income": 899,
        "EBIT": NaN,
        "Net Income": 533
    },
    "2019-06-30": {
        "Diluted EPS": 1.24,
        "Total Revenue": NaN,
        "Gross Profit": NaN,
        "Operating Income": 894,
        "EBIT": NaN,
        "Net Income": 954
    },
    "2019-03-31": {
        "Diluted EPS": 0.75,
        "Total Revenue": NaN,
        "Gross Profit": NaN,
        "Operating Income": 971,
        "EBIT": NaN,
        "Net Income": 582
    },
    "2018-12-31": {
        "Diluted EPS": -0.2,
        "Total Revenue": NaN,
        "Gross Profit": NaN,
        "Operating Income": 874,
        "EBIT": NaN,
        "Net Income": -170
    },
    "2018-09-30": {
        "Diluted EPS": 0.73,
        "Total Revenue": NaN,
        "Gross Profit": NaN,
        "Operating Income": 922,
        "EBIT": NaN,
        "Net Income": 571
    },
    "2018-06-30": {
        "Diluted EPS": 0.7,
        "Total Revenue": NaN,
        "Gross Profit": NaN,
        "Operating Income": 797,
        "EBIT": NaN,
        "Net Income": 556
    },
    "2018-03-31": {
        "Diluted EPS": 1.84,
        "Total Revenue": NaN,
        "Gross Profit": NaN,
        "Operating Income": NaN,
        "EBIT": NaN,
        "Net Income": NaN
    },
    "2017-12-31": {
        "Diluted EPS": 1.53,
        "Total Revenue": NaN,
        "Gross Profit": NaN,
        "Operating Income": NaN,
        "EBIT": NaN,
        "Net Income": NaN
    },
    "2017-09-30": {
        "Diluted EPS": 0.72,
        "Total Revenue": NaN,
        "Gross Profit": NaN,
        "Operating Income": 855,
        "EBIT": NaN,
        "Net Income": 569
    },
    "2017-06-30": {
        "Diluted EPS": 0.69,
        "Total Revenue": NaN,
        "Gross Profit": NaN,
        "Operating Income": 817,
        "EBIT": NaN,
        "Net Income": 546
    },
    "2017-03-31": {
        "Diluted EPS": 0.61,
        "Total Revenue": NaN,
        "Gross Profit": NaN,
        "Operating Income": 764,
        "EBIT": NaN,
        "Net Income": 481
    },
    "2016-12-31": {
        "Diluted EPS": 0.65,
        "Total Revenue": NaN,
        "Gross Profit": NaN,
        "Operating Income": 678,
        "EBIT": NaN,
        "Net Income": 518
    },
    "2016-09-30": {
        "Diluted EPS": 0.65,
        "Total Revenue": NaN,
        "Gross Profit": NaN,
        "Operating Income": 720,
        "EBIT": NaN,
        "Net Income": 513
    },
    "2016-06-30": {
        "Diluted EPS": 0.41,
        "Total Revenue": NaN,
        "Gross Profit": NaN,
        "Operating Income": 518,
        "EBIT": 792,
        "Net Income": 328
    },
    "2016-03-31": {
        "Diluted EPS": 0.4,
        "Total Revenue": NaN,
        "Gross Profit": NaN,
        "Operating Income": 586,
        "EBIT": 866,
        "Net Income": 320
    },
    "2015-12-31": {
        "Diluted EPS": 0.59,
        "Total Revenue": NaN,
        "Gross Profit": NaN,
        "Operating Income": 702,
        "EBIT": 970,
        "Net Income": 466
    },
    "2015-09-30": {
        "Diluted EPS": 0.65,
        "Total Revenue": NaN,
        "Gross Profit": NaN,
        "Operating Income": 739,
        "EBIT": NaN,
        "Net Income": 519
    },
    "2015-06-30": {
        "Diluted EPS": 0.59,
        "Total Revenue": NaN,
        "Gross Profit": NaN,
        "Operating Income": 689,
        "EBIT": 957,
        "Net Income": 469
    },
    "2015-03-31": {
        "Diluted EPS": 0.64,
        "Total Revenue": NaN,
        "Gross Profit": NaN,
        "Operating Income": 711,
        "EBIT": 985,
        "Net Income": 512
    },
    "2014-12-31": {
        "Diluted EPS": 0.91,
        "Total Revenue": NaN,
        "Gross Profit": NaN,
        "Operating Income": NaN,
        "EBIT": NaN,
        "Net Income": 722
    },
    "2014-09-30": {
        "Diluted EPS": 0.83,
        "Total Revenue": NaN,
        "Gross Profit": NaN,
        "Operating Income": 971,
        "EBIT": NaN,
        "Net Income": 672
    },
    "2014-06-30": {
        "Diluted EPS": 0.83,
        "Total Revenue": NaN,
        "Gross Profit": NaN,
        "Operating Income": 961,
        "EBIT": NaN,
        "Net Income": 671
    },
    "2014-03-31": {
        "Diluted EPS": 0.95,
        "Total Revenue": NaN,
        "Gross Profit": NaN,
        "Operating Income": NaN,
        "EBIT": NaN,
        "Net Income": 776
    },
    "2013-12-31": {
        "Diluted EPS": 0.7,
        "Total Revenue": NaN,
        "Gross Profit": NaN,
        "Operating Income": 886,
        "EBIT": NaN,
        "Net Income": 578
    },
    "2013-09-30": {
        "Diluted EPS": 0.76,
        "Total Revenue": NaN,
        "Gross Profit": NaN,
        "Operating Income": 915,
        "EBIT": NaN,
        "Net Income": 627
    },
    "2013-06-30": {
        "Diluted EPS": 0.64,
        "Total Revenue": NaN,
        "Gross Profit": NaN,
        "Operating Income": 781,
        "EBIT": NaN,
        "Net Income": 530
    },
    "2013-03-31": {
        "Diluted EPS": 0.69,
        "Total Revenue": NaN,
        "Gross Profit": NaN,
        "Operating Income": 827,
        "EBIT": NaN,
        "Net Income": 572
    },
    "2012-12-31": {
        "Diluted EPS": 0.53,
        "Total Revenue": NaN,
        "Gross Profit": NaN,
        "Operating Income": 672,
        "EBIT": 945,
        "Net Income": 435
    },
    "2012-09-30": {
        "Diluted EPS": 0.42,
        "Total Revenue": NaN,
        "Gross Profit": NaN,
        "Operating Income": 534,
        "EBIT": 783,
        "Net Income": 350
    },
    "2012-06-30": {
        "Diluted EPS": 0.29,
        "Total Revenue": NaN,
        "Gross Profit": NaN,
        "Operating Income": 398,
        "EBIT": 638,
        "Net Income": 241
    },
    "2012-03-31": {
        "Diluted EPS": 0.61,
        "Total Revenue": NaN,
        "Gross Profit": NaN,
        "Operating Income": 708,
        "EBIT": 923,
        "Net Income": 499
    },
    "2011-12-31": {
        "Diluted EPS": 0.39,
        "Total Revenue": NaN,
        "Gross Profit": NaN,
        "Operating Income": 663,
        "EBIT": 882,
        "Net Income": 320
    },
    "2011-09-30": {
        "Diluted EPS": 0.44,
        "Total Revenue": NaN,
        "Gross Profit": NaN,
        "Operating Income": 633,
        "EBIT": 849,
        "Net Income": 354
    },
    "2011-06-30": {
        "Diluted EPS": 0.45,
        "Total Revenue": NaN,
        "Gross Profit": NaN,
        "Operating Income": 608,
        "EBIT": 835,
        "Net Income": 368
    },
    "2011-03-31": {
        "Diluted EPS": 0.28,
        "Total Revenue": NaN,
        "Gross Profit": 983,
        "Operating Income": 486,
        "EBIT": 700,
        "Net Income": 228
    },
    "2010-12-31": {
        "Diluted EPS": 0.35,
        "Total Revenue": NaN,
        "Gross Profit": 946,
        "Operating Income": 489,
        "EBIT": 694,
        "Net Income": 273
    },
    "2010-09-30": {
        "Diluted EPS": 0.21,
        "Total Revenue": NaN,
        "Gross Profit": 868,
        "Operating Income": 383,
        "EBIT": 590,
        "Net Income": 168
    },
    "2010-06-30": {
        "Diluted EPS": -0.01,
        "Total Revenue": NaN,
        "Gross Profit": 656,
        "Operating Income": 167,
        "EBIT": 359,
        "Net Income": -5
    },
    "2010-03-31": {
        "Diluted EPS": -0.04,
        "Total Revenue": NaN,
        "Gross Profit": 508,
        "Operating Income": 142,
        "EBIT": 310,
        "Net Income": -29
    },
    "2009-12-31": {
        "Diluted EPS": -0.17,
        "Total Revenue": NaN,
        "Gross Profit": 485,
        "Operating Income": 44,
        "EBIT": 213,
        "Net Income": -114
    },
    "2009-09-30": {
        "Diluted EPS": -0.19,
        "Total Revenue": NaN,
        "Gross Profit": 420,
        "Operating Income": 62,
        "EBIT": 223,
        "Net Income": -123
    },
    "2009-06-30": {
        "Diluted EPS": -0.34,
        "Total Revenue": NaN,
        "Gross Profit": 387,
        "Operating Income": -171,
        "EBIT": -17,
        "Net Income": -222
    },
    "2009-03-31": {
        "Diluted EPS": -0.12,
        "Total Revenue": NaN,
        "Gross Profit": 395,
        "Operating Income": 36,
        "EBIT": 190,
        "Net Income": -81
    },
    "2023-09-30": {
        "Tax Effect Of Unusual Items": NaN,
        "Tax Rate For Calcs": NaN,
        "Normalized EBITDA": NaN,
        "Total Unusual Items": NaN,
        "Total Unusual Items Excluding Goodwill": NaN,
        "Net Income From Continuing Operation Net Minority Interest": NaN,
        "Reconciled Depreciation": NaN,
        "Reconciled Cost Of Revenue": NaN,
        "EBITDA": NaN,
        "EBIT": NaN,
        "Net Interest Income": NaN,
        "Interest Expense": NaN,
        "Interest Income": NaN,
        "Normalized Income": NaN,
        "Net Income From Continuing And Discontinued Operation": NaN,
        "Total Expenses": NaN,
        "Total Operating Income As Reported": NaN,
        "Diluted Average Shares": NaN,
        "Basic Average Shares": NaN,
        "Diluted EPS": NaN,
        "Basic EPS": NaN,
        "Diluted NI Availto Com Stockholders": NaN,
        "Net Income Common Stockholders": NaN,
        "Net Income": NaN,
        "Minority Interests": NaN,
        "Net Income Including Noncontrolling Interests": NaN,
        "Net Income Discontinuous Operations": 0.0,
        "Net Income Continuous Operations": NaN,
        "Tax Provision": NaN,
        "Pretax Income": NaN,
        "Other Income Expense": NaN,
        "Other Non Operating Income Expenses": NaN,
        "Special Income Charges": NaN,
        "Gain On Sale Of Ppe": NaN,
        "Other Special Charges": NaN,
        "Net Non Operating Interest Income Expense": NaN,
        "Interest Expense Non Operating": NaN,
        "Interest Income Non Operating": NaN,
        "Operating Income": NaN,
        "Operating Expense": NaN,
        "Other Operating Expenses": NaN,
        "Provision For Doubtful Accounts": NaN,
        "Depreciation Amortization Depletion Income Statement": NaN,
        "Depreciation And Amortization In Income Statement": NaN,
        "Depreciation Income Statement": NaN,
        "Research And Development": NaN,
        "Selling General And Administration": NaN,
        "General And Administrative Expense": NaN,
        "Other Gand A": NaN,
        "Gross Profit": NaN,
        "Cost Of Revenue": NaN,
        "Total Revenue": NaN,
        "Operating Revenue": NaN
    },
    "2023-12-31": {
        "Tax Effect Of Unusual Items": NaN,
        "Tax Rate For Calcs": NaN,
        "Normalized EBITDA": NaN,
        "Total Unusual Items": NaN,
        "Total Unusual Items Excluding Goodwill": NaN,
        "Net Income From Continuing Operation Net Minority Interest": NaN,
        "Reconciled Depreciation": NaN,
        "Reconciled Cost Of Revenue": NaN,
        "EBITDA": NaN,
        "EBIT": NaN,
        "Net Interest Income": NaN,
        "Interest Expense": NaN,
        "Interest Income": NaN,
        "Normalized Income": NaN,
        "Net Income From Continuing And Discontinued Operation": NaN,
        "Total Expenses": NaN,
        "Total Operating Income As Reported": NaN,
        "Diluted Average Shares": NaN,
        "Basic Average Shares": NaN,
        "Diluted EPS": NaN,
        "Basic EPS": NaN,
        "Diluted NI Availto Com Stockholders": NaN,
        "Net Income Common Stockholders": NaN,
        "Net Income": NaN,
        "Minority Interests": NaN,
        "Net Income Including Noncontrolling Interests": NaN,
        "Net Income Discontinuous Operations": 0.0,
        "Net Income Continuous Operations": NaN,
        "Tax Provision": NaN,
        "Pretax Income": NaN,
        "Other Income Expense": NaN,
        "Other Non Operating Income Expenses": NaN,
        "Special Income Charges": NaN,
        "Gain On Sale Of Ppe": NaN,
        "Other Special Charges": NaN,
        "Net Non Operating Interest Income Expense": NaN,
        "Interest Expense Non Operating": NaN,
        "Interest Income Non Operating": NaN,
        "Operating Income": NaN,
        "Operating Expense": NaN,
        "Other Operating Expenses": NaN,
        "Provision For Doubtful Accounts": NaN,
        "Depreciation Amortization Depletion Income Statement": NaN,
        "Depreciation And Amortization In Income Statement": NaN,
        "Depreciation Income Statement": NaN,
        "Research And Development": NaN,
        "Selling General And Administration": NaN,
        "General And Administrative Expense": NaN,
        "Other Gand A": NaN,
        "Gross Profit": NaN,
        "Cost Of Revenue": NaN,
        "Total Revenue": NaN,
        "Operating Revenue": NaN
    },
    "2024-03-31": {
        "Tax Effect Of Unusual Items": -476000.0,
        "Tax Rate For Calcs": 0.028,
        "Normalized EBITDA": 1135000000.0,
        "Total Unusual Items": -17000000.0,
        "Total Unusual Items Excluding Goodwill": -17000000.0,
        "Net Income From Continuing Operation Net Minority Interest": 494000000.0,
        "Reconciled Depreciation": 336000000.0,
        "Reconciled Cost Of Revenue": 1461000000.0,
        "EBITDA": 1118000000.0,
        "EBIT": 782000000.0,
        "Net Interest Income": -111000000.0,
        "Interest Expense": 182000000.0,
        "Interest Income": 71000000.0,
        "Normalized Income": 510524000.0,
        "Net Income From Continuing And Discontinued Operation": 494000000.0,
        "Total Expenses": 2225000000.0,
        "Total Operating Income As Reported": 717000000.0,
        "Diluted Average Shares": 752000000.0,
        "Basic Average Shares": 750000000.0,
        "Diluted EPS": 0.66,
        "Basic EPS": 0.66,
        "Diluted NI Availto Com Stockholders": 494000000.0,
        "Net Income Common Stockholders": 494000000.0,
        "Net Income": 494000000.0,
        "Minority Interests": -89000000.0,
        "Net Income Including Noncontrolling Interests": 583000000.0,
        "Net Income Discontinuous Operations": NaN,
        "Net Income Continuous Operations": 583000000.0,
        "Tax Provision": 17000000.0,
        "Pretax Income": 600000000.0,
        "Other Income Expense": -23000000.0,
        "Other Non Operating Income Expenses": -6000000.0,
        "Special Income Charges": -17000000.0,
        "Gain On Sale Of Ppe": -14000000.0,
        "Other Special Charges": 3000000.0,
        "Net Non Operating Interest Income Expense": -111000000.0,
        "Interest Expense Non Operating": 182000000.0,
        "Interest Income Non Operating": 71000000.0,
        "Operating Income": 734000000.0,
        "Operating Expense": 764000000.0,
        "Other Operating Expenses": 78000000.0,
        "Provision For Doubtful Accounts": 11000000.0,
        "Depreciation Amortization Depletion Income Statement": 336000000.0,
        "Depreciation And Amortization In Income Statement": 336000000.0,
        "Depreciation Income Statement": 336000000.0,
        "Research And Development": 53000000.0,
        "Selling General And Administration": 286000000.0,
        "General And Administrative Expense": 286000000.0,
        "Other Gand A": 286000000.0,
        "Gross Profit": 1498000000.0,
        "Cost Of Revenue": 1461000000.0,
        "Total Revenue": 2959000000.0,
        "Operating Revenue": 2959000000.0
    },
    "2024-06-30": {
        "Tax Effect Of Unusual Items": -2755000.0,
        "Tax Rate For Calcs": 0.145,
        "Normalized EBITDA": 1031000000.0,
        "Total Unusual Items": -19000000.0,
        "Total Unusual Items Excluding Goodwill": -19000000.0,
        "Net Income From Continuing Operation Net Minority Interest": 353000000.0,
        "Reconciled Depreciation": 330000000.0,
        "Reconciled Cost Of Revenue": 1419000000.0,
        "EBITDA": 1012000000.0,
        "EBIT": 682000000.0,
        "Net Interest Income": -106000000.0,
        "Interest Expense": 186000000.0,
        "Interest Income": 80000000.0,
        "Normalized Income": 369245000.0,
        "Net Income From Continuing And Discontinued Operation": 353000000.0,
        "Total Expenses": 2151000000.0,
        "Total Operating Income As Reported": 591000000.0,
        "Diluted Average Shares": 741000000.0,
        "Basic Average Shares": 740000000.0,
        "Diluted EPS": 0.48,
        "Basic EPS": 0.48,
        "Diluted NI Availto Com Stockholders": 353000000.0,
        "Net Income Common Stockholders": 353000000.0,
        "Net Income": 353000000.0,
        "Minority Interests": -71000000.0,
        "Net Income Including Noncontrolling Interests": 424000000.0,
        "Net Income Discontinuous Operations": NaN,
        "Net Income Continuous Operations": 424000000.0,
        "Tax Provision": 72000000.0,
        "Pretax Income": 496000000.0,
        "Other Income Expense": -8000000.0,
        "Other Non Operating Income Expenses": 11000000.0,
        "Special Income Charges": -19000000.0,
        "Gain On Sale Of Ppe": -16000000.0,
        "Other Special Charges": 3000000.0,
        "Net Non Operating Interest Income Expense": -106000000.0,
        "Interest Expense Non Operating": 186000000.0,
        "Interest Income Non Operating": 80000000.0,
        "Operating Income": 610000000.0,
        "Operating Expense": 732000000.0,
        "Other Operating Expenses": 69000000.0,
        "Provision For Doubtful Accounts": 4000000.0,
        "Depreciation Amortization Depletion Income Statement": 330000000.0,
        "Depreciation And Amortization In Income Statement": 330000000.0,
        "Depreciation Income Statement": 330000000.0,
        "Research And Development": 61000000.0,
        "Selling General And Administration": 268000000.0,
        "General And Administrative Expense": 268000000.0,
        "Other Gand A": 268000000.0,
        "Gross Profit": 1342000000.0,
        "Cost Of Revenue": 1419000000.0,
        "Total Revenue": 2761000000.0,
        "Operating Revenue": 2761000000.0
    },
    "2024-09-30": {
        "Tax Effect Of Unusual Items": -1860000.0,
        "Tax Rate For Calcs": 0.124,
        "Normalized EBITDA": 936000000.0,
        "Total Unusual Items": -15000000.0,
        "Total Unusual Items Excluding Goodwill": -15000000.0,
        "Net Income From Continuing Operation Net Minority Interest": 275000000.0,
        "Reconciled Depreciation": 339000000.0,
        "Reconciled Cost Of Revenue": 1413000000.0,
        "EBITDA": 921000000.0,
        "EBIT": 582000000.0,
        "Net Interest Income": -112000000.0,
        "Interest Expense": 179000000.0,
        "Interest Income": 67000000.0,
        "Normalized Income": 288140000.0,
        "Net Income From Continuing And Discontinued Operation": 275000000.0,
        "Total Expenses": 2163000000.0,
        "Total Operating Income As Reported": 504000000.0,
        "Diluted Average Shares": 731000000.0,
        "Basic Average Shares": 730000000.0,
        "Diluted EPS": 0.38,
        "Basic EPS": 0.38,
        "Diluted NI Availto Com Stockholders": 275000000.0,
        "Net Income Common Stockholders": 275000000.0,
        "Net Income": 275000000.0,
        "Minority Interests": -78000000.0,
        "Net Income Including Noncontrolling Interests": 353000000.0,
        "Net Income Discontinuous Operations": NaN,
        "Net Income Continuous Operations": 353000000.0,
        "Tax Provision": 50000000.0,
        "Pretax Income": 403000000.0,
        "Other Income Expense": -4000000.0,
        "Other Non Operating Income Expenses": 11000000.0,
        "Special Income Charges": -15000000.0,
        "Gain On Sale Of Ppe": -11000000.0,
        "Other Special Charges": 4000000.0,
        "Net Non Operating Interest Income Expense": -112000000.0,
        "Interest Expense Non Operating": 179000000.0,
        "Interest Income Non Operating": 67000000.0,
        "Operating Income": 519000000.0,
        "Operating Expense": 750000000.0,
        "Other Operating Expenses": 68000000.0,
        "Provision For Doubtful Accounts": -5000000.0,
        "Depreciation Amortization Depletion Income Statement": 339000000.0,
        "Depreciation And Amortization In Income Statement": 339000000.0,
        "Depreciation Income Statement": 339000000.0,
        "Research And Development": 55000000.0,
        "Selling General And Administration": 293000000.0,
        "General And Administrative Expense": 293000000.0,
        "Other Gand A": 293000000.0,
        "Gross Profit": 1269000000.0,
        "Cost Of Revenue": 1413000000.0,
        "Total Revenue": 2682000000.0,
        "Operating Revenue": 2682000000.0
    },
    "2024-12-31": {
        "Tax Effect Of Unusual Items": -1945770.065076,
        "Tax Rate For Calcs": 0.149675,
        "Normalized EBITDA": 1017000000.0,
        "Total Unusual Items": -13000000.0,
        "Total Unusual Items Excluding Goodwill": -13000000.0,
        "Net Income From Continuing Operation Net Minority Interest": 324000000.0,
        "Reconciled Depreciation": 363000000.0,
        "Reconciled Cost Of Revenue": 1484000000.0,
        "EBITDA": 1004000000.0,
        "EBIT": 641000000.0,
        "Net Interest Income": -123000000.0,
        "Interest Expense": 180000000.0,
        "Interest Income": 57000000.0,
        "Normalized Income": 335054229.934924,
        "Net Income From Continuing And Discontinued Operation": 324000000.0,
        "Total Expenses": 2293000000.0,
        "Total Operating Income As Reported": 590000000.0,
        "Diluted Average Shares": 723000000.0,
        "Basic Average Shares": 721000000.0,
        "Diluted EPS": 0.45,
        "Basic EPS": 0.45,
        "Diluted NI Availto Com Stockholders": 324000000.0,
        "Net Income Common Stockholders": 324000000.0,
        "Net Income": 324000000.0,
        "Minority Interests": -68000000.0,
        "Net Income Including Noncontrolling Interests": 392000000.0,
        "Net Income Discontinuous Operations": NaN,
        "Net Income Continuous Operations": 392000000.0,
        "Tax Provision": 69000000.0,
        "Pretax Income": 461000000.0,
        "Other Income Expense": -19000000.0,
        "Other Non Operating Income Expenses": -6000000.0,
        "Special Income Charges": -13000000.0,
        "Gain On Sale Of Ppe": -9000000.0,
        "Other Special Charges": 4000000.0,
        "Net Non Operating Interest Income Expense": -123000000.0,
        "Interest Expense Non Operating": 180000000.0,
        "Interest Income Non Operating": 57000000.0,
        "Operating Income": 603000000.0,
        "Operating Expense": 809000000.0,
        "Other Operating Expenses": 75000000.0,
        "Provision For Doubtful Accounts": 9000000.0,
        "Depreciation Amortization Depletion Income Statement": 363000000.0,
        "Depreciation And Amortization In Income Statement": 363000000.0,
        "Depreciation Income Statement": 363000000.0,
        "Research And Development": 59000000.0,
        "Selling General And Administration": 303000000.0,
        "General And Administrative Expense": 303000000.0,
        "Other Gand A": 303000000.0,
        "Gross Profit": 1412000000.0,
        "Cost Of Revenue": 1484000000.0,
        "Total Revenue": 2896000000.0,
        "Operating Revenue": 2896000000.0
    },
    "2025-03-31": {
        "Tax Effect Of Unusual Items": -2144000.0,
        "Tax Rate For Calcs": 0.134,
        "Normalized EBITDA": 1038000000.0,
        "Total Unusual Items": -16000000.0,
        "Total Unusual Items Excluding Goodwill": -16000000.0,
        "Net Income From Continuing Operation Net Minority Interest": 352000000.0,
        "Reconciled Depreciation": 377000000.0,
        "Reconciled Cost Of Revenue": 1445000000.0,
        "EBITDA": 1022000000.0,
        "EBIT": 645000000.0,
        "Net Interest Income": -132000000.0,
        "Interest Expense": 174000000.0,
        "Interest Income": 42000000.0,
        "Normalized Income": 365856000.0,
        "Net Income From Continuing And Discontinued Operation": 352000000.0,
        "Total Expenses": 2242000000.0,
        "Total Operating Income As Reported": 609000000.0,
        "Diluted Average Shares": 713000000.0,
        "Basic Average Shares": 712000000.0,
        "Diluted EPS": 0.49,
        "Basic EPS": 0.49,
        "Diluted NI Availto Com Stockholders": 352000000.0,
        "Net Income Common Stockholders": 352000000.0,
        "Net Income": 352000000.0,
        "Minority Interests": -56000000.0,
        "Net Income Including Noncontrolling Interests": 408000000.0,
        "Net Income Discontinuous Operations": NaN,
        "Net Income Continuous Operations": 408000000.0,
        "Tax Provision": 63000000.0,
        "Pretax Income": 471000000.0,
        "Other Income Expense": -17000000.0,
        "Other Non Operating Income Expenses": -1000000.0,
        "Special Income Charges": -16000000.0,
        "Gain On Sale Of Ppe": -7000000.0,
        "Other Special Charges": 9000000.0,
        "Net Non Operating Interest Income Expense": -132000000.0,
        "Interest Expense Non Operating": 174000000.0,
        "Interest Income Non Operating": 42000000.0,
        "Operating Income": 620000000.0,
        "Operating Expense": 797000000.0,
        "Other Operating Expenses": 73000000.0,
        "Provision For Doubtful Accounts": 5000000.0,
        "Depreciation Amortization Depletion Income Statement": 377000000.0,
        "Depreciation And Amortization In Income Statement": 377000000.0,
        "Depreciation Income Statement": 377000000.0,
        "Research And Development": 69000000.0,
        "Selling General And Administration": 273000000.0,
        "General And Administrative Expense": 273000000.0,
        "Other Gand A": 273000000.0,
        "Gross Profit": 1417000000.0,
        "Cost Of Revenue": 1445000000.0,
        "Total Revenue": 2862000000.0,
        "Operating Revenue": 2862000000.0
    },
    "2025-06-30": {
        "Tax Effect Of Unusual Items": -2516000.0,
        "Tax Rate For Calcs": 0.148,
        "Normalized EBITDA": 1211000000.0,
        "Total Unusual Items": -17000000.0,
        "Total Unusual Items Excluding Goodwill": -17000000.0,
        "Net Income From Continuing Operation Net Minority Interest": 461000000.0,
        "Reconciled Depreciation": 391000000.0,
        "Reconciled Cost Of Revenue": 1538000000.0,
        "EBITDA": 1194000000.0,
        "EBIT": 803000000.0,
        "Net Interest Income": -152000000.0,
        "Interest Expense": 194000000.0,
        "Interest Income": 42000000.0,
        "Normalized Income": 475484000.0,
        "Net Income From Continuing And Discontinued Operation": 461000000.0,
        "Total Expenses": 2375000000.0,
        "Total Operating Income As Reported": 783000000.0,
        "Diluted Average Shares": 696000000.0,
        "Basic Average Shares": 695000000.0,
        "Diluted EPS": 0.66,
        "Basic EPS": 0.66,
        "Diluted NI Availto Com Stockholders": 461000000.0,
        "Net Income Common Stockholders": 461000000.0,
        "Net Income": 461000000.0,
        "Minority Interests": -58000000.0,
        "Net Income Including Noncontrolling Interests": 519000000.0,
        "Net Income Discontinuous Operations": NaN,
        "Net Income Continuous Operations": 519000000.0,
        "Tax Provision": 90000000.0,
        "Pretax Income": 609000000.0,
        "Other Income Expense": -39000000.0,
        "Other Non Operating Income Expenses": -22000000.0,
        "Special Income Charges": -17000000.0,
        "Gain On Sale Of Ppe": -8000000.0,
        "Other Special Charges": 9000000.0,
        "Net Non Operating Interest Income Expense": -152000000.0,
        "Interest Expense Non Operating": 194000000.0,
        "Interest Income Non Operating": 42000000.0,
        "Operating Income": 800000000.0,
        "Operating Expense": 837000000.0,
        "Other Operating Expenses": 69000000.0,
        "Provision For Doubtful Accounts": 16000000.0,
        "Depreciation Amortization Depletion Income Statement": 391000000.0,
        "Depreciation And Amortization In Income Statement": 391000000.0,
        "Depreciation Income Statement": 391000000.0,
        "Research And Development": 69000000.0,
        "Selling General And Administration": 292000000.0,
        "General And Administrative Expense": 292000000.0,
        "Other Gand A": 292000000.0,
        "Gross Profit": 1637000000.0,
        "Cost Of Revenue": 1538000000.0,
        "Total Revenue": 3175000000.0,
        "Operating Revenue": 3175000000.0
    }
}