{
    "2023-03-31": {
        "Tax Effect Of Unusual Items": NaN,
        "Tax Rate For Calcs": NaN,
        "Normalized EBITDA": NaN,
        "Total Unusual Items": NaN,
        "Total Unusual Items Excluding Goodwill": NaN,
        "Net Income From Continuing Operation Net Minority Interest": NaN,
        "Reconciled Depreciation": NaN,
        "Reconciled Cost Of Revenue": NaN,
        "EBITDA": NaN,
        "EBIT": NaN,
        "Net Interest Income": NaN,
        "Interest Income": NaN,
        "Normalized Income": NaN,
        "Net Income From Continuing And Discontinued Operation": NaN,
        "Total Expenses": NaN,
        "Total Operating Income As Reported": NaN,
        "Diluted Average Shares": NaN,
        "Basic Average Shares": NaN,
        "Diluted EPS": NaN,
        "Basic EPS": NaN,
        "Diluted NI Availto Com Stockholders": NaN,
        "Net Income Common Stockholders": NaN,
        "Net Income": NaN,
        "Net Income Including Noncontrolling Interests": NaN,
        "Net Income Continuous Operations": NaN,
        "Tax Provision": NaN,
        "Pretax Income": NaN,
        "Other Income Expense": NaN,
        "Gain On Sale Of Security": NaN,
        "Net Non Operating Interest Income Expense": NaN,
        "Total Other Finance Cost": -617000.0,
        "Interest Income Non Operating": NaN,
        "Operating Income": NaN,
        "Operating Expense": NaN,
        "Research And Development": NaN,
        "Selling General And Administration": NaN,
        "General And Administrative Expense": NaN,
        "Other Gand A": NaN,
        "Insurance And Claims": NaN,
        "Salaries And Wages": NaN,
        "Gross Profit": NaN,
        "Cost Of Revenue": NaN,
        "Total Revenue": NaN,
        "Operating Revenue": NaN
    },
    "2022-12-31": {
        "Tax Effect Of Unusual Items": NaN,
        "Tax Rate For Calcs": NaN,
        "Normalized EBITDA": NaN,
        "Total Unusual Items": NaN,
        "Total Unusual Items Excluding Goodwill": NaN,
        "Net Income From Continuing Operation Net Minority Interest": NaN,
        "Reconciled Depreciation": NaN,
        "Reconciled Cost Of Revenue": NaN,
        "EBITDA": NaN,
        "EBIT": NaN,
        "Net Interest Income": NaN,
        "Interest Income": NaN,
        "Normalized Income": NaN,
        "Net Income From Continuing And Discontinued Operation": NaN,
        "Total Expenses": NaN,
        "Total Operating Income As Reported": NaN,
        "Diluted Average Shares": 26289087.0,
        "Basic Average Shares": 26289087.0,
        "Diluted EPS": -0.57,
        "Basic EPS": -0.57,
        "Diluted NI Availto Com Stockholders": NaN,
        "Net Income Common Stockholders": NaN,
        "Net Income": NaN,
        "Net Income Including Noncontrolling Interests": NaN,
        "Net Income Continuous Operations": NaN,
        "Tax Provision": NaN,
        "Pretax Income": NaN,
        "Other Income Expense": NaN,
        "Gain On Sale Of Security": NaN,
        "Net Non Operating Interest Income Expense": NaN,
        "Total Other Finance Cost": NaN,
        "Interest Income Non Operating": NaN,
        "Operating Income": NaN,
        "Operating Expense": NaN,
        "Research And Development": NaN,
        "Selling General And Administration": NaN,
        "General And Administrative Expense": NaN,
        "Other Gand A": NaN,
        "Insurance And Claims": NaN,
        "Salaries And Wages": NaN,
        "Gross Profit": NaN,
        "Cost Of Revenue": NaN,
        "Total Revenue": NaN,
        "Operating Revenue": NaN
    },
    "2022-09-30": {
        "Tax Effect Of Unusual Items": NaN,
        "Tax Rate For Calcs": NaN,
        "Normalized EBITDA": NaN,
        "Total Unusual Items": NaN,
        "Total Unusual Items Excluding Goodwill": NaN,
        "Net Income From Continuing Operation Net Minority Interest": NaN,
        "Reconciled Depreciation": NaN,
        "Reconciled Cost Of Revenue": NaN,
        "EBITDA": NaN,
        "EBIT": NaN,
        "Net Interest Income": NaN,
        "Interest Income": NaN,
        "Normalized Income": NaN,
        "Net Income From Continuing And Discontinued Operation": NaN,
        "Total Expenses": NaN,
        "Total Operating Income As Reported": NaN,
        "Diluted Average Shares": NaN,
        "Basic Average Shares": NaN,
        "Diluted EPS": NaN,
        "Basic EPS": NaN,
        "Diluted NI Availto Com Stockholders": NaN,
        "Net Income Common Stockholders": NaN,
        "Net Income": NaN,
        "Net Income Including Noncontrolling Interests": NaN,
        "Net Income Continuous Operations": NaN,
        "Tax Provision": NaN,
        "Pretax Income": NaN,
        "Other Income Expense": NaN,
        "Gain On Sale Of Security": NaN,
        "Net Non Operating Interest Income Expense": NaN,
        "Total Other Finance Cost": -39000.0,
        "Interest Income Non Operating": NaN,
        "Operating Income": NaN,
        "Operating Expense": NaN,
        "Research And Development": NaN,
        "Selling General And Administration": NaN,
        "General And Administrative Expense": NaN,
        "Other Gand A": NaN,
        "Insurance And Claims": NaN,
        "Salaries And Wages": NaN,
        "Gross Profit": NaN,
        "Cost Of Revenue": NaN,
        "Total Revenue": NaN,
        "Operating Revenue": NaN
    },
    "2022-06-30": {
        "Tax Effect Of Unusual Items": 1254400.0,
        "Tax Rate For Calcs": 0.4,
        "Normalized EBITDA": -10716000.0,
        "Total Unusual Items": 3136000.0,
        "Total Unusual Items Excluding Goodwill": 3136000.0,
        "Net Income From Continuing Operation Net Minority Interest": -7920000.0,
        "Reconciled Depreciation": 174000.0,
        "Reconciled Cost Of Revenue": NaN,
        "EBITDA": -7580000.0,
        "EBIT": -7754000.0,
        "Net Interest Income": -90000.0,
        "Interest Expense": 90000.0,
        "Normalized Income": -9801600.0,
        "Net Income From Continuing And Discontinued Operation": -7920000.0,
        "Total Expenses": 11358000.0,
        "Total Operating Income As Reported": -10890000.0,
        "Diluted Average Shares": 25780811.0,
        "Basic Average Shares": 25780811.0,
        "Diluted EPS": -0.31,
        "Basic EPS": -0.31,
        "Diluted NI Availto Com Stockholders": -7920000.0,
        "Net Income Common Stockholders": -7920000.0,
        "Net Income": -7920000.0,
        "Net Income Including Noncontrolling Interests": -7920000.0,
        "Net Income Continuous Operations": -7920000.0,
        "Tax Provision": 76000.0,
        "Pretax Income": -7844000.0,
        "Other Income Expense": 3136000.0,
        "Other Non Operating Income Expenses": NaN,
        "Gain On Sale Of Security": 3136000.0,
        "Net Non Operating Interest Income Expense": -90000.0,
        "Total Other Finance Cost": NaN,
        "Interest Expense Non Operating": 90000.0,
        "Operating Income": -10890000.0,
        "Operating Expense": 11358000.0,
        "Research And Development": 8342000.0,
        "Selling General And Administration": 3016000.0,
        "General And Administrative Expense": 3016000.0,
        "Other Gand A": 1000000.0,
        "Insurance And Claims": 713000.0,
        "Salaries And Wages": 1303000.0,
        "Gross Profit": NaN,
        "Cost Of Revenue": NaN,
        "Total Revenue": 468000.0,
        "Operating Revenue": 468000.0
    },
    "2022-03-31": {
        "Diluted EPS": -0.38,
        "Total Revenue": 1,
        "Gross Profit": 1,
        "Operating Income": -11,
        "EBIT": -10,
        "Net Income": -10
    },
    "2021-12-31": {
        "Diluted EPS": 10.58,
        "Total Revenue": 1,
        "Gross Profit": 1,
        "Operating Income": -9,
        "EBIT": -9,
        "Net Income": -8
    },
    "2021-09-30": {
        "Diluted EPS": -0.27,
        "Total Revenue": 2,
        "Gross Profit": 2,
        "Operating Income": -8,
        "EBIT": -8,
        "Net Income": -7
    },
    "2021-06-30": {
        "Diluted EPS": -0.31,
        "Total Revenue": 1,
        "Gross Profit": 1,
        "Operating Income": -7,
        "EBIT": -6,
        "Net Income": -8
    },
    "2021-03-31": {
        "Diluted EPS": -12.14,
        "Total Revenue": 1,
        "Gross Profit": 1,
        "Operating Income": -19,
        "EBIT": -19,
        "Net Income": -20
    },
    "2020-12-31": {
        "Diluted EPS": 0.0,
        "Total Revenue": NaN,
        "Gross Profit": NaN,
        "Operating Income": NaN,
        "EBIT": NaN,
        "Net Income": NaN
    },
    "2023-06-30": {
        "Tax Effect Of Unusual Items": NaN,
        "Tax Rate For Calcs": NaN,
        "Normalized EBITDA": NaN,
        "Total Unusual Items": NaN,
        "Total Unusual Items Excluding Goodwill": NaN,
        "Net Income From Continuing Operation Net Minority Interest": NaN,
        "Reconciled Depreciation": NaN,
        "Reconciled Cost Of Revenue": NaN,
        "EBITDA": NaN,
        "EBIT": NaN,
        "Net Interest Income": NaN,
        "Interest Income": 698000.0,
        "Normalized Income": NaN,
        "Net Income From Continuing And Discontinued Operation": NaN,
        "Total Expenses": NaN,
        "Total Operating Income As Reported": NaN,
        "Diluted Average Shares": 26289087.0,
        "Basic Average Shares": 26289087.0,
        "Diluted EPS": -0.48,
        "Basic EPS": -0.48,
        "Diluted NI Availto Com Stockholders": NaN,
        "Net Income Common Stockholders": NaN,
        "Net Income": NaN,
        "Net Income Including Noncontrolling Interests": NaN,
        "Net Income Continuous Operations": NaN,
        "Tax Provision": NaN,
        "Pretax Income": NaN,
        "Other Income Expense": NaN,
        "Gain On Sale Of Security": NaN,
        "Net Non Operating Interest Income Expense": NaN,
        "Total Other Finance Cost": -698000.0,
        "Interest Income Non Operating": 698000.0,
        "Operating Income": NaN,
        "Operating Expense": NaN,
        "Research And Development": NaN,
        "Selling General And Administration": NaN,
        "General And Administrative Expense": NaN,
        "Other Gand A": NaN,
        "Insurance And Claims": NaN,
        "Salaries And Wages": NaN,
        "Gross Profit": NaN,
        "Cost Of Revenue": NaN,
        "Total Revenue": NaN,
        "Operating Revenue": NaN
    },
    "2023-09-30": {
        "Tax Effect Of Unusual Items": NaN,
        "Tax Rate For Calcs": NaN,
        "Normalized EBITDA": NaN,
        "Total Unusual Items": NaN,
        "Total Unusual Items Excluding Goodwill": NaN,
        "Net Income From Continuing Operation Net Minority Interest": NaN,
        "Reconciled Depreciation": NaN,
        "Reconciled Cost Of Revenue": NaN,
        "EBITDA": NaN,
        "EBIT": NaN,
        "Net Interest Income": NaN,
        "Interest Expense": NaN,
        "Interest Income": NaN,
        "Normalized Income": NaN,
        "Net Income From Continuing And Discontinued Operation": NaN,
        "Total Expenses": NaN,
        "Total Operating Income As Reported": NaN,
        "Diluted Average Shares": NaN,
        "Basic Average Shares": NaN,
        "Diluted EPS": NaN,
        "Basic EPS": NaN,
        "Diluted NI Availto Com Stockholders": NaN,
        "Net Income Common Stockholders": NaN,
        "Net Income": NaN,
        "Net Income Including Noncontrolling Interests": NaN,
        "Net Income Continuous Operations": NaN,
        "Tax Provision": NaN,
        "Pretax Income": NaN,
        "Other Income Expense": NaN,
        "Special Income Charges": NaN,
        "Other Special Charges": NaN,
        "Gain On Sale Of Security": NaN,
        "Net Non Operating Interest Income Expense": NaN,
        "Total Other Finance Cost": -809000.0,
        "Interest Expense Non Operating": NaN,
        "Interest Income Non Operating": NaN,
        "Operating Income": NaN,
        "Operating Expense": NaN,
        "Research And Development": NaN,
        "Selling General And Administration": NaN,
        "General And Administrative Expense": NaN,
        "Other Gand A": NaN,
        "Insurance And Claims": NaN,
        "Salaries And Wages": NaN,
        "Gross Profit": NaN,
        "Cost Of Revenue": NaN,
        "Total Revenue": NaN,
        "Operating Revenue": NaN
    },
    "2023-12-31": {
        "Tax Effect Of Unusual Items": NaN,
        "Tax Rate For Calcs": NaN,
        "Normalized EBITDA": NaN,
        "Total Unusual Items": NaN,
        "Total Unusual Items Excluding Goodwill": NaN,
        "Net Income From Continuing Operation Net Minority Interest": NaN,
        "Reconciled Depreciation": NaN,
        "Reconciled Cost Of Revenue": 154000.0,
        "EBITDA": NaN,
        "EBIT": NaN,
        "Net Interest Income": NaN,
        "Interest Expense": NaN,
        "Interest Income": NaN,
        "Normalized Income": NaN,
        "Net Income From Continuing And Discontinued Operation": NaN,
        "Total Expenses": NaN,
        "Total Operating Income As Reported": NaN,
        "Diluted Average Shares": NaN,
        "Basic Average Shares": NaN,
        "Diluted EPS": NaN,
        "Basic EPS": NaN,
        "Diluted NI Availto Com Stockholders": NaN,
        "Net Income Common Stockholders": NaN,
        "Net Income": NaN,
        "Net Income Including Noncontrolling Interests": NaN,
        "Net Income Continuous Operations": NaN,
        "Tax Provision": NaN,
        "Pretax Income": NaN,
        "Other Income Expense": NaN,
        "Special Income Charges": NaN,
        "Other Special Charges": NaN,
        "Gain On Sale Of Security": NaN,
        "Net Non Operating Interest Income Expense": NaN,
        "Interest Expense Non Operating": NaN,
        "Interest Income Non Operating": NaN,
        "Operating Income": NaN,
        "Operating Expense": NaN,
        "Research And Development": NaN,
        "Selling General And Administration": NaN,
        "General And Administrative Expense": NaN,
        "Other Gand A": NaN,
        "Insurance And Claims": NaN,
        "Salaries And Wages": NaN,
        "Gross Profit": 199000.0,
        "Cost Of Revenue": 154000.0,
        "Total Revenue": NaN,
        "Operating Revenue": NaN
    },
    "2024-03-31": {
        "Tax Effect Of Unusual Items": NaN,
        "Tax Rate For Calcs": NaN,
        "Normalized EBITDA": NaN,
        "Total Unusual Items": NaN,
        "Total Unusual Items Excluding Goodwill": NaN,
        "Net Income From Continuing Operation Net Minority Interest": NaN,
        "Reconciled Depreciation": NaN,
        "Reconciled Cost Of Revenue": 0.0,
        "EBITDA": NaN,
        "EBIT": NaN,
        "Net Interest Income": NaN,
        "Interest Expense": 130000.0,
        "Interest Income": NaN,
        "Normalized Income": NaN,
        "Net Income From Continuing And Discontinued Operation": NaN,
        "Total Expenses": NaN,
        "Total Operating Income As Reported": NaN,
        "Diluted Average Shares": NaN,
        "Basic Average Shares": NaN,
        "Diluted EPS": NaN,
        "Basic EPS": NaN,
        "Diluted NI Availto Com Stockholders": NaN,
        "Net Income Common Stockholders": NaN,
        "Net Income": NaN,
        "Net Income Including Noncontrolling Interests": NaN,
        "Net Income Continuous Operations": NaN,
        "Tax Provision": NaN,
        "Pretax Income": NaN,
        "Other Income Expense": NaN,
        "Special Income Charges": 0.0,
        "Other Special Charges": NaN,
        "Gain On Sale Of Security": NaN,
        "Net Non Operating Interest Income Expense": NaN,
        "Interest Expense Non Operating": 130000.0,
        "Interest Income Non Operating": NaN,
        "Operating Income": NaN,
        "Operating Expense": NaN,
        "Research And Development": NaN,
        "Selling General And Administration": NaN,
        "General And Administrative Expense": NaN,
        "Other Gand A": NaN,
        "Insurance And Claims": NaN,
        "Salaries And Wages": NaN,
        "Gross Profit": 6992000.0,
        "Cost Of Revenue": 0.0,
        "Total Revenue": NaN,
        "Operating Revenue": NaN
    },
    "2024-06-30": {
        "Tax Effect Of Unusual Items": 87720.0,
        "Tax Rate For Calcs": 0.258,
        "Normalized EBITDA": -8305000.0,
        "Total Unusual Items": 340000.0,
        "Total Unusual Items Excluding Goodwill": 340000.0,
        "Net Income From Continuing Operation Net Minority Interest": -8300000.0,
        "Reconciled Depreciation": 120000.0,
        "Reconciled Cost Of Revenue": 0.0,
        "EBITDA": -7965000.0,
        "EBIT": -8085000.0,
        "Net Interest Income": 839000.0,
        "Interest Expense": 129000.0,
        "Interest Income": 968000.0,
        "Normalized Income": -8552280.0,
        "Net Income From Continuing And Discontinued Operation": -8300000.0,
        "Total Expenses": 9393000.0,
        "Total Operating Income As Reported": -9393000.0,
        "Diluted Average Shares": 26822139.0,
        "Basic Average Shares": 26822139.0,
        "Diluted EPS": -0.31,
        "Basic EPS": -0.31,
        "Diluted NI Availto Com Stockholders": -8300000.0,
        "Net Income Common Stockholders": -8300000.0,
        "Net Income": -8300000.0,
        "Net Income Including Noncontrolling Interests": -8300000.0,
        "Net Income Continuous Operations": -8300000.0,
        "Tax Provision": 86000.0,
        "Pretax Income": -8214000.0,
        "Other Income Expense": 340000.0,
        "Special Income Charges": 0.0,
        "Other Special Charges": NaN,
        "Gain On Sale Of Security": 340000.0,
        "Net Non Operating Interest Income Expense": 839000.0,
        "Interest Expense Non Operating": 129000.0,
        "Interest Income Non Operating": 968000.0,
        "Operating Income": -9393000.0,
        "Operating Expense": 9393000.0,
        "Research And Development": 5958000.0,
        "Selling General And Administration": 3435000.0,
        "General And Administrative Expense": 3435000.0,
        "Other Gand A": 1260000.0,
        "Insurance And Claims": 625000.0,
        "Salaries And Wages": 1550000.0,
        "Gross Profit": 0.0,
        "Cost Of Revenue": 0.0,
        "Total Revenue": 0.0,
        "Operating Revenue": 0.0
    },
    "2024-09-30": {
        "Tax Effect Of Unusual Items": -443760.0,
        "Tax Rate For Calcs": 0.258,
        "Normalized EBITDA": -9142000.0,
        "Total Unusual Items": -1720000.0,
        "Total Unusual Items Excluding Goodwill": -1720000.0,
        "Net Income From Continuing Operation Net Minority Interest": -12296000.0,
        "Reconciled Depreciation": 423000.0,
        "Reconciled Cost Of Revenue": 0.0,
        "EBITDA": -10862000.0,
        "EBIT": -11285000.0,
        "Net Interest Income": 805000.0,
        "Interest Expense": NaN,
        "Interest Income": 805000.0,
        "Normalized Income": -11019760.0,
        "Net Income From Continuing And Discontinued Operation": -12296000.0,
        "Total Expenses": 11285000.0,
        "Total Operating Income As Reported": -11285000.0,
        "Diluted Average Shares": 26846006.0,
        "Basic Average Shares": 26846006.0,
        "Diluted EPS": -0.46,
        "Basic EPS": -0.46,
        "Diluted NI Availto Com Stockholders": -12296000.0,
        "Net Income Common Stockholders": -12296000.0,
        "Net Income": -12296000.0,
        "Net Income Including Noncontrolling Interests": -12296000.0,
        "Net Income Continuous Operations": -12296000.0,
        "Tax Provision": 96000.0,
        "Pretax Income": -12200000.0,
        "Other Income Expense": -1720000.0,
        "Special Income Charges": NaN,
        "Other Special Charges": NaN,
        "Gain On Sale Of Security": -1720000.0,
        "Net Non Operating Interest Income Expense": 805000.0,
        "Interest Expense Non Operating": NaN,
        "Interest Income Non Operating": 805000.0,
        "Operating Income": -11285000.0,
        "Operating Expense": 11285000.0,
        "Research And Development": 8500000.0,
        "Selling General And Administration": 2785000.0,
        "General And Administrative Expense": 2785000.0,
        "Other Gand A": 792000.0,
        "Insurance And Claims": 542000.0,
        "Salaries And Wages": 1451000.0,
        "Gross Profit": 0.0,
        "Cost Of Revenue": 0.0,
        "Total Revenue": 0.0,
        "Operating Revenue": 0.0
    },
    "2024-12-31": {
        "Tax Effect Of Unusual Items": 693762.0,
        "Tax Rate For Calcs": 0.258,
        "Normalized EBITDA": -4061000.0,
        "Total Unusual Items": 2689000.0,
        "Total Unusual Items Excluding Goodwill": 2689000.0,
        "Net Income From Continuing Operation Net Minority Interest": -3970000.0,
        "Reconciled Depreciation": -220000.0,
        "Reconciled Cost Of Revenue": 0.0,
        "EBITDA": -1372000.0,
        "EBIT": -1372000.0,
        "Net Interest Income": 817000.0,
        "Interest Expense": NaN,
        "Interest Income": 1332000.0,
        "Normalized Income": -5965238.0,
        "Net Income From Continuing And Discontinued Operation": -3970000.0,
        "Total Expenses": 12086000.0,
        "Total Operating Income As Reported": -7096000.0,
        "Diluted Average Shares": 26866931.0,
        "Basic Average Shares": 26866931.0,
        "Diluted EPS": -0.14,
        "Basic EPS": -0.14,
        "Diluted NI Availto Com Stockholders": -3970000.0,
        "Net Income Common Stockholders": -3970000.0,
        "Net Income": -3970000.0,
        "Net Income Including Noncontrolling Interests": -3970000.0,
        "Net Income Continuous Operations": -3970000.0,
        "Tax Provision": 380000.0,
        "Pretax Income": -3590000.0,
        "Other Income Expense": 2689000.0,
        "Special Income Charges": NaN,
        "Other Special Charges": NaN,
        "Gain On Sale Of Security": 2689000.0,
        "Net Non Operating Interest Income Expense": 817000.0,
        "Interest Expense Non Operating": NaN,
        "Interest Income Non Operating": 1332000.0,
        "Operating Income": -7096000.0,
        "Operating Expense": 12086000.0,
        "Research And Development": 7606000.0,
        "Selling General And Administration": 4480000.0,
        "General And Administrative Expense": 4480000.0,
        "Other Gand A": 2302000.0,
        "Insurance And Claims": 802000.0,
        "Salaries And Wages": 1376000.0,
        "Gross Profit": 4990000.0,
        "Cost Of Revenue": 0.0,
        "Total Revenue": 4990000.0,
        "Operating Revenue": 4990000.0
    },
    "2025-03-31": {
        "Tax Effect Of Unusual Items": 967500.0,
        "Tax Rate For Calcs": 0.258,
        "Normalized EBITDA": -6768000.0,
        "Total Unusual Items": 3750000.0,
        "Total Unusual Items Excluding Goodwill": 3750000.0,
        "Net Income From Continuing Operation Net Minority Interest": -3479000.0,
        "Reconciled Depreciation": 107000.0,
        "Reconciled Cost Of Revenue": NaN,
        "EBITDA": -3018000.0,
        "EBIT": -3125000.0,
        "Net Interest Income": 584000.0,
        "Interest Expense": 129000.0,
        "Interest Income": 713000.0,
        "Normalized Income": -6261500.0,
        "Net Income From Continuing And Discontinued Operation": -3479000.0,
        "Total Expenses": 7588000.0,
        "Total Operating Income As Reported": -7588000.0,
        "Diluted Average Shares": 26892575.0,
        "Basic Average Shares": 26892575.0,
        "Diluted EPS": -0.13,
        "Basic EPS": -0.13,
        "Diluted NI Availto Com Stockholders": -3479000.0,
        "Net Income Common Stockholders": -3479000.0,
        "Net Income": -3479000.0,
        "Net Income Including Noncontrolling Interests": -3479000.0,
        "Net Income Continuous Operations": -3479000.0,
        "Tax Provision": 225000.0,
        "Pretax Income": -3254000.0,
        "Other Income Expense": 3750000.0,
        "Special Income Charges": 5203000.0,
        "Other Special Charges": -5203000.0,
        "Gain On Sale Of Security": -1453000.0,
        "Net Non Operating Interest Income Expense": 584000.0,
        "Interest Expense Non Operating": 129000.0,
        "Interest Income Non Operating": 713000.0,
        "Operating Income": -7588000.0,
        "Operating Expense": 7588000.0,
        "Research And Development": 4156000.0,
        "Selling General And Administration": 3432000.0,
        "General And Administrative Expense": 3432000.0,
        "Other Gand A": 1285000.0,
        "Insurance And Claims": 715000.0,
        "Salaries And Wages": 1432000.0,
        "Gross Profit": NaN,
        "Cost Of Revenue": NaN,
        "Total Revenue": 0.0,
        "Operating Revenue": 0.0
    },
    "2025-06-30": {
        "Tax Effect Of Unusual Items": -486330.0,
        "Tax Rate For Calcs": 0.258,
        "Normalized EBITDA": -6674000.0,
        "Total Unusual Items": -1885000.0,
        "Total Unusual Items Excluding Goodwill": -1885000.0,
        "Net Income From Continuing Operation Net Minority Interest": -8639000.0,
        "Reconciled Depreciation": 8000.0,
        "Reconciled Cost Of Revenue": NaN,
        "EBITDA": -8559000.0,
        "EBIT": -8567000.0,
        "Net Interest Income": 607000.0,
        "Interest Expense": 0.0,
        "Interest Income": 607000.0,
        "Normalized Income": -7240330.0,
        "Net Income From Continuing And Discontinued Operation": -8639000.0,
        "Total Expenses": 7289000.0,
        "Total Operating Income As Reported": -7289000.0,
        "Diluted Average Shares": 26899122.0,
        "Basic Average Shares": 26899122.0,
        "Diluted EPS": -0.32,
        "Basic EPS": -0.32,
        "Diluted NI Availto Com Stockholders": -8639000.0,
        "Net Income Common Stockholders": -8639000.0,
        "Net Income": -8639000.0,
        "Net Income Including Noncontrolling Interests": -8639000.0,
        "Net Income Continuous Operations": -8639000.0,
        "Tax Provision": 72000.0,
        "Pretax Income": -8567000.0,
        "Other Income Expense": -1885000.0,
        "Special Income Charges": 0.0,
        "Other Special Charges": NaN,
        "Gain On Sale Of Security": -1885000.0,
        "Net Non Operating Interest Income Expense": 607000.0,
        "Interest Expense Non Operating": 0.0,
        "Interest Income Non Operating": 607000.0,
        "Operating Income": -7289000.0,
        "Operating Expense": 7289000.0,
        "Research And Development": 4739000.0,
        "Selling General And Administration": 2550000.0,
        "General And Administrative Expense": 2550000.0,
        "Other Gand A": 752000.0,
        "Insurance And Claims": 404000.0,
        "Salaries And Wages": 1394000.0,
        "Gross Profit": NaN,
        "Cost Of Revenue": NaN,
        "Total Revenue": 0.0,
        "Operating Revenue": 0.0
    }
}