{
    "2023-03-31": {
        "Tax Effect Of Unusual Items": NaN,
        "Tax Rate For Calcs": NaN,
        "Normalized EBITDA": NaN,
        "Total Unusual Items": NaN,
        "Total Unusual Items Excluding Goodwill": NaN,
        "Net Income From Continuing Operation Net Minority Interest": NaN,
        "Reconciled Depreciation": NaN,
        "Reconciled Cost Of Revenue": NaN,
        "EBITDA": NaN,
        "EBIT": NaN,
        "Net Interest Income": NaN,
        "Interest Expense": NaN,
        "Interest Income": NaN,
        "Normalized Income": NaN,
        "Net Income From Continuing And Discontinued Operation": NaN,
        "Total Expenses": NaN,
        "Total Operating Income As Reported": NaN,
        "Diluted Average Shares": 327000000.0,
        "Basic Average Shares": 326000000.0,
        "Diluted EPS": 1.44,
        "Basic EPS": 1.45,
        "Diluted NI Availto Com Stockholders": NaN,
        "Net Income Common Stockholders": NaN,
        "Otherunder Preferred Stock Dividend": NaN,
        "Net Income": NaN,
        "Minority Interests": NaN,
        "Net Income Including Noncontrolling Interests": NaN,
        "Net Income Discontinuous Operations": NaN,
        "Net Income Continuous Operations": NaN,
        "Tax Provision": NaN,
        "Pretax Income": NaN,
        "Other Income Expense": NaN,
        "Other Non Operating Income Expenses": NaN,
        "Special Income Charges": NaN,
        "Gain On Sale Of Business": NaN,
        "Write Off": NaN,
        "Impairment Of Capital Assets": NaN,
        "Earnings From Equity Interest": NaN,
        "Net Non Operating Interest Income Expense": NaN,
        "Interest Expense Non Operating": NaN,
        "Interest Income Non Operating": NaN,
        "Operating Income": NaN,
        "Operating Expense": NaN,
        "Research And Development": NaN,
        "Selling General And Administration": NaN,
        "Gross Profit": NaN,
        "Cost Of Revenue": NaN,
        "Total Revenue": NaN,
        "Operating Revenue": NaN
    },
    "2022-12-31": {
        "Tax Effect Of Unusual Items": 0.0,
        "Tax Rate For Calcs": 0.087404,
        "Normalized EBITDA": 808000000.0,
        "Total Unusual Items": 0.0,
        "Total Unusual Items Excluding Goodwill": 0.0,
        "Net Income From Continuing Operation Net Minority Interest": 353000000.0,
        "Reconciled Depreciation": 334000000.0,
        "Reconciled Cost Of Revenue": 9356000000.0,
        "EBITDA": 808000000.0,
        "EBIT": 474000000.0,
        "Net Interest Income": -69000000.0,
        "Interest Expense": 85000000.0,
        "Interest Income": 16000000.0,
        "Normalized Income": 353000000.0,
        "Net Income From Continuing And Discontinued Operation": 351000000.0,
        "Total Expenses": 9719000000.0,
        "Total Operating Income As Reported": 487000000.0,
        "Diluted Average Shares": NaN,
        "Basic Average Shares": NaN,
        "Diluted EPS": NaN,
        "Basic EPS": NaN,
        "Diluted NI Availto Com Stockholders": 341000000.0,
        "Net Income Common Stockholders": 341000000.0,
        "Otherunder Preferred Stock Dividend": NaN,
        "Net Income": 351000000.0,
        "Minority Interests": -2000000.0,
        "Net Income Including Noncontrolling Interests": 353000000.0,
        "Net Income Discontinuous Operations": -2000000.0,
        "Net Income Continuous Operations": 355000000.0,
        "Tax Provision": 34000000.0,
        "Pretax Income": 389000000.0,
        "Other Income Expense": -29000000.0,
        "Other Non Operating Income Expenses": -9000000.0,
        "Special Income Charges": 0.0,
        "Impairment Of Capital Assets": 0.0,
        "Earnings From Equity Interest": -20000000.0,
        "Net Non Operating Interest Income Expense": -69000000.0,
        "Interest Expense Non Operating": 85000000.0,
        "Interest Income Non Operating": 16000000.0,
        "Operating Income": 487000000.0,
        "Operating Expense": 363000000.0,
        "Research And Development": 29000000.0,
        "Selling General And Administration": 334000000.0,
        "Gross Profit": 850000000.0,
        "Cost Of Revenue": 9356000000.0,
        "Total Revenue": 10206000000.0,
        "Operating Revenue": 10206000000.0
    },
    "2022-09-30": {
        "Tax Effect Of Unusual Items": NaN,
        "Tax Rate For Calcs": NaN,
        "Normalized EBITDA": NaN,
        "Total Unusual Items": NaN,
        "Total Unusual Items Excluding Goodwill": NaN,
        "Net Income From Continuing Operation Net Minority Interest": NaN,
        "Reconciled Depreciation": NaN,
        "Reconciled Cost Of Revenue": NaN,
        "EBITDA": NaN,
        "EBIT": NaN,
        "Net Interest Income": NaN,
        "Interest Expense": NaN,
        "Interest Income": NaN,
        "Normalized Income": NaN,
        "Net Income From Continuing And Discontinued Operation": NaN,
        "Total Expenses": NaN,
        "Total Operating Income As Reported": NaN,
        "Diluted Average Shares": 327000000.0,
        "Basic Average Shares": 326000000.0,
        "Diluted EPS": 1.75,
        "Basic EPS": 1.75,
        "Diluted NI Availto Com Stockholders": NaN,
        "Net Income Common Stockholders": NaN,
        "Otherunder Preferred Stock Dividend": NaN,
        "Net Income": NaN,
        "Minority Interests": NaN,
        "Net Income Including Noncontrolling Interests": NaN,
        "Net Income Discontinuous Operations": NaN,
        "Net Income Continuous Operations": NaN,
        "Tax Provision": NaN,
        "Pretax Income": NaN,
        "Other Income Expense": NaN,
        "Other Non Operating Income Expenses": NaN,
        "Special Income Charges": NaN,
        "Impairment Of Capital Assets": NaN,
        "Earnings From Equity Interest": NaN,
        "Net Non Operating Interest Income Expense": NaN,
        "Interest Expense Non Operating": NaN,
        "Interest Income Non Operating": NaN,
        "Operating Income": NaN,
        "Operating Expense": NaN,
        "Research And Development": NaN,
        "Selling General And Administration": NaN,
        "Gross Profit": NaN,
        "Cost Of Revenue": NaN,
        "Total Revenue": NaN,
        "Operating Revenue": NaN
    },
    "2022-06-30": {
        "Tax Effect Of Unusual Items": -12903000.0,
        "Tax Rate For Calcs": 0.187,
        "Normalized EBITDA": 2454000000.0,
        "Total Unusual Items": -69000000.0,
        "Total Unusual Items Excluding Goodwill": -69000000.0,
        "Net Income From Continuing Operation Net Minority Interest": 1644000000.0,
        "Reconciled Depreciation": 304000000.0,
        "Reconciled Cost Of Revenue": 12267000000.0,
        "EBITDA": 2385000000.0,
        "EBIT": 2081000000.0,
        "Net Interest Income": -54000000.0,
        "Interest Expense": 58000000.0,
        "Interest Income": 4000000.0,
        "Normalized Income": 1700097000.0,
        "Net Income From Continuing And Discontinued Operation": 1643000000.0,
        "Total Expenses": 12628000000.0,
        "Total Operating Income As Reported": 2141000000.0,
        "Diluted Average Shares": 326000000.0,
        "Basic Average Shares": 325000000.0,
        "Diluted EPS": 4.98,
        "Basic EPS": 5.0,
        "Diluted NI Availto Com Stockholders": 1636000000.0,
        "Net Income Common Stockholders": 1636000000.0,
        "Otherunder Preferred Stock Dividend": 7000000.0,
        "Net Income": 1643000000.0,
        "Minority Interests": -1000000.0,
        "Net Income Including Noncontrolling Interests": 1644000000.0,
        "Net Income Discontinuous Operations": -1000000.0,
        "Net Income Continuous Operations": 1645000000.0,
        "Tax Provision": 378000000.0,
        "Pretax Income": 2023000000.0,
        "Other Income Expense": -133000000.0,
        "Other Non Operating Income Expenses": -86000000.0,
        "Special Income Charges": -69000000.0,
        "Impairment Of Capital Assets": 69000000.0,
        "Earnings From Equity Interest": 22000000.0,
        "Net Non Operating Interest Income Expense": -54000000.0,
        "Interest Expense Non Operating": 58000000.0,
        "Interest Income Non Operating": 4000000.0,
        "Operating Income": 2210000000.0,
        "Operating Expense": 361000000.0,
        "Research And Development": 32000000.0,
        "Selling General And Administration": 329000000.0,
        "Gross Profit": 2571000000.0,
        "Cost Of Revenue": 12267000000.0,
        "Total Revenue": 14838000000.0,
        "Operating Revenue": 14838000000.0
    },
    "2022-03-31": {
        "Diluted EPS": 4.0,
        "Total Revenue": NaN,
        "Gross Profit": NaN,
        "Operating Income": NaN,
        "EBIT": NaN,
        "Net Income": NaN
    },
    "2021-12-31": {
        "Diluted EPS": 2.19,
        "Total Revenue": NaN,
        "Gross Profit": NaN,
        "Operating Income": 911,
        "EBIT": NaN,
        "Net Income": 724
    },
    "2021-09-30": {
        "Diluted EPS": 5.25,
        "Total Revenue": NaN,
        "Gross Profit": NaN,
        "Operating Income": NaN,
        "EBIT": NaN,
        "Net Income": NaN
    },
    "2021-06-30": {
        "Diluted EPS": 6.13,
        "Total Revenue": NaN,
        "Gross Profit": NaN,
        "Operating Income": NaN,
        "EBIT": NaN,
        "Net Income": NaN
    },
    "2021-03-31": {
        "Diluted EPS": 3.18,
        "Total Revenue": NaN,
        "Gross Profit": NaN,
        "Operating Income": NaN,
        "EBIT": NaN,
        "Net Income": NaN
    },
    "2020-12-31": {
        "Diluted EPS": 2.55,
        "Total Revenue": NaN,
        "Gross Profit": NaN,
        "Operating Income": 893,
        "EBIT": NaN,
        "Net Income": 853
    },
    "2020-09-30": {
        "Diluted EPS": 0.33,
        "Total Revenue": NaN,
        "Gross Profit": 891,
        "Operating Income": 23,
        "EBIT": 386,
        "Net Income": 112
    },
    "2020-06-30": {
        "Diluted EPS": 0.94,
        "Total Revenue": NaN,
        "Gross Profit": 652,
        "Operating Income": 339,
        "EBIT": 698,
        "Net Income": 313
    },
    "2020-03-31": {
        "Diluted EPS": 0.42,
        "Total Revenue": NaN,
        "Gross Profit": 626,
        "Operating Income": 304,
        "EBIT": 650,
        "Net Income": 142
    },
    "2019-12-31": {
        "Diluted EPS": 1.84,
        "Total Revenue": NaN,
        "Gross Profit": NaN,
        "Operating Income": 798,
        "EBIT": NaN,
        "Net Income": 610
    },
    "2019-09-30": {
        "Diluted EPS": 2.85,
        "Total Revenue": NaN,
        "Gross Profit": NaN,
        "Operating Income": NaN,
        "EBIT": NaN,
        "Net Income": 963
    },
    "2019-06-30": {
        "Diluted EPS": 2.7,
        "Total Revenue": NaN,
        "Gross Profit": NaN,
        "Operating Income": NaN,
        "EBIT": NaN,
        "Net Income": NaN
    },
    "2019-03-31": {
        "Diluted EPS": 2.19,
        "Total Revenue": NaN,
        "Gross Profit": NaN,
        "Operating Income": NaN,
        "EBIT": NaN,
        "Net Income": 815
    },
    "2018-12-31": {
        "Diluted EPS": 1.83,
        "Total Revenue": NaN,
        "Gross Profit": NaN,
        "Operating Income": 794,
        "EBIT": NaN,
        "Net Income": 690
    },
    "2018-09-30": {
        "Diluted EPS": 2.85,
        "Total Revenue": NaN,
        "Gross Profit": NaN,
        "Operating Income": NaN,
        "EBIT": NaN,
        "Net Income": NaN
    },
    "2018-06-30": {
        "Diluted EPS": 4.22,
        "Total Revenue": NaN,
        "Gross Profit": NaN,
        "Operating Income": NaN,
        "EBIT": NaN,
        "Net Income": NaN
    },
    "2018-03-31": {
        "Diluted EPS": 3.11,
        "Total Revenue": NaN,
        "Gross Profit": NaN,
        "Operating Income": NaN,
        "EBIT": NaN,
        "Net Income": NaN
    },
    "2017-12-31": {
        "Diluted EPS": 4.77,
        "Total Revenue": NaN,
        "Gross Profit": NaN,
        "Operating Income": NaN,
        "EBIT": NaN,
        "Net Income": NaN
    },
    "2017-09-30": {
        "Diluted EPS": 2.67,
        "Total Revenue": NaN,
        "Gross Profit": NaN,
        "Operating Income": NaN,
        "EBIT": NaN,
        "Net Income": NaN
    },
    "2017-06-30": {
        "Diluted EPS": 2.81,
        "Total Revenue": NaN,
        "Gross Profit": NaN,
        "Operating Income": NaN,
        "EBIT": NaN,
        "Net Income": NaN
    },
    "2017-03-31": {
        "Diluted EPS": 1.98,
        "Total Revenue": NaN,
        "Gross Profit": NaN,
        "Operating Income": NaN,
        "EBIT": NaN,
        "Net Income": 797
    },
    "2016-12-31": {
        "Diluted EPS": 1.9,
        "Total Revenue": NaN,
        "Gross Profit": NaN,
        "Operating Income": NaN,
        "EBIT": NaN,
        "Net Income": 763
    },
    "2016-09-30": {
        "Diluted EPS": 2.3,
        "Total Revenue": NaN,
        "Gross Profit": NaN,
        "Operating Income": NaN,
        "EBIT": NaN,
        "Net Income": 952
    },
    "2016-06-30": {
        "Diluted EPS": 2.56,
        "Total Revenue": NaN,
        "Gross Profit": NaN,
        "Operating Income": NaN,
        "EBIT": NaN,
        "Net Income": NaN
    },
    "2016-03-31": {
        "Diluted EPS": 2.37,
        "Total Revenue": NaN,
        "Gross Profit": NaN,
        "Operating Income": NaN,
        "EBIT": NaN,
        "Net Income": NaN
    },
    "2015-12-31": {
        "Diluted EPS": 1.82,
        "Total Revenue": NaN,
        "Gross Profit": NaN,
        "Operating Income": NaN,
        "EBIT": NaN,
        "Net Income": 795
    },
    "2015-09-30": {
        "Diluted EPS": 2.54,
        "Total Revenue": NaN,
        "Gross Profit": NaN,
        "Operating Income": NaN,
        "EBIT": NaN,
        "Net Income": NaN
    },
    "2015-06-30": {
        "Diluted EPS": 2.82,
        "Total Revenue": NaN,
        "Gross Profit": NaN,
        "Operating Income": NaN,
        "EBIT": NaN,
        "Net Income": NaN
    },
    "2015-03-31": {
        "Diluted EPS": 2.41,
        "Total Revenue": NaN,
        "Gross Profit": NaN,
        "Operating Income": NaN,
        "EBIT": NaN,
        "Net Income": NaN
    },
    "2014-12-31": {
        "Diluted EPS": 1.59,
        "Total Revenue": NaN,
        "Gross Profit": NaN,
        "Operating Income": NaN,
        "EBIT": NaN,
        "Net Income": 795
    },
    "2014-09-30": {
        "Diluted EPS": 2.45,
        "Total Revenue": NaN,
        "Gross Profit": NaN,
        "Operating Income": NaN,
        "EBIT": NaN,
        "Net Income": NaN
    },
    "2014-06-30": {
        "Diluted EPS": 2.23,
        "Total Revenue": NaN,
        "Gross Profit": NaN,
        "Operating Income": NaN,
        "EBIT": NaN,
        "Net Income": NaN
    },
    "2014-03-31": {
        "Diluted EPS": 1.72,
        "Total Revenue": NaN,
        "Gross Profit": NaN,
        "Operating Income": NaN,
        "EBIT": NaN,
        "Net Income": 943
    },
    "2013-12-31": {
        "Diluted EPS": 2.09,
        "Total Revenue": NaN,
        "Gross Profit": NaN,
        "Operating Income": NaN,
        "EBIT": NaN,
        "Net Income": NaN
    },
    "2013-09-30": {
        "Diluted EPS": 1.5,
        "Total Revenue": NaN,
        "Gross Profit": NaN,
        "Operating Income": NaN,
        "EBIT": NaN,
        "Net Income": 853
    },
    "2013-06-30": {
        "Diluted EPS": 1.61,
        "Total Revenue": NaN,
        "Gross Profit": NaN,
        "Operating Income": NaN,
        "EBIT": NaN,
        "Net Income": 929
    },
    "2013-03-31": {
        "Diluted EPS": 1.55,
        "Total Revenue": NaN,
        "Gross Profit": NaN,
        "Operating Income": NaN,
        "EBIT": NaN,
        "Net Income": 901
    },
    "2012-12-31": {
        "Diluted EPS": 1.09,
        "Total Revenue": NaN,
        "Gross Profit": NaN,
        "Operating Income": 959,
        "EBIT": NaN,
        "Net Income": 629
    },
    "2012-09-30": {
        "Diluted EPS": 1.46,
        "Total Revenue": NaN,
        "Gross Profit": NaN,
        "Operating Income": NaN,
        "EBIT": NaN,
        "Net Income": 846
    },
    "2012-06-30": {
        "Diluted EPS": 1.33,
        "Total Revenue": NaN,
        "Gross Profit": NaN,
        "Operating Income": NaN,
        "EBIT": NaN,
        "Net Income": 770
    },
    "2012-03-31": {
        "Diluted EPS": 1.04,
        "Total Revenue": NaN,
        "Gross Profit": NaN,
        "Operating Income": 940,
        "EBIT": NaN,
        "Net Income": 600
    },
    "2011-12-31": {
        "Diluted EPS": -0.3,
        "Total Revenue": NaN,
        "Gross Profit": 758,
        "Operating Income": 469,
        "EBIT": 757,
        "Net Income": -218
    },
    "2011-09-30": {
        "Diluted EPS": 1.51,
        "Total Revenue": NaN,
        "Gross Profit": NaN,
        "Operating Income": NaN,
        "EBIT": NaN,
        "Net Income": 890
    },
    "2011-06-30": {
        "Diluted EPS": 1.38,
        "Total Revenue": NaN,
        "Gross Profit": NaN,
        "Operating Income": NaN,
        "EBIT": NaN,
        "Net Income": 804
    },
    "2011-03-31": {
        "Diluted EPS": 1.15,
        "Total Revenue": NaN,
        "Gross Profit": NaN,
        "Operating Income": NaN,
        "EBIT": NaN,
        "Net Income": 659
    },
    "2010-12-31": {
        "Diluted EPS": 1.37,
        "Total Revenue": NaN,
        "Gross Profit": NaN,
        "Operating Income": 896,
        "EBIT": NaN,
        "Net Income": 763
    },
    "2010-09-30": {
        "Diluted EPS": 0.84,
        "Total Revenue": NaN,
        "Gross Profit": NaN,
        "Operating Income": 988,
        "EBIT": NaN,
        "Net Income": 472
    },
    "2010-06-30": {
        "Diluted EPS": 15.77,
        "Total Revenue": NaN,
        "Gross Profit": NaN,
        "Operating Income": 745,
        "EBIT": NaN,
        "Net Income": NaN
    },
    "2010-03-31": {
        "Diluted EPS": 0.0,
        "Total Revenue": NaN,
        "Gross Profit": 625,
        "Operating Income": 367,
        "EBIT": 897,
        "Net Income": 10
    },
    "2009-12-31": {
        "Diluted EPS": 0.0,
        "Total Revenue": NaN,
        "Gross Profit": 207,
        "Operating Income": -50,
        "EBIT": 355,
        "Net Income": -848
    },
    "2009-09-30": {
        "Diluted EPS": -1.15,
        "Total Revenue": NaN,
        "Gross Profit": 656,
        "Operating Income": 419,
        "EBIT": 998,
        "Net Income": -650
    },
    "2009-06-30": {
        "Diluted EPS": 0.0,
        "Total Revenue": NaN,
        "Gross Profit": 341,
        "Operating Income": 89,
        "EBIT": 712,
        "Net Income": -351
    },
    "2009-03-31": {
        "Diluted EPS": 0.0,
        "Total Revenue": NaN,
        "Gross Profit": 108,
        "Operating Income": -141,
        "EBIT": 373,
        "Net Income": NaN
    },
    "2023-06-30": {
        "Tax Effect Of Unusual Items": NaN,
        "Tax Rate For Calcs": NaN,
        "Normalized EBITDA": NaN,
        "Total Unusual Items": NaN,
        "Total Unusual Items Excluding Goodwill": NaN,
        "Net Income From Continuing Operation Net Minority Interest": NaN,
        "Reconciled Depreciation": NaN,
        "Reconciled Cost Of Revenue": NaN,
        "EBITDA": NaN,
        "EBIT": NaN,
        "Net Interest Income": NaN,
        "Interest Expense": NaN,
        "Interest Income": NaN,
        "Normalized Income": NaN,
        "Net Income From Continuing And Discontinued Operation": NaN,
        "Total Expenses": NaN,
        "Total Operating Income As Reported": NaN,
        "Diluted Average Shares": 326000000.0,
        "Basic Average Shares": 326000000.0,
        "Diluted EPS": 2.18,
        "Basic EPS": 2.18,
        "Diluted NI Availto Com Stockholders": NaN,
        "Net Income Common Stockholders": NaN,
        "Otherunder Preferred Stock Dividend": 4000000.0,
        "Net Income": NaN,
        "Minority Interests": NaN,
        "Net Income Including Noncontrolling Interests": NaN,
        "Net Income Discontinuous Operations": NaN,
        "Net Income Continuous Operations": NaN,
        "Tax Provision": NaN,
        "Pretax Income": NaN,
        "Other Income Expense": NaN,
        "Other Non Operating Income Expenses": NaN,
        "Special Income Charges": NaN,
        "Gain On Sale Of Business": NaN,
        "Write Off": NaN,
        "Impairment Of Capital Assets": 0.0,
        "Earnings From Equity Interest": NaN,
        "Net Non Operating Interest Income Expense": NaN,
        "Interest Expense Non Operating": NaN,
        "Interest Income Non Operating": NaN,
        "Operating Income": NaN,
        "Operating Expense": NaN,
        "Research And Development": NaN,
        "Selling General And Administration": NaN,
        "Gross Profit": NaN,
        "Cost Of Revenue": NaN,
        "Total Revenue": NaN,
        "Operating Revenue": NaN
    },
    "2023-09-30": {
        "Tax Effect Of Unusual Items": NaN,
        "Tax Rate For Calcs": NaN,
        "Normalized EBITDA": NaN,
        "Total Unusual Items": NaN,
        "Total Unusual Items Excluding Goodwill": NaN,
        "Net Income From Continuing Operation Net Minority Interest": NaN,
        "Reconciled Depreciation": NaN,
        "Reconciled Cost Of Revenue": NaN,
        "EBITDA": NaN,
        "EBIT": NaN,
        "Net Interest Income": NaN,
        "Interest Expense": NaN,
        "Interest Income": NaN,
        "Normalized Income": NaN,
        "Net Income From Continuing And Discontinued Operation": NaN,
        "Total Expenses": NaN,
        "Total Operating Income As Reported": NaN,
        "Diluted Average Shares": 325000000.0,
        "Basic Average Shares": 324000000.0,
        "Diluted EPS": 2.29,
        "Basic EPS": 2.29,
        "Diluted NI Availto Com Stockholders": NaN,
        "Net Income Common Stockholders": NaN,
        "Otherunder Preferred Stock Dividend": -1000000.0,
        "Net Income": NaN,
        "Minority Interests": NaN,
        "Net Income Including Noncontrolling Interests": NaN,
        "Net Income Discontinuous Operations": NaN,
        "Net Income Continuous Operations": NaN,
        "Tax Provision": NaN,
        "Pretax Income": NaN,
        "Other Income Expense": NaN,
        "Other Non Operating Income Expenses": NaN,
        "Special Income Charges": NaN,
        "Gain On Sale Of Business": 0.0,
        "Write Off": 25000000.0,
        "Impairment Of Capital Assets": 25000000.0,
        "Earnings From Equity Interest": NaN,
        "Net Non Operating Interest Income Expense": NaN,
        "Interest Expense Non Operating": NaN,
        "Interest Income Non Operating": NaN,
        "Operating Income": NaN,
        "Operating Expense": NaN,
        "Research And Development": NaN,
        "Selling General And Administration": NaN,
        "Gross Profit": NaN,
        "Cost Of Revenue": NaN,
        "Total Revenue": NaN,
        "Operating Revenue": NaN
    },
    "2023-12-31": {
        "Tax Effect Of Unusual Items": -50610000.0,
        "Tax Rate For Calcs": 0.21,
        "Normalized EBITDA": 921000000.0,
        "Total Unusual Items": -241000000.0,
        "Total Unusual Items Excluding Goodwill": -241000000.0,
        "Net Income From Continuing Operation Net Minority Interest": 184000000.0,
        "Reconciled Depreciation": 380000000.0,
        "Reconciled Cost Of Revenue": 8940000000.0,
        "EBITDA": 680000000.0,
        "EBIT": 300000000.0,
        "Net Interest Income": -80000000.0,
        "Interest Expense": 121000000.0,
        "Interest Income": 41000000.0,
        "Normalized Income": 374390000.0,
        "Net Income From Continuing And Discontinued Operation": 183000000.0,
        "Total Expenses": 9373000000.0,
        "Total Operating Income As Reported": 315000000.0,
        "Diluted Average Shares": NaN,
        "Basic Average Shares": NaN,
        "Diluted EPS": NaN,
        "Basic EPS": NaN,
        "Diluted NI Availto Com Stockholders": 176000000.0,
        "Net Income Common Stockholders": 176000000.0,
        "Otherunder Preferred Stock Dividend": NaN,
        "Net Income": 183000000.0,
        "Minority Interests": -2000000.0,
        "Net Income Including Noncontrolling Interests": 185000000.0,
        "Net Income Discontinuous Operations": -1000000.0,
        "Net Income Continuous Operations": 186000000.0,
        "Tax Provision": -7000000.0,
        "Pretax Income": 179000000.0,
        "Other Income Expense": -297000000.0,
        "Other Non Operating Income Expenses": -25000000.0,
        "Special Income Charges": -241000000.0,
        "Gain On Sale Of Business": NaN,
        "Write Off": NaN,
        "Impairment Of Capital Assets": 241000000.0,
        "Earnings From Equity Interest": -31000000.0,
        "Net Non Operating Interest Income Expense": -80000000.0,
        "Interest Expense Non Operating": 121000000.0,
        "Interest Income Non Operating": 41000000.0,
        "Operating Income": 556000000.0,
        "Operating Expense": 433000000.0,
        "Research And Development": 34000000.0,
        "Selling General And Administration": 399000000.0,
        "Gross Profit": 989000000.0,
        "Cost Of Revenue": 8940000000.0,
        "Total Revenue": 9929000000.0,
        "Operating Revenue": 9929000000.0
    },
    "2024-03-31": {
        "Tax Effect Of Unusual Items": 0.0,
        "Tax Rate For Calcs": 0.204,
        "Normalized EBITDA": 1088000000.0,
        "Total Unusual Items": 0.0,
        "Total Unusual Items Excluding Goodwill": 0.0,
        "Net Income From Continuing Operation Net Minority Interest": 472000000.0,
        "Reconciled Depreciation": 365000000.0,
        "Reconciled Cost Of Revenue": 8763000000.0,
        "EBITDA": 1088000000.0,
        "EBIT": 723000000.0,
        "Net Interest Income": -86000000.0,
        "Interest Expense": 127000000.0,
        "Interest Income": 41000000.0,
        "Normalized Income": 472000000.0,
        "Net Income From Continuing And Discontinued Operation": 471000000.0,
        "Total Expenses": 9221000000.0,
        "Total Operating Income As Reported": 704000000.0,
        "Diluted Average Shares": 326000000.0,
        "Basic Average Shares": 325000000.0,
        "Diluted EPS": 1.44,
        "Basic EPS": 1.45,
        "Diluted NI Availto Com Stockholders": 471000000.0,
        "Net Income Common Stockholders": 471000000.0,
        "Otherunder Preferred Stock Dividend": NaN,
        "Net Income": 471000000.0,
        "Minority Interests": -2000000.0,
        "Net Income Including Noncontrolling Interests": 473000000.0,
        "Net Income Discontinuous Operations": -1000000.0,
        "Net Income Continuous Operations": 474000000.0,
        "Tax Provision": 122000000.0,
        "Pretax Income": 596000000.0,
        "Other Income Expense": -22000000.0,
        "Other Non Operating Income Expenses": 5000000.0,
        "Special Income Charges": 0.0,
        "Gain On Sale Of Business": NaN,
        "Write Off": NaN,
        "Impairment Of Capital Assets": 0.0,
        "Earnings From Equity Interest": -27000000.0,
        "Net Non Operating Interest Income Expense": -86000000.0,
        "Interest Expense Non Operating": 127000000.0,
        "Interest Income Non Operating": 41000000.0,
        "Operating Income": 704000000.0,
        "Operating Expense": 458000000.0,
        "Research And Development": 32000000.0,
        "Selling General And Administration": 426000000.0,
        "Gross Profit": 1162000000.0,
        "Cost Of Revenue": 8763000000.0,
        "Total Revenue": 9925000000.0,
        "Operating Revenue": 9925000000.0
    },
    "2024-06-30": {
        "Tax Effect Of Unusual Items": 0.0,
        "Tax Rate For Calcs": 0.212,
        "Normalized EBITDA": 1681000000.0,
        "Total Unusual Items": 0.0,
        "Total Unusual Items Excluding Goodwill": 0.0,
        "Net Income From Continuing Operation Net Minority Interest": 924000000.0,
        "Reconciled Depreciation": 387000000.0,
        "Reconciled Cost Of Revenue": 9148000000.0,
        "EBITDA": 1681000000.0,
        "EBIT": 1294000000.0,
        "Net Interest Income": -83000000.0,
        "Interest Expense": 120000000.0,
        "Interest Income": 37000000.0,
        "Normalized Income": 924000000.0,
        "Net Income From Continuing And Discontinued Operation": 923000000.0,
        "Total Expenses": 9588000000.0,
        "Total Operating Income As Reported": 970000000.0,
        "Diluted Average Shares": 326000000.0,
        "Basic Average Shares": 326000000.0,
        "Diluted EPS": 2.82,
        "Basic EPS": 2.82,
        "Diluted NI Availto Com Stockholders": 919000000.0,
        "Net Income Common Stockholders": 919000000.0,
        "Otherunder Preferred Stock Dividend": 5000000.0,
        "Net Income": 923000000.0,
        "Minority Interests": -1000000.0,
        "Net Income Including Noncontrolling Interests": 924000000.0,
        "Net Income Discontinuous Operations": -1000000.0,
        "Net Income Continuous Operations": 925000000.0,
        "Tax Provision": 249000000.0,
        "Pretax Income": 1174000000.0,
        "Other Income Expense": 287000000.0,
        "Other Non Operating Income Expenses": 306000000.0,
        "Special Income Charges": 0.0,
        "Gain On Sale Of Business": NaN,
        "Write Off": NaN,
        "Impairment Of Capital Assets": 0.0,
        "Earnings From Equity Interest": -19000000.0,
        "Net Non Operating Interest Income Expense": -83000000.0,
        "Interest Expense Non Operating": 120000000.0,
        "Interest Income Non Operating": 37000000.0,
        "Operating Income": 970000000.0,
        "Operating Expense": 440000000.0,
        "Research And Development": 33000000.0,
        "Selling General And Administration": 407000000.0,
        "Gross Profit": 1410000000.0,
        "Cost Of Revenue": 9148000000.0,
        "Total Revenue": 10558000000.0,
        "Operating Revenue": 10558000000.0
    },
    "2024-09-30": {
        "Tax Effect Of Unusual Items": -940000.0,
        "Tax Rate For Calcs": 0.188,
        "Normalized EBITDA": 1215000000.0,
        "Total Unusual Items": -5000000.0,
        "Total Unusual Items Excluding Goodwill": -5000000.0,
        "Net Income From Continuing Operation Net Minority Interest": 574000000.0,
        "Reconciled Depreciation": 381000000.0,
        "Reconciled Cost Of Revenue": 9080000000.0,
        "EBITDA": 1210000000.0,
        "EBIT": 829000000.0,
        "Net Interest Income": -82000000.0,
        "Interest Expense": 118000000.0,
        "Interest Income": 36000000.0,
        "Normalized Income": 578060000.0,
        "Net Income From Continuing And Discontinued Operation": 570000000.0,
        "Total Expenses": 9515000000.0,
        "Total Operating Income As Reported": 802000000.0,
        "Diluted Average Shares": 326000000.0,
        "Basic Average Shares": 325000000.0,
        "Diluted EPS": 1.75,
        "Basic EPS": 1.76,
        "Diluted NI Availto Com Stockholders": 574000000.0,
        "Net Income Common Stockholders": 574000000.0,
        "Otherunder Preferred Stock Dividend": -4000000.0,
        "Net Income": 570000000.0,
        "Minority Interests": -3000000.0,
        "Net Income Including Noncontrolling Interests": 573000000.0,
        "Net Income Discontinuous Operations": -4000000.0,
        "Net Income Continuous Operations": 577000000.0,
        "Tax Provision": 134000000.0,
        "Pretax Income": 711000000.0,
        "Other Income Expense": -14000000.0,
        "Other Non Operating Income Expenses": 11000000.0,
        "Special Income Charges": -5000000.0,
        "Gain On Sale Of Business": 0.0,
        "Write Off": 5000000.0,
        "Impairment Of Capital Assets": NaN,
        "Earnings From Equity Interest": -20000000.0,
        "Net Non Operating Interest Income Expense": -82000000.0,
        "Interest Expense Non Operating": 118000000.0,
        "Interest Income Non Operating": 36000000.0,
        "Operating Income": 807000000.0,
        "Operating Expense": 435000000.0,
        "Research And Development": 31000000.0,
        "Selling General And Administration": 404000000.0,
        "Gross Profit": 1242000000.0,
        "Cost Of Revenue": 9080000000.0,
        "Total Revenue": 10322000000.0,
        "Operating Revenue": 10162000000.0
    },
    "2024-12-31": {
        "Tax Effect Of Unusual Items": -287636674.259681,
        "Tax Rate For Calcs": 0.301822,
        "Normalized EBITDA": 580000000.0,
        "Total Unusual Items": -953000000.0,
        "Total Unusual Items Excluding Goodwill": -953000000.0,
        "Net Income From Continuing Operation Net Minority Interest": -608000000.0,
        "Reconciled Depreciation": 389000000.0,
        "Reconciled Cost Of Revenue": 8747000000.0,
        "EBITDA": -373000000.0,
        "EBIT": -762000000.0,
        "Net Interest Income": -80000000.0,
        "Interest Expense": 116000000.0,
        "Interest Income": 36000000.0,
        "Normalized Income": 57363325.740319,
        "Net Income From Continuing And Discontinued Operation": -598000000.0,
        "Total Expenses": 9212000000.0,
        "Total Operating Income As Reported": -659000000.0,
        "Diluted Average Shares": NaN,
        "Basic Average Shares": NaN,
        "Diluted EPS": NaN,
        "Basic EPS": NaN,
        "Diluted NI Availto Com Stockholders": -611000000.0,
        "Net Income Common Stockholders": -611000000.0,
        "Otherunder Preferred Stock Dividend": 13000000.0,
        "Net Income": -598000000.0,
        "Minority Interests": 5000000.0,
        "Net Income Including Noncontrolling Interests": -603000000.0,
        "Net Income Discontinuous Operations": 10000000.0,
        "Net Income Continuous Operations": -613000000.0,
        "Tax Provision": -265000000.0,
        "Pretax Income": -878000000.0,
        "Other Income Expense": -1083000000.0,
        "Other Non Operating Income Expenses": 21000000.0,
        "Special Income Charges": -953000000.0,
        "Gain On Sale Of Business": -9000000.0,
        "Write Off": NaN,
        "Impairment Of Capital Assets": NaN,
        "Earnings From Equity Interest": -151000000.0,
        "Net Non Operating Interest Income Expense": -80000000.0,
        "Interest Expense Non Operating": 116000000.0,
        "Interest Income Non Operating": 36000000.0,
        "Operating Income": 285000000.0,
        "Operating Expense": 465000000.0,
        "Research And Development": 39000000.0,
        "Selling General And Administration": 426000000.0,
        "Gross Profit": 750000000.0,
        "Cost Of Revenue": 8747000000.0,
        "Total Revenue": 9497000000.0,
        "Operating Revenue": 10030000000.0
    }
}