{
    "2023-03-31": {
        "Tax Effect Of Unusual Items": NaN,
        "Tax Rate For Calcs": NaN,
        "Normalized EBITDA": NaN,
        "Total Unusual Items": NaN,
        "Total Unusual Items Excluding Goodwill": NaN,
        "Net Income From Continuing Operation Net Minority Interest": NaN,
        "Reconciled Depreciation": NaN,
        "EBITDA": NaN,
        "EBIT": NaN,
        "Net Interest Income": NaN,
        "Interest Income": NaN,
        "Normalized Income": NaN,
        "Net Income From Continuing And Discontinued Operation": NaN,
        "Total Expenses": NaN,
        "Total Operating Income As Reported": NaN,
        "Diluted Average Shares": 36832747.0,
        "Basic Average Shares": 36832747.0,
        "Diluted EPS": -0.44,
        "Basic EPS": -0.44,
        "Diluted NI Availto Com Stockholders": NaN,
        "Net Income Common Stockholders": NaN,
        "Net Income": NaN,
        "Net Income Including Noncontrolling Interests": NaN,
        "Net Income Continuous Operations": NaN,
        "Tax Provision": NaN,
        "Pretax Income": NaN,
        "Other Income Expense": NaN,
        "Special Income Charges": NaN,
        "Impairment Of Capital Assets": NaN,
        "Restructuring And Mergern Acquisition": NaN,
        "Net Non Operating Interest Income Expense": NaN,
        "Interest Income Non Operating": NaN,
        "Operating Income": NaN,
        "Operating Expense": NaN,
        "Research And Development": NaN,
        "Selling General And Administration": NaN,
        "General And Administrative Expense": NaN,
        "Other Gand A": NaN,
        "Total Revenue": NaN,
        "Operating Revenue": NaN
    },
    "2022-12-31": {
        "Tax Effect Of Unusual Items": 0.0,
        "Tax Rate For Calcs": 0.0,
        "Normalized EBITDA": -13617000.0,
        "Total Unusual Items": NaN,
        "Total Unusual Items Excluding Goodwill": NaN,
        "Net Income From Continuing Operation Net Minority Interest": -14235000.0,
        "Reconciled Depreciation": 222000.0,
        "EBITDA": -13617000.0,
        "EBIT": -13839000.0,
        "Net Interest Income": 933000.0,
        "Interest Income": 933000.0,
        "Normalized Income": -14235000.0,
        "Net Income From Continuing And Discontinued Operation": -14235000.0,
        "Total Expenses": 13850000.0,
        "Total Operating Income As Reported": -15155000.0,
        "Diluted Average Shares": NaN,
        "Basic Average Shares": NaN,
        "Diluted EPS": NaN,
        "Basic EPS": NaN,
        "Diluted NI Availto Com Stockholders": -14235000.0,
        "Net Income Common Stockholders": -14235000.0,
        "Net Income": -14235000.0,
        "Net Income Including Noncontrolling Interests": -14235000.0,
        "Net Income Continuous Operations": -14235000.0,
        "Tax Provision": NaN,
        "Pretax Income": -14222000.0,
        "Other Income Expense": NaN,
        "Special Income Charges": NaN,
        "Impairment Of Capital Assets": NaN,
        "Net Non Operating Interest Income Expense": 933000.0,
        "Interest Income Non Operating": 933000.0,
        "Operating Income": -13839000.0,
        "Operating Expense": 13850000.0,
        "Research And Development": 9451000.0,
        "Selling General And Administration": 4399000.0,
        "General And Administrative Expense": 4399000.0,
        "Other Gand A": 4399000.0,
        "Total Revenue": 11000.0,
        "Operating Revenue": 11000.0
    },
    "2022-09-30": {
        "Tax Effect Of Unusual Items": NaN,
        "Tax Rate For Calcs": NaN,
        "Normalized EBITDA": NaN,
        "Total Unusual Items": 0.0,
        "Total Unusual Items Excluding Goodwill": 0.0,
        "Net Income From Continuing Operation Net Minority Interest": NaN,
        "Reconciled Depreciation": NaN,
        "EBITDA": NaN,
        "EBIT": NaN,
        "Net Interest Income": NaN,
        "Interest Income": NaN,
        "Normalized Income": NaN,
        "Net Income From Continuing And Discontinued Operation": NaN,
        "Total Expenses": NaN,
        "Total Operating Income As Reported": NaN,
        "Diluted Average Shares": 36826364.0,
        "Basic Average Shares": 36826364.0,
        "Diluted EPS": -0.4,
        "Basic EPS": -0.4,
        "Diluted NI Availto Com Stockholders": NaN,
        "Net Income Common Stockholders": NaN,
        "Net Income": NaN,
        "Net Income Including Noncontrolling Interests": NaN,
        "Net Income Continuous Operations": NaN,
        "Tax Provision": NaN,
        "Pretax Income": NaN,
        "Other Income Expense": NaN,
        "Special Income Charges": 0.0,
        "Impairment Of Capital Assets": 0.0,
        "Net Non Operating Interest Income Expense": NaN,
        "Interest Income Non Operating": NaN,
        "Operating Income": NaN,
        "Operating Expense": NaN,
        "Research And Development": NaN,
        "Selling General And Administration": NaN,
        "General And Administrative Expense": NaN,
        "Other Gand A": NaN,
        "Total Revenue": NaN,
        "Operating Revenue": NaN
    },
    "2022-06-30": {
        "Tax Effect Of Unusual Items": 0.0,
        "Tax Rate For Calcs": 0.0,
        "Normalized EBITDA": -14232000.0,
        "Total Unusual Items": NaN,
        "Total Unusual Items Excluding Goodwill": NaN,
        "Net Income From Continuing Operation Net Minority Interest": -14484000.0,
        "Reconciled Depreciation": 286000.0,
        "EBITDA": -14232000.0,
        "EBIT": -14518000.0,
        "Net Interest Income": 34000.0,
        "Interest Income": 34000.0,
        "Normalized Income": -14484000.0,
        "Net Income From Continuing And Discontinued Operation": -14484000.0,
        "Total Expenses": 14925000.0,
        "Total Operating Income As Reported": -14518000.0,
        "Diluted Average Shares": 33946428.0,
        "Basic Average Shares": 33946428.0,
        "Diluted EPS": -0.42,
        "Basic EPS": -0.42,
        "Diluted NI Availto Com Stockholders": -14484000.0,
        "Net Income Common Stockholders": -14484000.0,
        "Net Income": -14484000.0,
        "Net Income Including Noncontrolling Interests": -14484000.0,
        "Net Income Continuous Operations": -14484000.0,
        "Tax Provision": NaN,
        "Pretax Income": -14484000.0,
        "Other Income Expense": NaN,
        "Special Income Charges": NaN,
        "Impairment Of Capital Assets": NaN,
        "Net Non Operating Interest Income Expense": 34000.0,
        "Interest Income Non Operating": 34000.0,
        "Operating Income": -14518000.0,
        "Operating Expense": 14925000.0,
        "Research And Development": 10793000.0,
        "Selling General And Administration": 4132000.0,
        "General And Administrative Expense": 4132000.0,
        "Other Gand A": 4132000.0,
        "Total Revenue": 407000.0,
        "Operating Revenue": 407000.0
    },
    "2022-03-31": {
        "Diluted EPS": -0.92,
        "Total Revenue": 0,
        "Gross Profit": 0,
        "Operating Income": -12,
        "EBIT": -12,
        "Net Income": -12
    },
    "2021-12-31": {
        "Diluted EPS": -1.05,
        "Total Revenue": 0,
        "Gross Profit": 0,
        "Operating Income": -14,
        "EBIT": -13,
        "Net Income": -14
    },
    "2021-09-30": {
        "Diluted EPS": -0.85,
        "Total Revenue": 0,
        "Gross Profit": 0,
        "Operating Income": -11,
        "EBIT": -11,
        "Net Income": -11
    },
    "2021-06-30": {
        "Diluted EPS": -0.85,
        "Total Revenue": NaN,
        "Gross Profit": NaN,
        "Operating Income": -11,
        "EBIT": -11,
        "Net Income": -11
    },
    "2021-03-31": {
        "Diluted EPS": -0.6,
        "Total Revenue": NaN,
        "Gross Profit": NaN,
        "Operating Income": -8,
        "EBIT": -8,
        "Net Income": -8
    },
    "2020-12-31": {
        "Diluted EPS": 17.16,
        "Total Revenue": NaN,
        "Gross Profit": NaN,
        "Operating Income": -7,
        "EBIT": -7,
        "Net Income": -7
    },
    "2020-09-30": {
        "Diluted EPS": -0.49,
        "Total Revenue": NaN,
        "Gross Profit": NaN,
        "Operating Income": -6,
        "EBIT": -6,
        "Net Income": -6
    },
    "2020-06-30": {
        "Diluted EPS": -0.56,
        "Total Revenue": NaN,
        "Gross Profit": NaN,
        "Operating Income": -5,
        "EBIT": -5,
        "Net Income": -5
    },
    "2020-03-31": {
        "Diluted EPS": -18.7,
        "Total Revenue": NaN,
        "Gross Profit": NaN,
        "Operating Income": -4,
        "EBIT": -4,
        "Net Income": -4
    },
    "2019-12-31": {
        "Diluted EPS": -18.45,
        "Total Revenue": NaN,
        "Gross Profit": NaN,
        "Operating Income": -4,
        "EBIT": -4,
        "Net Income": -4
    },
    "2019-09-30": {
        "Diluted EPS": -19.2,
        "Total Revenue": NaN,
        "Gross Profit": NaN,
        "Operating Income": -4,
        "EBIT": -4,
        "Net Income": -4
    },
    "2019-06-30": {
        "Diluted EPS": -23.04,
        "Total Revenue": NaN,
        "Gross Profit": NaN,
        "Operating Income": -4,
        "EBIT": -4,
        "Net Income": -4
    },
    "2019-03-31": {
        "Diluted EPS": -21.54,
        "Total Revenue": NaN,
        "Gross Profit": NaN,
        "Operating Income": -4,
        "EBIT": -4,
        "Net Income": -4
    },
    "2023-06-30": {
        "Tax Effect Of Unusual Items": NaN,
        "Tax Rate For Calcs": NaN,
        "Normalized EBITDA": NaN,
        "Total Unusual Items": NaN,
        "Total Unusual Items Excluding Goodwill": NaN,
        "Net Income From Continuing Operation Net Minority Interest": NaN,
        "Reconciled Depreciation": NaN,
        "EBITDA": NaN,
        "EBIT": NaN,
        "Net Interest Income": NaN,
        "Interest Income": NaN,
        "Normalized Income": NaN,
        "Net Income From Continuing And Discontinued Operation": NaN,
        "Total Expenses": NaN,
        "Total Operating Income As Reported": NaN,
        "Diluted Average Shares": 43676387.0,
        "Basic Average Shares": 43676387.0,
        "Diluted EPS": -0.36,
        "Basic EPS": -0.36,
        "Diluted NI Availto Com Stockholders": NaN,
        "Net Income Common Stockholders": NaN,
        "Net Income": NaN,
        "Net Income Including Noncontrolling Interests": NaN,
        "Net Income Continuous Operations": NaN,
        "Tax Provision": NaN,
        "Pretax Income": NaN,
        "Other Income Expense": -1592000.0,
        "Special Income Charges": NaN,
        "Impairment Of Capital Assets": NaN,
        "Restructuring And Mergern Acquisition": 0.0,
        "Net Non Operating Interest Income Expense": NaN,
        "Interest Income Non Operating": NaN,
        "Operating Income": NaN,
        "Operating Expense": NaN,
        "Research And Development": NaN,
        "Selling General And Administration": NaN,
        "General And Administrative Expense": NaN,
        "Other Gand A": NaN,
        "Total Revenue": NaN,
        "Operating Revenue": NaN
    },
    "2023-09-30": {
        "Tax Effect Of Unusual Items": NaN,
        "Tax Rate For Calcs": NaN,
        "Normalized EBITDA": NaN,
        "Total Unusual Items": 0.0,
        "Total Unusual Items Excluding Goodwill": 0.0,
        "Net Income From Continuing Operation Net Minority Interest": NaN,
        "Reconciled Depreciation": NaN,
        "EBITDA": NaN,
        "EBIT": NaN,
        "Net Interest Income": NaN,
        "Interest Income": NaN,
        "Normalized Income": NaN,
        "Net Income From Continuing And Discontinued Operation": NaN,
        "Total Expenses": NaN,
        "Total Operating Income As Reported": NaN,
        "Diluted Average Shares": 56953685.0,
        "Basic Average Shares": 56953685.0,
        "Diluted EPS": -0.27,
        "Basic EPS": -0.27,
        "Diluted NI Availto Com Stockholders": NaN,
        "Net Income Common Stockholders": NaN,
        "Net Income": NaN,
        "Net Income Including Noncontrolling Interests": NaN,
        "Net Income Continuous Operations": NaN,
        "Tax Provision": NaN,
        "Pretax Income": NaN,
        "Other Income Expense": NaN,
        "Special Income Charges": 0.0,
        "Impairment Of Capital Assets": 0.0,
        "Restructuring And Mergern Acquisition": 0.0,
        "Net Non Operating Interest Income Expense": NaN,
        "Interest Income Non Operating": NaN,
        "Operating Income": NaN,
        "Operating Expense": NaN,
        "Research And Development": NaN,
        "Selling General And Administration": NaN,
        "General And Administrative Expense": NaN,
        "Other Gand A": NaN,
        "Total Revenue": NaN,
        "Operating Revenue": NaN
    },
    "2023-12-31": {
        "Tax Effect Of Unusual Items": 0.0,
        "Tax Rate For Calcs": 0.21,
        "Normalized EBITDA": -16392000.0,
        "Total Unusual Items": 0.0,
        "Total Unusual Items Excluding Goodwill": 0.0,
        "Net Income From Continuing Operation Net Minority Interest": -15156000.0,
        "Reconciled Depreciation": 85000.0,
        "EBITDA": -16392000.0,
        "EBIT": -16477000.0,
        "Net Interest Income": 1338000.0,
        "Interest Income": 1338000.0,
        "Normalized Income": -15156000.0,
        "Net Income From Continuing And Discontinued Operation": -15156000.0,
        "Total Expenses": 16623000.0,
        "Total Operating Income As Reported": -16477000.0,
        "Diluted Average Shares": NaN,
        "Basic Average Shares": NaN,
        "Diluted EPS": NaN,
        "Basic EPS": NaN,
        "Diluted NI Availto Com Stockholders": -15156000.0,
        "Net Income Common Stockholders": -15156000.0,
        "Net Income": -15156000.0,
        "Net Income Including Noncontrolling Interests": -15156000.0,
        "Net Income Continuous Operations": -15156000.0,
        "Tax Provision": 17000.0,
        "Pretax Income": -15139000.0,
        "Other Income Expense": 0.0,
        "Special Income Charges": 0.0,
        "Impairment Of Capital Assets": 0.0,
        "Restructuring And Mergern Acquisition": NaN,
        "Net Non Operating Interest Income Expense": 1338000.0,
        "Interest Income Non Operating": 1338000.0,
        "Operating Income": -16477000.0,
        "Operating Expense": 16623000.0,
        "Research And Development": 12266000.0,
        "Selling General And Administration": 4357000.0,
        "General And Administrative Expense": 4357000.0,
        "Other Gand A": 4357000.0,
        "Total Revenue": 146000.0,
        "Operating Revenue": 146000.0
    },
    "2024-03-31": {
        "Tax Effect Of Unusual Items": 0.0,
        "Tax Rate For Calcs": 0.21,
        "Normalized EBITDA": -23388000.0,
        "Total Unusual Items": NaN,
        "Total Unusual Items Excluding Goodwill": NaN,
        "Net Income From Continuing Operation Net Minority Interest": -22452000.0,
        "Reconciled Depreciation": 136000.0,
        "EBITDA": -23388000.0,
        "EBIT": -23524000.0,
        "Net Interest Income": 1086000.0,
        "Interest Income": 1086000.0,
        "Normalized Income": -22452000.0,
        "Net Income From Continuing And Discontinued Operation": -22452000.0,
        "Total Expenses": 24056000.0,
        "Total Operating Income As Reported": -23524000.0,
        "Diluted Average Shares": 64011360.0,
        "Basic Average Shares": 64011360.0,
        "Diluted EPS": -0.35,
        "Basic EPS": -0.35,
        "Diluted NI Availto Com Stockholders": -22452000.0,
        "Net Income Common Stockholders": -22452000.0,
        "Net Income": -22452000.0,
        "Net Income Including Noncontrolling Interests": -22452000.0,
        "Net Income Continuous Operations": -22452000.0,
        "Tax Provision": 14000.0,
        "Pretax Income": -22438000.0,
        "Other Income Expense": NaN,
        "Special Income Charges": NaN,
        "Impairment Of Capital Assets": NaN,
        "Restructuring And Mergern Acquisition": NaN,
        "Net Non Operating Interest Income Expense": 1086000.0,
        "Interest Income Non Operating": 1086000.0,
        "Operating Income": -23524000.0,
        "Operating Expense": 24056000.0,
        "Research And Development": 18238000.0,
        "Selling General And Administration": 5818000.0,
        "General And Administrative Expense": 5818000.0,
        "Other Gand A": 5818000.0,
        "Total Revenue": 532000.0,
        "Operating Revenue": 532000.0
    },
    "2024-06-30": {
        "Tax Effect Of Unusual Items": -6545490.0,
        "Tax Rate For Calcs": 0.21,
        "Normalized EBITDA": 13509000.0,
        "Total Unusual Items": -31169000.0,
        "Total Unusual Items Excluding Goodwill": -31169000.0,
        "Net Income From Continuing Operation Net Minority Interest": -48131000.0,
        "Reconciled Depreciation": 145000.0,
        "EBITDA": -17660000.0,
        "EBIT": -17805000.0,
        "Net Interest Income": 855000.0,
        "Interest Income": 855000.0,
        "Normalized Income": -23507490.0,
        "Net Income From Continuing And Discontinued Operation": -48131000.0,
        "Total Expenses": 18403000.0,
        "Total Operating Income As Reported": -48974000.0,
        "Diluted Average Shares": 65459678.0,
        "Basic Average Shares": 65459678.0,
        "Diluted EPS": -0.74,
        "Basic EPS": -0.74,
        "Diluted NI Availto Com Stockholders": -48131000.0,
        "Net Income Common Stockholders": -48131000.0,
        "Net Income": -48131000.0,
        "Net Income Including Noncontrolling Interests": -48131000.0,
        "Net Income Continuous Operations": -48131000.0,
        "Tax Provision": 12000.0,
        "Pretax Income": -48119000.0,
        "Other Income Expense": -31169000.0,
        "Special Income Charges": -31169000.0,
        "Impairment Of Capital Assets": 24719000.0,
        "Restructuring And Mergern Acquisition": 6450000.0,
        "Net Non Operating Interest Income Expense": 855000.0,
        "Interest Income Non Operating": 855000.0,
        "Operating Income": -17805000.0,
        "Operating Expense": 18403000.0,
        "Research And Development": 13264000.0,
        "Selling General And Administration": 5139000.0,
        "General And Administrative Expense": 5139000.0,
        "Other Gand A": 5139000.0,
        "Total Revenue": 598000.0,
        "Operating Revenue": 598000.0
    },
    "2024-09-30": {
        "Tax Effect Of Unusual Items": -588840.0,
        "Tax Rate For Calcs": 0.21,
        "Normalized EBITDA": -6795000.0,
        "Total Unusual Items": -2804000.0,
        "Total Unusual Items Excluding Goodwill": -2804000.0,
        "Net Income From Continuing Operation Net Minority Interest": -11873000.0,
        "Reconciled Depreciation": 39000.0,
        "EBITDA": -9599000.0,
        "EBIT": -9638000.0,
        "Net Interest Income": 576000.0,
        "Interest Income": 576000.0,
        "Normalized Income": -9657840.0,
        "Net Income From Continuing And Discontinued Operation": -11873000.0,
        "Total Expenses": 9833000.0,
        "Total Operating Income As Reported": -12442000.0,
        "Diluted Average Shares": 65456735.0,
        "Basic Average Shares": 65456735.0,
        "Diluted EPS": -0.18,
        "Basic EPS": -0.18,
        "Diluted NI Availto Com Stockholders": -11873000.0,
        "Net Income Common Stockholders": -11873000.0,
        "Net Income": -11873000.0,
        "Net Income Including Noncontrolling Interests": -11873000.0,
        "Net Income Continuous Operations": -11873000.0,
        "Tax Provision": 7000.0,
        "Pretax Income": -11866000.0,
        "Other Income Expense": -2804000.0,
        "Special Income Charges": -2804000.0,
        "Impairment Of Capital Assets": 0.0,
        "Restructuring And Mergern Acquisition": 2804000.0,
        "Net Non Operating Interest Income Expense": 576000.0,
        "Interest Income Non Operating": 576000.0,
        "Operating Income": -9638000.0,
        "Operating Expense": 9833000.0,
        "Research And Development": 5902000.0,
        "Selling General And Administration": 3931000.0,
        "General And Administrative Expense": 3931000.0,
        "Other Gand A": 3931000.0,
        "Total Revenue": 195000.0,
        "Operating Revenue": 195000.0
    },
    "2024-12-31": {
        "Tax Effect Of Unusual Items": -344820.0,
        "Tax Rate For Calcs": 0.21,
        "Normalized EBITDA": -7973000.0,
        "Total Unusual Items": -1642000.0,
        "Total Unusual Items Excluding Goodwill": -1642000.0,
        "Net Income From Continuing Operation Net Minority Interest": -10979000.0,
        "Reconciled Depreciation": 151000.0,
        "EBITDA": -9615000.0,
        "EBIT": -9766000.0,
        "Net Interest Income": 435000.0,
        "Interest Income": 435000.0,
        "Normalized Income": -9681820.0,
        "Net Income From Continuing And Discontinued Operation": -10979000.0,
        "Total Expenses": 9975000.0,
        "Total Operating Income As Reported": -11408000.0,
        "Diluted Average Shares": NaN,
        "Basic Average Shares": NaN,
        "Diluted EPS": NaN,
        "Basic EPS": NaN,
        "Diluted NI Availto Com Stockholders": -10979000.0,
        "Net Income Common Stockholders": -10979000.0,
        "Net Income": -10979000.0,
        "Net Income Including Noncontrolling Interests": -10979000.0,
        "Net Income Continuous Operations": -10979000.0,
        "Tax Provision": 6000.0,
        "Pretax Income": -10973000.0,
        "Other Income Expense": -1642000.0,
        "Special Income Charges": -1642000.0,
        "Impairment Of Capital Assets": 0.0,
        "Restructuring And Mergern Acquisition": 1642000.0,
        "Net Non Operating Interest Income Expense": 435000.0,
        "Interest Income Non Operating": 435000.0,
        "Operating Income": -9766000.0,
        "Operating Expense": 9975000.0,
        "Research And Development": 6362000.0,
        "Selling General And Administration": 3613000.0,
        "General And Administrative Expense": 3613000.0,
        "Other Gand A": 3613000.0,
        "Total Revenue": 209000.0,
        "Operating Revenue": 209000.0
    }
}