{
    "2023-06-30": {
        "Tax Effect Of Unusual Items": NaN,
        "Tax Rate For Calcs": NaN,
        "Normalized EBITDA": NaN,
        "Total Unusual Items": NaN,
        "Total Unusual Items Excluding Goodwill": NaN,
        "Net Income From Continuing Operation Net Minority Interest": NaN,
        "Reconciled Depreciation": NaN,
        "Reconciled Cost Of Revenue": NaN,
        "EBITDA": NaN,
        "EBIT": NaN,
        "Net Interest Income": NaN,
        "Interest Expense": NaN,
        "Interest Income": NaN,
        "Normalized Income": NaN,
        "Net Income From Continuing And Discontinued Operation": NaN,
        "Total Expenses": NaN,
        "Total Operating Income As Reported": NaN,
        "Diluted Average Shares": 243660186.0,
        "Basic Average Shares": 228536179.0,
        "Diluted EPS": 1.02,
        "Basic EPS": 1.04,
        "Diluted NI Availto Com Stockholders": NaN,
        "Average Dilution Earnings": 10804000.0,
        "Net Income Common Stockholders": NaN,
        "Otherunder Preferred Stock Dividend": NaN,
        "Net Income": NaN,
        "Minority Interests": NaN,
        "Net Income Including Noncontrolling Interests": NaN,
        "Net Income Continuous Operations": NaN,
        "Tax Provision": NaN,
        "Pretax Income": NaN,
        "Other Income Expense": NaN,
        "Other Non Operating Income Expenses": NaN,
        "Special Income Charges": NaN,
        "Gain On Sale Of Ppe": NaN,
        "Other Special Charges": NaN,
        "Earnings From Equity Interest": NaN,
        "Net Non Operating Interest Income Expense": NaN,
        "Interest Expense Non Operating": NaN,
        "Interest Income Non Operating": NaN,
        "Operating Income": NaN,
        "Operating Expense": NaN,
        "Other Operating Expenses": NaN,
        "Depreciation Amortization Depletion Income Statement": NaN,
        "Depreciation And Amortization In Income Statement": NaN,
        "Selling General And Administration": NaN,
        "General And Administrative Expense": NaN,
        "Other Gand A": NaN,
        "Gross Profit": NaN,
        "Cost Of Revenue": NaN,
        "Total Revenue": NaN,
        "Operating Revenue": NaN
    },
    "2023-03-31": {
        "Tax Effect Of Unusual Items": NaN,
        "Tax Rate For Calcs": NaN,
        "Normalized EBITDA": NaN,
        "Total Unusual Items": NaN,
        "Total Unusual Items Excluding Goodwill": NaN,
        "Net Income From Continuing Operation Net Minority Interest": NaN,
        "Reconciled Depreciation": NaN,
        "Reconciled Cost Of Revenue": NaN,
        "EBITDA": NaN,
        "EBIT": NaN,
        "Net Interest Income": NaN,
        "Interest Expense": NaN,
        "Interest Income": NaN,
        "Normalized Income": NaN,
        "Net Income From Continuing And Discontinued Operation": NaN,
        "Total Expenses": NaN,
        "Total Operating Income As Reported": NaN,
        "Diluted Average Shares": NaN,
        "Basic Average Shares": NaN,
        "Diluted EPS": NaN,
        "Basic EPS": NaN,
        "Diluted NI Availto Com Stockholders": NaN,
        "Average Dilution Earnings": NaN,
        "Net Income Common Stockholders": NaN,
        "Otherunder Preferred Stock Dividend": NaN,
        "Net Income": NaN,
        "Minority Interests": NaN,
        "Net Income Including Noncontrolling Interests": NaN,
        "Net Income Continuous Operations": NaN,
        "Tax Provision": NaN,
        "Pretax Income": NaN,
        "Other Income Expense": NaN,
        "Other Non Operating Income Expenses": NaN,
        "Special Income Charges": NaN,
        "Gain On Sale Of Ppe": NaN,
        "Other Special Charges": 18366000.0,
        "Earnings From Equity Interest": NaN,
        "Net Non Operating Interest Income Expense": NaN,
        "Interest Expense Non Operating": NaN,
        "Interest Income Non Operating": NaN,
        "Operating Income": NaN,
        "Operating Expense": NaN,
        "Other Operating Expenses": NaN,
        "Depreciation Amortization Depletion Income Statement": NaN,
        "Depreciation And Amortization In Income Statement": NaN,
        "Selling General And Administration": NaN,
        "General And Administrative Expense": 690321000.0,
        "Other Gand A": 690321000.0,
        "Gross Profit": NaN,
        "Cost Of Revenue": NaN,
        "Total Revenue": NaN,
        "Operating Revenue": NaN
    },
    "2022-12-31": {
        "Tax Effect Of Unusual Items": NaN,
        "Tax Rate For Calcs": NaN,
        "Normalized EBITDA": NaN,
        "Total Unusual Items": NaN,
        "Total Unusual Items Excluding Goodwill": NaN,
        "Net Income From Continuing Operation Net Minority Interest": NaN,
        "Reconciled Depreciation": NaN,
        "Reconciled Cost Of Revenue": NaN,
        "EBITDA": NaN,
        "EBIT": NaN,
        "Net Interest Income": NaN,
        "Interest Expense": NaN,
        "Interest Income": NaN,
        "Normalized Income": NaN,
        "Net Income From Continuing And Discontinued Operation": NaN,
        "Total Expenses": NaN,
        "Total Operating Income As Reported": NaN,
        "Diluted Average Shares": NaN,
        "Basic Average Shares": NaN,
        "Diluted EPS": NaN,
        "Basic EPS": NaN,
        "Diluted NI Availto Com Stockholders": NaN,
        "Average Dilution Earnings": NaN,
        "Net Income Common Stockholders": NaN,
        "Otherunder Preferred Stock Dividend": NaN,
        "Net Income": NaN,
        "Minority Interests": NaN,
        "Net Income Including Noncontrolling Interests": NaN,
        "Net Income Continuous Operations": NaN,
        "Tax Provision": NaN,
        "Pretax Income": NaN,
        "Other Income Expense": NaN,
        "Other Non Operating Income Expenses": NaN,
        "Special Income Charges": NaN,
        "Gain On Sale Of Ppe": NaN,
        "Gain On Sale Of Business": 0.0,
        "Other Special Charges": NaN,
        "Earnings From Equity Interest": NaN,
        "Net Non Operating Interest Income Expense": NaN,
        "Interest Expense Non Operating": NaN,
        "Interest Income Non Operating": NaN,
        "Operating Income": NaN,
        "Operating Expense": NaN,
        "Other Operating Expenses": NaN,
        "Depreciation Amortization Depletion Income Statement": NaN,
        "Depreciation And Amortization In Income Statement": NaN,
        "Selling General And Administration": NaN,
        "General And Administrative Expense": NaN,
        "Other Gand A": NaN,
        "Gross Profit": NaN,
        "Cost Of Revenue": NaN,
        "Total Revenue": NaN,
        "Operating Revenue": NaN
    },
    "2022-09-30": {
        "Tax Effect Of Unusual Items": NaN,
        "Tax Rate For Calcs": NaN,
        "Normalized EBITDA": NaN,
        "Total Unusual Items": NaN,
        "Total Unusual Items Excluding Goodwill": NaN,
        "Net Income From Continuing Operation Net Minority Interest": NaN,
        "Reconciled Depreciation": NaN,
        "Reconciled Cost Of Revenue": NaN,
        "EBITDA": NaN,
        "EBIT": NaN,
        "Net Interest Income": NaN,
        "Interest Expense": NaN,
        "Interest Income": NaN,
        "Normalized Income": NaN,
        "Net Income From Continuing And Discontinued Operation": NaN,
        "Total Expenses": NaN,
        "Total Operating Income As Reported": NaN,
        "Diluted Average Shares": 243686803.0,
        "Basic Average Shares": 225761777.0,
        "Diluted EPS": 1.39,
        "Basic EPS": 1.47,
        "Diluted NI Availto Com Stockholders": NaN,
        "Average Dilution Earnings": 6365000.0,
        "Net Income Common Stockholders": NaN,
        "Otherunder Preferred Stock Dividend": NaN,
        "Net Income": NaN,
        "Minority Interests": NaN,
        "Net Income Including Noncontrolling Interests": NaN,
        "Net Income Continuous Operations": NaN,
        "Tax Provision": NaN,
        "Pretax Income": NaN,
        "Other Income Expense": NaN,
        "Other Non Operating Income Expenses": NaN,
        "Special Income Charges": NaN,
        "Gain On Sale Of Ppe": NaN,
        "Gain On Sale Of Business": 0.0,
        "Other Special Charges": NaN,
        "Earnings From Equity Interest": NaN,
        "Net Non Operating Interest Income Expense": NaN,
        "Interest Expense Non Operating": NaN,
        "Interest Income Non Operating": NaN,
        "Operating Income": NaN,
        "Operating Expense": NaN,
        "Other Operating Expenses": NaN,
        "Depreciation Amortization Depletion Income Statement": NaN,
        "Depreciation And Amortization In Income Statement": NaN,
        "Selling General And Administration": NaN,
        "General And Administrative Expense": 805910000.0,
        "Other Gand A": 805910000.0,
        "Gross Profit": NaN,
        "Cost Of Revenue": NaN,
        "Total Revenue": NaN,
        "Operating Revenue": NaN
    },
    "2022-06-30": {
        "Tax Effect Of Unusual Items": -59597.710199,
        "Tax Rate For Calcs": 0.122882,
        "Normalized EBITDA": 445219000.0,
        "Total Unusual Items": -485000.0,
        "Total Unusual Items Excluding Goodwill": -485000.0,
        "Net Income From Continuing Operation Net Minority Interest": 155240000.0,
        "Reconciled Depreciation": 115927000.0,
        "Reconciled Cost Of Revenue": 3267023000.0,
        "EBITDA": 444734000.0,
        "EBIT": 328807000.0,
        "Net Interest Income": -55243000.0,
        "Interest Expense": 68435000.0,
        "Interest Income": 13192000.0,
        "Normalized Income": 155665402.289801,
        "Net Income From Continuing And Discontinued Operation": 155240000.0,
        "Total Expenses": 4114410000.0,
        "Total Operating Income As Reported": 318699000.0,
        "Diluted Average Shares": 243634764.0,
        "Basic Average Shares": 224674447.0,
        "Diluted EPS": 0.66,
        "Basic EPS": 0.69,
        "Diluted NI Availto Com Stockholders": 161605000.0,
        "Average Dilution Earnings": 6365000.0,
        "Net Income Common Stockholders": 155240000.0,
        "Net Income": 155240000.0,
        "Minority Interests": -73137000.0,
        "Net Income Including Noncontrolling Interests": 228377000.0,
        "Net Income Continuous Operations": 228377000.0,
        "Tax Provision": 31995000.0,
        "Pretax Income": 260372000.0,
        "Other Income Expense": -4149000.0,
        "Other Non Operating Income Expenses": -5619000.0,
        "Special Income Charges": -485000.0,
        "Gain On Sale Of Ppe": -1065000.0,
        "Gain On Sale Of Business": 580000.0,
        "Other Special Charges": NaN,
        "Earnings From Equity Interest": 1955000.0,
        "Net Non Operating Interest Income Expense": -55243000.0,
        "Interest Expense Non Operating": 68435000.0,
        "Interest Income Non Operating": 13192000.0,
        "Operating Income": 319764000.0,
        "Operating Expense": 847387000.0,
        "Other Operating Expenses": 59247000.0,
        "Depreciation Amortization Depletion Income Statement": 115927000.0,
        "Depreciation And Amortization In Income Statement": 115927000.0,
        "Selling General And Administration": 731460000.0,
        "General And Administrative Expense": 731460000.0,
        "Other Gand A": 731460000.0,
        "Gross Profit": 1167151000.0,
        "Cost Of Revenue": 3267023000.0,
        "Total Revenue": 4434174000.0,
        "Operating Revenue": 4434174000.0
    },
    "2022-03-31": {
        "Diluted EPS": -0.39,
        "Total Revenue": NaN,
        "Gross Profit": 732,
        "Operating Income": 27,
        "EBIT": 150,
        "Net Income": -50
    },
    "2021-12-31": {
        "Diluted EPS": -0.94,
        "Total Revenue": NaN,
        "Gross Profit": 694,
        "Operating Income": -125,
        "EBIT": 13,
        "Net Income": -210
    },
    "2021-09-30": {
        "Diluted EPS": 0.19,
        "Total Revenue": NaN,
        "Gross Profit": 729,
        "Operating Income": 137,
        "EBIT": 269,
        "Net Income": 43
    },
    "2021-06-30": {
        "Diluted EPS": -0.9,
        "Total Revenue": 576,
        "Gross Profit": 333,
        "Operating Income": -127,
        "EBIT": 3,
        "Net Income": -195
    },
    "2021-03-31": {
        "Diluted EPS": -1.44,
        "Total Revenue": 291,
        "Gross Profit": 157,
        "Operating Income": -303,
        "EBIT": -174,
        "Net Income": -308
    },
    "2020-12-31": {
        "Diluted EPS": -2.06,
        "Total Revenue": 237,
        "Gross Profit": 34,
        "Operating Income": -388,
        "EBIT": -250,
        "Net Income": -436
    },
    "2020-09-30": {
        "Diluted EPS": -2.45,
        "Total Revenue": 184,
        "Gross Profit": 53,
        "Operating Income": -504,
        "EBIT": -368,
        "Net Income": -522
    },
    "2020-06-30": {
        "Diluted EPS": -2.67,
        "Total Revenue": 74,
        "Gross Profit": -120,
        "Operating Income": -588,
        "EBIT": -444,
        "Net Income": -566
    },
    "2020-03-31": {
        "Diluted EPS": -0.94,
        "Total Revenue": NaN,
        "Gross Profit": 492,
        "Operating Income": -173,
        "EBIT": -25,
        "Net Income": -199
    },
    "2019-12-31": {
        "Diluted EPS": -0.83,
        "Total Revenue": NaN,
        "Gross Profit": 702,
        "Operating Income": -83,
        "EBIT": 66,
        "Net Income": -185
    },
    "2019-09-30": {
        "Diluted EPS": 0.71,
        "Total Revenue": NaN,
        "Gross Profit": 973,
        "Operating Income": 260,
        "EBIT": 412,
        "Net Income": 155
    },
    "2019-06-30": {
        "Diluted EPS": 0.41,
        "Total Revenue": NaN,
        "Gross Profit": 830,
        "Operating Income": 172,
        "EBIT": 303,
        "Net Income": 90
    },
    "2019-03-31": {
        "Diluted EPS": -0.31,
        "Total Revenue": NaN,
        "Gross Profit": 576,
        "Operating Income": -24,
        "EBIT": 92,
        "Net Income": -65
    },
    "2018-12-31": {
        "Diluted EPS": -0.79,
        "Total Revenue": NaN,
        "Gross Profit": 625,
        "Operating Income": -90,
        "EBIT": 49,
        "Net Income": -171
    },
    "2018-09-30": {
        "Diluted EPS": 0.7,
        "Total Revenue": NaN,
        "Gross Profit": 911,
        "Operating Income": 234,
        "EBIT": 359,
        "Net Income": 152
    },
    "2018-06-30": {
        "Diluted EPS": 0.24,
        "Total Revenue": NaN,
        "Gross Profit": 733,
        "Operating Income": 135,
        "EBIT": 250,
        "Net Income": 52
    },
    "2018-03-31": {
        "Diluted EPS": -0.24,
        "Total Revenue": NaN,
        "Gross Profit": 550,
        "Operating Income": -6,
        "EBIT": 102,
        "Net Income": -50
    },
    "2017-12-31": {
        "Diluted EPS": -1.08,
        "Total Revenue": NaN,
        "Gross Profit": 570,
        "Operating Income": -202,
        "EBIT": -49,
        "Net Income": -230
    },
    "2017-09-30": {
        "Diluted EPS": 0.53,
        "Total Revenue": NaN,
        "Gross Profit": 806,
        "Operating Income": 201,
        "EBIT": 321,
        "Net Income": 115
    },
    "2017-06-30": {
        "Diluted EPS": 0.29,
        "Total Revenue": NaN,
        "Gross Profit": 661,
        "Operating Income": 113,
        "EBIT": 209,
        "Net Income": 63
    },
    "2017-03-31": {
        "Diluted EPS": -0.22,
        "Total Revenue": NaN,
        "Gross Profit": 468,
        "Operating Income": -21,
        "EBIT": 79,
        "Net Income": -46
    },
    "2016-12-31": {
        "Diluted EPS": -0.56,
        "Total Revenue": NaN,
        "Gross Profit": 448,
        "Operating Income": -37,
        "EBIT": 76,
        "Net Income": -131
    },
    "2016-09-30": {
        "Diluted EPS": 0.49,
        "Total Revenue": NaN,
        "Gross Profit": 742,
        "Operating Income": 191,
        "EBIT": 299,
        "Net Income": 103
    },
    "2016-06-30": {
        "Diluted EPS": 0.13,
        "Total Revenue": NaN,
        "Gross Profit": 574,
        "Operating Income": 74,
        "EBIT": 172,
        "Net Income": 26
    },
    "2016-03-31": {
        "Diluted EPS": -0.29,
        "Total Revenue": NaN,
        "Gross Profit": 424,
        "Operating Income": -33,
        "EBIT": 64,
        "Net Income": -45
    },
    "2015-12-31": {
        "Diluted EPS": -0.46,
        "Total Revenue": NaN,
        "Gross Profit": 515,
        "Operating Income": -40,
        "EBIT": 88,
        "Net Income": -98
    },
    "2015-09-30": {
        "Diluted EPS": 0.38,
        "Total Revenue": NaN,
        "Gross Profit": 649,
        "Operating Income": 154,
        "EBIT": 255,
        "Net Income": 79
    },
    "2015-06-30": {
        "Diluted EPS": 0.06,
        "Total Revenue": NaN,
        "Gross Profit": 487,
        "Operating Income": 42,
        "EBIT": 133,
        "Net Income": 15
    },
    "2015-03-31": {
        "Diluted EPS": -0.31,
        "Total Revenue": NaN,
        "Gross Profit": 399,
        "Operating Income": -24,
        "EBIT": 63,
        "Net Income": -62
    },
    "2014-12-31": {
        "Diluted EPS": -0.92,
        "Total Revenue": NaN,
        "Gross Profit": 444,
        "Operating Income": -187,
        "EBIT": 62,
        "Net Income": -192
    },
    "2014-09-30": {
        "Diluted EPS": 0.49,
        "Total Revenue": NaN,
        "Gross Profit": 625,
        "Operating Income": 151,
        "EBIT": 252,
        "Net Income": 105
    },
    "2014-06-30": {
        "Diluted EPS": 0.11,
        "Total Revenue": NaN,
        "Gross Profit": 481,
        "Operating Income": 56,
        "EBIT": 137,
        "Net Income": 23
    },
    "2014-03-31": {
        "Diluted EPS": -0.17,
        "Total Revenue": NaN,
        "Gross Profit": 396,
        "Operating Income": -12,
        "EBIT": 75,
        "Net Income": -32
    },
    "2013-12-31": {
        "Diluted EPS": -0.42,
        "Total Revenue": NaN,
        "Gross Profit": 418,
        "Operating Income": -51,
        "EBIT": 65,
        "Net Income": -83
    },
    "2013-09-30": {
        "Diluted EPS": 0.22,
        "Total Revenue": NaN,
        "Gross Profit": 564,
        "Operating Income": 126,
        "EBIT": 224,
        "Net Income": 44
    },
    "2013-06-30": {
        "Diluted EPS": 0.3,
        "Total Revenue": NaN,
        "Gross Profit": 470,
        "Operating Income": 98,
        "EBIT": 186,
        "Net Income": 58
    },
    "2013-03-31": {
        "Diluted EPS": -0.33,
        "Total Revenue": 924,
        "Gross Profit": 347,
        "Operating Income": -33,
        "EBIT": 54,
        "Net Income": -63
    },
    "2012-12-31": {
        "Diluted EPS": -0.86,
        "Total Revenue": NaN,
        "Gross Profit": 389,
        "Operating Income": -126,
        "EBIT": 50,
        "Net Income": -160
    },
    "2012-09-30": {
        "Diluted EPS": 0.31,
        "Total Revenue": NaN,
        "Gross Profit": 506,
        "Operating Income": 105,
        "EBIT": 194,
        "Net Income": 58
    },
    "2012-06-30": {
        "Diluted EPS": 0.04,
        "Total Revenue": NaN,
        "Gross Profit": 444,
        "Operating Income": 43,
        "EBIT": 141,
        "Net Income": 8
    },
    "2012-03-31": {
        "Diluted EPS": -0.37,
        "Total Revenue": 868,
        "Gross Profit": 329,
        "Operating Income": -43,
        "EBIT": 40,
        "Net Income": -69
    },
    "2011-12-31": {
        "Diluted EPS": -0.53,
        "Total Revenue": NaN,
        "Gross Profit": 368,
        "Operating Income": -67,
        "EBIT": 42,
        "Net Income": -100
    },
    "2011-09-30": {
        "Diluted EPS": 0.27,
        "Total Revenue": NaN,
        "Gross Profit": 504,
        "Operating Income": 105,
        "EBIT": 191,
        "Net Income": 52
    },
    "2011-06-30": {
        "Diluted EPS": 0.07,
        "Total Revenue": NaN,
        "Gross Profit": 421,
        "Operating Income": 52,
        "EBIT": 133,
        "Net Income": 13
    },
    "2011-03-31": {
        "Diluted EPS": -0.27,
        "Total Revenue": 849,
        "Gross Profit": 302,
        "Operating Income": -72,
        "EBIT": 8,
        "Net Income": -48
    },
    "2010-12-31": {
        "Diluted EPS": -0.67,
        "Total Revenue": NaN,
        "Gross Profit": 349,
        "Operating Income": -86,
        "EBIT": 41,
        "Net Income": -124
    },
    "2010-09-30": {
        "Diluted EPS": 0.3,
        "Total Revenue": NaN,
        "Gross Profit": 448,
        "Operating Income": 103,
        "EBIT": 176,
        "Net Income": 51
    },
    "2010-06-30": {
        "Diluted EPS": -0.19,
        "Total Revenue": NaN,
        "Gross Profit": 370,
        "Operating Income": 26,
        "EBIT": 92,
        "Net Income": -33
    },
    "2010-03-31": {
        "Diluted EPS": -0.83,
        "Total Revenue": 723,
        "Gross Profit": 239,
        "Operating Income": -106,
        "EBIT": -41,
        "Net Income": -122
    },
    "2009-12-31": {
        "Diluted EPS": 0.11,
        "Total Revenue": 854,
        "Gross Profit": 176,
        "Operating Income": -64,
        "EBIT": -7,
        "Net Income": 0
    },
    "2009-09-30": {
        "Diluted EPS": 0.78,
        "Total Revenue": NaN,
        "Gross Profit": 327,
        "Operating Income": 108,
        "EBIT": 149,
        "Net Income": 69
    },
    "2009-06-30": {
        "Diluted EPS": -0.33,
        "Total Revenue": NaN,
        "Gross Profit": 208,
        "Operating Income": -8,
        "EBIT": 32,
        "Net Income": -27
    },
    "2009-03-31": {
        "Diluted EPS": -1.29,
        "Total Revenue": 485,
        "Gross Profit": 112,
        "Operating Income": -88,
        "EBIT": -42,
        "Net Income": -103
    },
    "2023-09-30": {
        "Tax Effect Of Unusual Items": NaN,
        "Tax Rate For Calcs": NaN,
        "Normalized EBITDA": NaN,
        "Total Unusual Items": NaN,
        "Total Unusual Items Excluding Goodwill": NaN,
        "Net Income From Continuing Operation Net Minority Interest": NaN,
        "Reconciled Depreciation": NaN,
        "Reconciled Cost Of Revenue": NaN,
        "EBITDA": NaN,
        "EBIT": NaN,
        "Net Interest Income": NaN,
        "Interest Expense": NaN,
        "Interest Income": NaN,
        "Normalized Income": NaN,
        "Net Income From Continuing And Discontinued Operation": NaN,
        "Total Expenses": NaN,
        "Total Operating Income As Reported": NaN,
        "Diluted Average Shares": 244163678.0,
        "Basic Average Shares": 228787263.0,
        "Diluted EPS": 1.78,
        "Basic EPS": 1.85,
        "Diluted NI Availto Com Stockholders": NaN,
        "Average Dilution Earnings": 10877000.0,
        "Net Income Common Stockholders": NaN,
        "Otherunder Preferred Stock Dividend": NaN,
        "Net Income": NaN,
        "Minority Interests": NaN,
        "Net Income Including Noncontrolling Interests": NaN,
        "Net Income Continuous Operations": NaN,
        "Tax Provision": NaN,
        "Pretax Income": NaN,
        "Other Income Expense": NaN,
        "Other Non Operating Income Expenses": NaN,
        "Special Income Charges": NaN,
        "Gain On Sale Of Ppe": NaN,
        "Other Special Charges": NaN,
        "Earnings From Equity Interest": NaN,
        "Net Non Operating Interest Income Expense": NaN,
        "Interest Expense Non Operating": NaN,
        "Interest Income Non Operating": NaN,
        "Operating Income": NaN,
        "Operating Expense": NaN,
        "Other Operating Expenses": NaN,
        "Depreciation Amortization Depletion Income Statement": NaN,
        "Depreciation And Amortization In Income Statement": NaN,
        "Selling General And Administration": NaN,
        "General And Administrative Expense": NaN,
        "Other Gand A": NaN,
        "Gross Profit": NaN,
        "Cost Of Revenue": NaN,
        "Total Revenue": NaN,
        "Operating Revenue": NaN
    },
    "2023-12-31": {
        "Tax Effect Of Unusual Items": NaN,
        "Tax Rate For Calcs": NaN,
        "Normalized EBITDA": NaN,
        "Total Unusual Items": NaN,
        "Total Unusual Items Excluding Goodwill": NaN,
        "Net Income From Continuing Operation Net Minority Interest": NaN,
        "Reconciled Depreciation": NaN,
        "Reconciled Cost Of Revenue": NaN,
        "EBITDA": NaN,
        "EBIT": NaN,
        "Net Interest Income": NaN,
        "Interest Expense": NaN,
        "Interest Income": NaN,
        "Normalized Income": NaN,
        "Net Income From Continuing And Discontinued Operation": NaN,
        "Total Expenses": NaN,
        "Total Operating Income As Reported": NaN,
        "Diluted Average Shares": NaN,
        "Basic Average Shares": NaN,
        "Diluted EPS": NaN,
        "Basic EPS": NaN,
        "Diluted NI Availto Com Stockholders": NaN,
        "Average Dilution Earnings": NaN,
        "Net Income Common Stockholders": NaN,
        "Otherunder Preferred Stock Dividend": NaN,
        "Net Income": NaN,
        "Minority Interests": NaN,
        "Net Income Including Noncontrolling Interests": NaN,
        "Net Income Continuous Operations": NaN,
        "Tax Provision": NaN,
        "Pretax Income": NaN,
        "Other Income Expense": NaN,
        "Other Non Operating Income Expenses": NaN,
        "Special Income Charges": NaN,
        "Gain On Sale Of Ppe": NaN,
        "Other Special Charges": 138000.0,
        "Earnings From Equity Interest": NaN,
        "Net Non Operating Interest Income Expense": NaN,
        "Interest Expense Non Operating": NaN,
        "Interest Income Non Operating": NaN,
        "Operating Income": NaN,
        "Operating Expense": NaN,
        "Other Operating Expenses": NaN,
        "Depreciation Amortization Depletion Income Statement": NaN,
        "Depreciation And Amortization In Income Statement": NaN,
        "Selling General And Administration": NaN,
        "General And Administrative Expense": NaN,
        "Other Gand A": NaN,
        "Gross Profit": NaN,
        "Cost Of Revenue": NaN,
        "Total Revenue": NaN,
        "Operating Revenue": NaN
    },
    "2024-03-31": {
        "Tax Effect Of Unusual Items": NaN,
        "Tax Rate For Calcs": NaN,
        "Normalized EBITDA": NaN,
        "Total Unusual Items": NaN,
        "Total Unusual Items Excluding Goodwill": NaN,
        "Net Income From Continuing Operation Net Minority Interest": NaN,
        "Reconciled Depreciation": NaN,
        "Reconciled Cost Of Revenue": NaN,
        "EBITDA": NaN,
        "EBIT": NaN,
        "Net Interest Income": NaN,
        "Interest Expense": NaN,
        "Interest Income": NaN,
        "Normalized Income": NaN,
        "Net Income From Continuing And Discontinued Operation": NaN,
        "Total Expenses": NaN,
        "Total Operating Income As Reported": NaN,
        "Diluted Average Shares": 229471184.0,
        "Basic Average Shares": 229471184.0,
        "Diluted EPS": -0.53,
        "Basic EPS": -0.53,
        "Diluted NI Availto Com Stockholders": NaN,
        "Average Dilution Earnings": NaN,
        "Net Income Common Stockholders": NaN,
        "Otherunder Preferred Stock Dividend": NaN,
        "Net Income": NaN,
        "Minority Interests": NaN,
        "Net Income Including Noncontrolling Interests": NaN,
        "Net Income Continuous Operations": NaN,
        "Tax Provision": NaN,
        "Pretax Income": NaN,
        "Other Income Expense": NaN,
        "Other Non Operating Income Expenses": NaN,
        "Special Income Charges": NaN,
        "Gain On Sale Of Ppe": NaN,
        "Other Special Charges": NaN,
        "Earnings From Equity Interest": NaN,
        "Net Non Operating Interest Income Expense": NaN,
        "Interest Expense Non Operating": NaN,
        "Interest Income Non Operating": NaN,
        "Operating Income": NaN,
        "Operating Expense": NaN,
        "Other Operating Expenses": NaN,
        "Depreciation Amortization Depletion Income Statement": NaN,
        "Depreciation And Amortization In Income Statement": NaN,
        "Selling General And Administration": NaN,
        "General And Administrative Expense": 981559000.0,
        "Other Gand A": 981559000.0,
        "Gross Profit": NaN,
        "Cost Of Revenue": NaN,
        "Total Revenue": NaN,
        "Operating Revenue": NaN
    },
    "2024-06-30": {
        "Tax Effect Of Unusual Items": 136829.208225,
        "Tax Rate For Calcs": 0.175647,
        "Normalized EBITDA": 673312000.0,
        "Total Unusual Items": 779000.0,
        "Total Unusual Items Excluding Goodwill": 779000.0,
        "Net Income From Continuing Operation Net Minority Interest": 297970000.0,
        "Reconciled Depreciation": 137729000.0,
        "Reconciled Cost Of Revenue": 4408209000.0,
        "EBITDA": 674091000.0,
        "EBIT": 536362000.0,
        "Net Interest Income": -35545000.0,
        "Interest Expense": 79970000.0,
        "Interest Income": 44425000.0,
        "Normalized Income": 297327829.208225,
        "Net Income From Continuing And Discontinued Operation": 297970000.0,
        "Total Expenses": 5558376000.0,
        "Total Operating Income As Reported": 465819000.0,
        "Diluted Average Shares": 245002995.0,
        "Basic Average Shares": 229921527.0,
        "Diluted EPS": 1.03,
        "Basic EPS": 1.05,
        "Diluted NI Availto Com Stockholders": 251435000.0,
        "Average Dilution Earnings": 10790000.0,
        "Net Income Common Stockholders": 240645000.0,
        "Otherunder Preferred Stock Dividend": 57325000.0,
        "Net Income": 297970000.0,
        "Minority Interests": -78258000.0,
        "Net Income Including Noncontrolling Interests": 376228000.0,
        "Net Income Continuous Operations": 376228000.0,
        "Tax Provision": 80164000.0,
        "Pretax Income": 456392000.0,
        "Other Income Expense": 26897000.0,
        "Other Non Operating Income Expenses": 20742000.0,
        "Special Income Charges": 779000.0,
        "Gain On Sale Of Ppe": 779000.0,
        "Other Special Charges": NaN,
        "Earnings From Equity Interest": 5376000.0,
        "Net Non Operating Interest Income Expense": -35545000.0,
        "Interest Expense Non Operating": 79970000.0,
        "Interest Income Non Operating": 44425000.0,
        "Operating Income": 465040000.0,
        "Operating Expense": 1150167000.0,
        "Other Operating Expenses": 86216000.0,
        "Depreciation Amortization Depletion Income Statement": 137729000.0,
        "Depreciation And Amortization In Income Statement": 137729000.0,
        "Selling General And Administration": 926222000.0,
        "General And Administrative Expense": NaN,
        "Other Gand A": NaN,
        "Gross Profit": 1615207000.0,
        "Cost Of Revenue": 4408209000.0,
        "Total Revenue": 6023416000.0,
        "Operating Revenue": 6023416000.0
    },
    "2024-09-30": {
        "Tax Effect Of Unusual Items": 475615.232322,
        "Tax Rate For Calcs": 0.119863,
        "Normalized EBITDA": 806906000.0,
        "Total Unusual Items": 3968000.0,
        "Total Unusual Items Excluding Goodwill": 3968000.0,
        "Net Income From Continuing Operation Net Minority Interest": 451805000.0,
        "Reconciled Depreciation": 137001000.0,
        "Reconciled Cost Of Revenue": 5780188000.0,
        "EBITDA": 810874000.0,
        "EBIT": 673873000.0,
        "Net Interest Income": -51894000.0,
        "Interest Expense": 87961000.0,
        "Interest Income": 36067000.0,
        "Normalized Income": 448312615.232322,
        "Net Income From Continuing And Discontinued Operation": 451805000.0,
        "Total Expenses": 7015530000.0,
        "Total Operating Income As Reported": 639525000.0,
        "Diluted Average Shares": 245319968.0,
        "Basic Average Shares": 230374307.0,
        "Diluted EPS": 1.66,
        "Basic EPS": 1.72,
        "Diluted NI Availto Com Stockholders": 408059000.0,
        "Average Dilution Earnings": 10790000.0,
        "Net Income Common Stockholders": 397269000.0,
        "Otherunder Preferred Stock Dividend": 54536000.0,
        "Net Income": 451805000.0,
        "Minority Interests": -63878000.0,
        "Net Income Including Noncontrolling Interests": 515683000.0,
        "Net Income Continuous Operations": 515683000.0,
        "Tax Provision": 70229000.0,
        "Pretax Income": 585912000.0,
        "Other Income Expense": 2249000.0,
        "Other Non Operating Income Expenses": 12268000.0,
        "Special Income Charges": 3968000.0,
        "Gain On Sale Of Ppe": 3968000.0,
        "Other Special Charges": NaN,
        "Earnings From Equity Interest": -13987000.0,
        "Net Non Operating Interest Income Expense": -51894000.0,
        "Interest Expense Non Operating": 87961000.0,
        "Interest Income Non Operating": 36067000.0,
        "Operating Income": 635557000.0,
        "Operating Expense": 1235342000.0,
        "Other Operating Expenses": 92923000.0,
        "Depreciation Amortization Depletion Income Statement": 137001000.0,
        "Depreciation And Amortization In Income Statement": 137001000.0,
        "Selling General And Administration": 1005418000.0,
        "General And Administrative Expense": NaN,
        "Other Gand A": NaN,
        "Gross Profit": 1870899000.0,
        "Cost Of Revenue": 5780188000.0,
        "Total Revenue": 7651087000.0,
        "Operating Revenue": 7651087000.0
    },
    "2024-12-31": {
        "Tax Effect Of Unusual Items": -20190660.0,
        "Tax Rate For Calcs": 0.21,
        "Normalized EBITDA": 14905000.0,
        "Total Unusual Items": -96146000.0,
        "Total Unusual Items Excluding Goodwill": -96146000.0,
        "Net Income From Continuing Operation Net Minority Interest": 200987000.0,
        "Reconciled Depreciation": 142599000.0,
        "Reconciled Cost Of Revenue": 4488417000.0,
        "EBITDA": -81241000.0,
        "EBIT": -223840000.0,
        "Net Interest Income": -44847000.0,
        "Interest Expense": 77352000.0,
        "Interest Income": 32505000.0,
        "Normalized Income": 276942340.0,
        "Net Income From Continuing And Discontinued Operation": 200987000.0,
        "Total Expenses": 5926654000.0,
        "Total Operating Income As Reported": -239444000.0,
        "Diluted Average Shares": NaN,
        "Basic Average Shares": NaN,
        "Diluted EPS": NaN,
        "Basic EPS": NaN,
        "Diluted NI Availto Com Stockholders": 132097000.0,
        "Average Dilution Earnings": 2216000.0,
        "Net Income Common Stockholders": 129881000.0,
        "Otherunder Preferred Stock Dividend": 71106000.0,
        "Net Income": 200987000.0,
        "Minority Interests": -80931000.0,
        "Net Income Including Noncontrolling Interests": 281918000.0,
        "Net Income Continuous Operations": 281918000.0,
        "Tax Provision": -583110000.0,
        "Pretax Income": -301192000.0,
        "Other Income Expense": -11284000.0,
        "Other Non Operating Income Expenses": 93010000.0,
        "Special Income Charges": 3054000.0,
        "Gain On Sale Of Ppe": 5617000.0,
        "Other Special Charges": NaN,
        "Earnings From Equity Interest": -8148000.0,
        "Net Non Operating Interest Income Expense": -44847000.0,
        "Interest Expense Non Operating": 77352000.0,
        "Interest Income Non Operating": 32505000.0,
        "Operating Income": -245061000.0,
        "Operating Expense": 1438237000.0,
        "Other Operating Expenses": 112413000.0,
        "Depreciation Amortization Depletion Income Statement": 142599000.0,
        "Depreciation And Amortization In Income Statement": 142599000.0,
        "Selling General And Administration": 1183225000.0,
        "General And Administrative Expense": NaN,
        "Other Gand A": NaN,
        "Gross Profit": 1193176000.0,
        "Cost Of Revenue": 4488417000.0,
        "Total Revenue": 5681593000.0,
        "Operating Revenue": 5681593000.0
    },
    "2025-03-31": {
        "Tax Effect Of Unusual Items": 657501.128566,
        "Tax Rate For Calcs": 0.298593,
        "Normalized EBITDA": 293609000.0,
        "Total Unusual Items": 2202000.0,
        "Total Unusual Items Excluding Goodwill": 2202000.0,
        "Net Income From Continuing Operation Net Minority Interest": 23203000.0,
        "Reconciled Depreciation": 149455000.0,
        "Reconciled Cost Of Revenue": 2254937000.0,
        "EBITDA": 295811000.0,
        "EBIT": 146356000.0,
        "Net Interest Income": -46282000.0,
        "Interest Expense": 80343000.0,
        "Interest Income": 34061000.0,
        "Normalized Income": 21658501.128566,
        "Net Income From Continuing And Discontinued Operation": 23203000.0,
        "Total Expenses": 3269550000.0,
        "Total Operating Income As Reported": 114769000.0,
        "Diluted Average Shares": 231220841.0,
        "Basic Average Shares": 231220841.0,
        "Diluted EPS": -0.32,
        "Basic EPS": -0.32,
        "Diluted NI Availto Com Stockholders": -74891000.0,
        "Average Dilution Earnings": NaN,
        "Net Income Common Stockholders": -74891000.0,
        "Otherunder Preferred Stock Dividend": 98094000.0,
        "Net Income": 23203000.0,
        "Minority Interests": -23099000.0,
        "Net Income Including Noncontrolling Interests": 46302000.0,
        "Net Income Continuous Operations": 46302000.0,
        "Tax Provision": 19711000.0,
        "Pretax Income": 66013000.0,
        "Other Income Expense": -272000.0,
        "Other Non Operating Income Expenses": -2953000.0,
        "Special Income Charges": 2202000.0,
        "Gain On Sale Of Ppe": 2202000.0,
        "Other Special Charges": NaN,
        "Earnings From Equity Interest": 479000.0,
        "Net Non Operating Interest Income Expense": -46282000.0,
        "Interest Expense Non Operating": 80343000.0,
        "Interest Income Non Operating": 34061000.0,
        "Operating Income": 112567000.0,
        "Operating Expense": 1014613000.0,
        "Other Operating Expenses": 86236000.0,
        "Depreciation Amortization Depletion Income Statement": 149455000.0,
        "Depreciation And Amortization In Income Statement": 149455000.0,
        "Selling General And Administration": 778922000.0,
        "General And Administrative Expense": 778922000.0,
        "Other Gand A": 778922000.0,
        "Gross Profit": 1127180000.0,
        "Cost Of Revenue": 2254937000.0,
        "Total Revenue": 3382117000.0,
        "Operating Revenue": 3382117000.0
    },
    "2025-06-30": {
        "Tax Effect Of Unusual Items": 239551.554999,
        "Tax Rate For Calcs": 0.27985,
        "Normalized EBITDA": 650603000.0,
        "Total Unusual Items": 856000.0,
        "Total Unusual Items Excluding Goodwill": 856000.0,
        "Net Income From Continuing Operation Net Minority Interest": 243411000.0,
        "Reconciled Depreciation": 159025000.0,
        "Reconciled Cost Of Revenue": 5210756000.0,
        "EBITDA": 651459000.0,
        "EBIT": 492434000.0,
        "Net Interest Income": -34155000.0,
        "Interest Expense": 72048000.0,
        "Interest Income": 37893000.0,
        "Normalized Income": 242794551.554999,
        "Net Income From Continuing And Discontinued Operation": 243411000.0,
        "Total Expenses": 6520844000.0,
        "Total Operating Income As Reported": 486653000.0,
        "Diluted Average Shares": 234417428.0,
        "Basic Average Shares": 231845412.0,
        "Diluted EPS": 0.41,
        "Basic EPS": 0.41,
        "Diluted NI Availto Com Stockholders": 95610000.0,
        "Average Dilution Earnings": 0.0,
        "Net Income Common Stockholders": 95610000.0,
        "Otherunder Preferred Stock Dividend": 147801000.0,
        "Net Income": 243411000.0,
        "Minority Interests": -59330000.0,
        "Net Income Including Noncontrolling Interests": 302741000.0,
        "Net Income Continuous Operations": 302741000.0,
        "Tax Provision": 117645000.0,
        "Pretax Income": 420386000.0,
        "Other Income Expense": -31256000.0,
        "Other Non Operating Income Expenses": -36380000.0,
        "Special Income Charges": 856000.0,
        "Gain On Sale Of Ppe": 856000.0,
        "Other Special Charges": NaN,
        "Earnings From Equity Interest": 4268000.0,
        "Net Non Operating Interest Income Expense": -34155000.0,
        "Interest Expense Non Operating": 72048000.0,
        "Interest Income Non Operating": 37893000.0,
        "Operating Income": 485797000.0,
        "Operating Expense": 1310088000.0,
        "Other Operating Expenses": 147719000.0,
        "Depreciation Amortization Depletion Income Statement": 159025000.0,
        "Depreciation And Amortization In Income Statement": 159025000.0,
        "Selling General And Administration": 1003344000.0,
        "General And Administrative Expense": NaN,
        "Other Gand A": NaN,
        "Gross Profit": 1795885000.0,
        "Cost Of Revenue": 5210756000.0,
        "Total Revenue": 7006641000.0,
        "Operating Revenue": 7006641000.0
    }
}