{
    "2023-03-31": {
        "Tax Effect Of Unusual Items": NaN,
        "Tax Rate For Calcs": NaN,
        "Normalized EBITDA": NaN,
        "Total Unusual Items": NaN,
        "Total Unusual Items Excluding Goodwill": NaN,
        "Net Income From Continuing Operation Net Minority Interest": NaN,
        "Reconciled Depreciation": NaN,
        "Reconciled Cost Of Revenue": NaN,
        "EBITDA": NaN,
        "EBIT": NaN,
        "Net Interest Income": NaN,
        "Interest Expense": NaN,
        "Interest Income": NaN,
        "Normalized Income": NaN,
        "Net Income From Continuing And Discontinued Operation": NaN,
        "Total Expenses": NaN,
        "Total Operating Income As Reported": NaN,
        "Diluted Average Shares": NaN,
        "Basic Average Shares": NaN,
        "Diluted EPS": NaN,
        "Basic EPS": NaN,
        "Diluted NI Availto Com Stockholders": NaN,
        "Net Income Common Stockholders": NaN,
        "Net Income": NaN,
        "Net Income Including Noncontrolling Interests": NaN,
        "Net Income Continuous Operations": NaN,
        "Tax Provision": NaN,
        "Pretax Income": NaN,
        "Other Income Expense": NaN,
        "Other Non Operating Income Expenses": NaN,
        "Special Income Charges": NaN,
        "Impairment Of Capital Assets": NaN,
        "Net Non Operating Interest Income Expense": NaN,
        "Total Other Finance Cost": -1581000.0,
        "Interest Expense Non Operating": NaN,
        "Interest Income Non Operating": NaN,
        "Operating Income": NaN,
        "Operating Expense": NaN,
        "Research And Development": NaN,
        "Selling General And Administration": NaN,
        "Selling And Marketing Expense": NaN,
        "General And Administrative Expense": NaN,
        "Other Gand A": NaN,
        "Gross Profit": NaN,
        "Cost Of Revenue": NaN,
        "Total Revenue": NaN,
        "Operating Revenue": NaN
    },
    "2022-12-31": {
        "Tax Effect Of Unusual Items": NaN,
        "Tax Rate For Calcs": NaN,
        "Normalized EBITDA": NaN,
        "Total Unusual Items": -3011000.0,
        "Total Unusual Items Excluding Goodwill": -3011000.0,
        "Net Income From Continuing Operation Net Minority Interest": NaN,
        "Reconciled Depreciation": NaN,
        "Reconciled Cost Of Revenue": NaN,
        "EBITDA": NaN,
        "EBIT": NaN,
        "Net Interest Income": NaN,
        "Interest Expense": NaN,
        "Interest Income": NaN,
        "Normalized Income": NaN,
        "Net Income From Continuing And Discontinued Operation": NaN,
        "Total Expenses": NaN,
        "Total Operating Income As Reported": NaN,
        "Diluted Average Shares": NaN,
        "Basic Average Shares": NaN,
        "Diluted EPS": NaN,
        "Basic EPS": NaN,
        "Diluted NI Availto Com Stockholders": NaN,
        "Net Income Common Stockholders": NaN,
        "Net Income": NaN,
        "Net Income Including Noncontrolling Interests": NaN,
        "Net Income Continuous Operations": NaN,
        "Tax Provision": NaN,
        "Pretax Income": NaN,
        "Other Income Expense": NaN,
        "Other Non Operating Income Expenses": NaN,
        "Special Income Charges": -3011000.0,
        "Impairment Of Capital Assets": 11000.0,
        "Net Non Operating Interest Income Expense": NaN,
        "Total Other Finance Cost": -1032000.0,
        "Interest Expense Non Operating": NaN,
        "Interest Income Non Operating": NaN,
        "Operating Income": NaN,
        "Operating Expense": NaN,
        "Research And Development": NaN,
        "Selling General And Administration": NaN,
        "Selling And Marketing Expense": NaN,
        "General And Administrative Expense": NaN,
        "Other Gand A": NaN,
        "Gross Profit": NaN,
        "Cost Of Revenue": NaN,
        "Total Revenue": NaN,
        "Operating Revenue": NaN
    },
    "2022-09-30": {
        "Tax Effect Of Unusual Items": NaN,
        "Tax Rate For Calcs": NaN,
        "Normalized EBITDA": NaN,
        "Total Unusual Items": -237000.0,
        "Total Unusual Items Excluding Goodwill": -237000.0,
        "Net Income From Continuing Operation Net Minority Interest": NaN,
        "Reconciled Depreciation": NaN,
        "Reconciled Cost Of Revenue": NaN,
        "EBITDA": NaN,
        "EBIT": NaN,
        "Net Interest Income": NaN,
        "Interest Expense": NaN,
        "Interest Income": NaN,
        "Normalized Income": NaN,
        "Net Income From Continuing And Discontinued Operation": NaN,
        "Total Expenses": NaN,
        "Total Operating Income As Reported": NaN,
        "Diluted Average Shares": NaN,
        "Basic Average Shares": NaN,
        "Diluted EPS": NaN,
        "Basic EPS": NaN,
        "Diluted NI Availto Com Stockholders": NaN,
        "Net Income Common Stockholders": NaN,
        "Net Income": NaN,
        "Net Income Including Noncontrolling Interests": NaN,
        "Net Income Continuous Operations": NaN,
        "Tax Provision": NaN,
        "Pretax Income": NaN,
        "Other Income Expense": NaN,
        "Other Non Operating Income Expenses": NaN,
        "Special Income Charges": -237000.0,
        "Impairment Of Capital Assets": 237000.0,
        "Net Non Operating Interest Income Expense": NaN,
        "Total Other Finance Cost": -535000.0,
        "Interest Expense Non Operating": NaN,
        "Interest Income Non Operating": NaN,
        "Operating Income": NaN,
        "Operating Expense": NaN,
        "Research And Development": NaN,
        "Selling General And Administration": NaN,
        "Selling And Marketing Expense": NaN,
        "General And Administrative Expense": NaN,
        "Other Gand A": NaN,
        "Gross Profit": NaN,
        "Cost Of Revenue": NaN,
        "Total Revenue": NaN,
        "Operating Revenue": NaN
    },
    "2022-06-30": {
        "Tax Effect Of Unusual Items": 0.0,
        "Tax Rate For Calcs": 0.033,
        "Normalized EBITDA": -5624000.0,
        "Total Unusual Items": 0.0,
        "Total Unusual Items Excluding Goodwill": 0.0,
        "Net Income From Continuing Operation Net Minority Interest": -13179000.0,
        "Reconciled Depreciation": 6013000.0,
        "Reconciled Cost Of Revenue": 57393000.0,
        "EBITDA": -5624000.0,
        "EBIT": -11637000.0,
        "Net Interest Income": 29000.0,
        "Normalized Income": -13179000.0,
        "Net Income From Continuing And Discontinued Operation": -13179000.0,
        "Total Expenses": 175504000.0,
        "Total Operating Income As Reported": -11637000.0,
        "Diluted Average Shares": 197819000.0,
        "Basic Average Shares": 197819000.0,
        "Diluted EPS": -0.06,
        "Basic EPS": -0.06,
        "Diluted NI Availto Com Stockholders": -13179000.0,
        "Net Income Common Stockholders": -13179000.0,
        "Net Income": -13179000.0,
        "Net Income Including Noncontrolling Interests": -13179000.0,
        "Net Income Continuous Operations": -13179000.0,
        "Tax Provision": -451000.0,
        "Pretax Income": -13630000.0,
        "Other Income Expense": -2022000.0,
        "Other Non Operating Income Expenses": -2022000.0,
        "Special Income Charges": 0.0,
        "Write Off": NaN,
        "Impairment Of Capital Assets": 0.0,
        "Net Non Operating Interest Income Expense": 29000.0,
        "Total Other Finance Cost": -29000.0,
        "Operating Income": -11637000.0,
        "Operating Expense": 118111000.0,
        "Research And Development": 16197000.0,
        "Selling General And Administration": 101914000.0,
        "Selling And Marketing Expense": 72945000.0,
        "General And Administrative Expense": 28969000.0,
        "Other Gand A": 28969000.0,
        "Gross Profit": 106474000.0,
        "Cost Of Revenue": 57393000.0,
        "Total Revenue": 163867000.0,
        "Operating Revenue": 163867000.0
    },
    "2023-06-30": {
        "Tax Effect Of Unusual Items": NaN,
        "Tax Rate For Calcs": NaN,
        "Normalized EBITDA": NaN,
        "Total Unusual Items": NaN,
        "Total Unusual Items Excluding Goodwill": NaN,
        "Net Income From Continuing Operation Net Minority Interest": NaN,
        "Reconciled Depreciation": NaN,
        "Reconciled Cost Of Revenue": NaN,
        "EBITDA": NaN,
        "EBIT": NaN,
        "Net Interest Income": NaN,
        "Interest Expense": NaN,
        "Interest Income": NaN,
        "Normalized Income": NaN,
        "Net Income From Continuing And Discontinued Operation": NaN,
        "Total Expenses": NaN,
        "Total Operating Income As Reported": NaN,
        "Diluted Average Shares": NaN,
        "Basic Average Shares": NaN,
        "Diluted EPS": NaN,
        "Basic EPS": NaN,
        "Diluted NI Availto Com Stockholders": NaN,
        "Net Income Common Stockholders": NaN,
        "Net Income": NaN,
        "Net Income Including Noncontrolling Interests": NaN,
        "Net Income Continuous Operations": NaN,
        "Tax Provision": NaN,
        "Pretax Income": NaN,
        "Other Income Expense": NaN,
        "Other Non Operating Income Expenses": NaN,
        "Special Income Charges": NaN,
        "Impairment Of Capital Assets": NaN,
        "Net Non Operating Interest Income Expense": NaN,
        "Total Other Finance Cost": -2153000.0,
        "Interest Expense Non Operating": NaN,
        "Interest Income Non Operating": NaN,
        "Operating Income": NaN,
        "Operating Expense": NaN,
        "Research And Development": NaN,
        "Selling General And Administration": NaN,
        "Selling And Marketing Expense": NaN,
        "General And Administrative Expense": NaN,
        "Other Gand A": NaN,
        "Gross Profit": NaN,
        "Cost Of Revenue": NaN,
        "Total Revenue": NaN,
        "Operating Revenue": NaN
    },
    "2023-09-30": {
        "Tax Effect Of Unusual Items": NaN,
        "Tax Rate For Calcs": NaN,
        "Normalized EBITDA": NaN,
        "Total Unusual Items": 0.0,
        "Total Unusual Items Excluding Goodwill": 0.0,
        "Net Income From Continuing Operation Net Minority Interest": NaN,
        "Reconciled Depreciation": NaN,
        "Reconciled Cost Of Revenue": NaN,
        "EBITDA": NaN,
        "EBIT": NaN,
        "Net Interest Income": NaN,
        "Interest Expense": NaN,
        "Interest Income": NaN,
        "Normalized Income": NaN,
        "Net Income From Continuing And Discontinued Operation": NaN,
        "Total Expenses": NaN,
        "Total Operating Income As Reported": NaN,
        "Diluted Average Shares": NaN,
        "Basic Average Shares": NaN,
        "Diluted EPS": NaN,
        "Basic EPS": NaN,
        "Diluted NI Availto Com Stockholders": NaN,
        "Net Income Common Stockholders": NaN,
        "Net Income": NaN,
        "Net Income Including Noncontrolling Interests": NaN,
        "Net Income Continuous Operations": NaN,
        "Tax Provision": NaN,
        "Pretax Income": NaN,
        "Other Income Expense": NaN,
        "Other Non Operating Income Expenses": NaN,
        "Special Income Charges": 0.0,
        "Gain On Sale Of Ppe": NaN,
        "Impairment Of Capital Assets": 0.0,
        "Net Non Operating Interest Income Expense": NaN,
        "Total Other Finance Cost": -2623000.0,
        "Interest Expense Non Operating": NaN,
        "Interest Income Non Operating": NaN,
        "Operating Income": NaN,
        "Operating Expense": NaN,
        "Research And Development": NaN,
        "Selling General And Administration": NaN,
        "Selling And Marketing Expense": NaN,
        "General And Administrative Expense": NaN,
        "Other Gand A": NaN,
        "Gross Profit": NaN,
        "Cost Of Revenue": NaN,
        "Total Revenue": NaN,
        "Operating Revenue": NaN
    },
    "2023-12-31": {
        "Tax Effect Of Unusual Items": NaN,
        "Tax Rate For Calcs": NaN,
        "Normalized EBITDA": NaN,
        "Total Unusual Items": 0.0,
        "Total Unusual Items Excluding Goodwill": 0.0,
        "Net Income From Continuing Operation Net Minority Interest": NaN,
        "Reconciled Depreciation": NaN,
        "Reconciled Cost Of Revenue": NaN,
        "EBITDA": NaN,
        "EBIT": NaN,
        "Net Interest Income": NaN,
        "Interest Expense": NaN,
        "Interest Income": NaN,
        "Normalized Income": NaN,
        "Net Income From Continuing And Discontinued Operation": NaN,
        "Total Expenses": NaN,
        "Total Operating Income As Reported": NaN,
        "Diluted Average Shares": NaN,
        "Basic Average Shares": NaN,
        "Diluted EPS": NaN,
        "Basic EPS": NaN,
        "Diluted NI Availto Com Stockholders": NaN,
        "Net Income Common Stockholders": NaN,
        "Net Income": NaN,
        "Net Income Including Noncontrolling Interests": NaN,
        "Net Income Continuous Operations": NaN,
        "Tax Provision": NaN,
        "Pretax Income": NaN,
        "Other Income Expense": NaN,
        "Other Non Operating Income Expenses": NaN,
        "Special Income Charges": 0.0,
        "Gain On Sale Of Ppe": NaN,
        "Impairment Of Capital Assets": 0.0,
        "Net Non Operating Interest Income Expense": NaN,
        "Interest Expense Non Operating": NaN,
        "Interest Income Non Operating": NaN,
        "Operating Income": NaN,
        "Operating Expense": NaN,
        "Research And Development": NaN,
        "Selling General And Administration": NaN,
        "Selling And Marketing Expense": NaN,
        "General And Administrative Expense": NaN,
        "Other Gand A": NaN,
        "Gross Profit": NaN,
        "Cost Of Revenue": NaN,
        "Total Revenue": NaN,
        "Operating Revenue": NaN
    },
    "2024-03-31": {
        "Tax Effect Of Unusual Items": NaN,
        "Tax Rate For Calcs": NaN,
        "Normalized EBITDA": NaN,
        "Total Unusual Items": 0.0,
        "Total Unusual Items Excluding Goodwill": 0.0,
        "Net Income From Continuing Operation Net Minority Interest": NaN,
        "Reconciled Depreciation": NaN,
        "Reconciled Cost Of Revenue": NaN,
        "EBITDA": NaN,
        "EBIT": NaN,
        "Net Interest Income": NaN,
        "Interest Expense": NaN,
        "Interest Income": NaN,
        "Normalized Income": NaN,
        "Net Income From Continuing And Discontinued Operation": NaN,
        "Total Expenses": NaN,
        "Total Operating Income As Reported": NaN,
        "Diluted Average Shares": NaN,
        "Basic Average Shares": NaN,
        "Diluted EPS": NaN,
        "Basic EPS": NaN,
        "Diluted NI Availto Com Stockholders": NaN,
        "Net Income Common Stockholders": NaN,
        "Net Income": NaN,
        "Net Income Including Noncontrolling Interests": NaN,
        "Net Income Continuous Operations": NaN,
        "Tax Provision": NaN,
        "Pretax Income": NaN,
        "Other Income Expense": NaN,
        "Other Non Operating Income Expenses": NaN,
        "Special Income Charges": 0.0,
        "Gain On Sale Of Ppe": 0.0,
        "Impairment Of Capital Assets": NaN,
        "Net Non Operating Interest Income Expense": NaN,
        "Interest Expense Non Operating": NaN,
        "Interest Income Non Operating": NaN,
        "Operating Income": NaN,
        "Operating Expense": NaN,
        "Research And Development": NaN,
        "Selling General And Administration": NaN,
        "Selling And Marketing Expense": NaN,
        "General And Administrative Expense": NaN,
        "Other Gand A": NaN,
        "Gross Profit": NaN,
        "Cost Of Revenue": NaN,
        "Total Revenue": NaN,
        "Operating Revenue": NaN
    },
    "2024-06-30": {
        "Tax Effect Of Unusual Items": 0.0,
        "Tax Rate For Calcs": 0.21,
        "Normalized EBITDA": 12580000.0,
        "Total Unusual Items": 0.0,
        "Total Unusual Items Excluding Goodwill": 0.0,
        "Net Income From Continuing Operation Net Minority Interest": 1314000.0,
        "Reconciled Depreciation": 9108000.0,
        "Reconciled Cost Of Revenue": 63609000.0,
        "EBITDA": 12580000.0,
        "EBIT": 3472000.0,
        "Net Interest Income": 2203000.0,
        "Interest Expense": 112000.0,
        "Interest Income": 2315000.0,
        "Normalized Income": 1314000.0,
        "Net Income From Continuing And Discontinued Operation": 1314000.0,
        "Total Expenses": 176216000.0,
        "Total Operating Income As Reported": 1146000.0,
        "Diluted Average Shares": 186456000.0,
        "Basic Average Shares": 184257000.0,
        "Diluted EPS": 0.01,
        "Basic EPS": 0.01,
        "Diluted NI Availto Com Stockholders": 1314000.0,
        "Net Income Common Stockholders": 1314000.0,
        "Net Income": 1314000.0,
        "Net Income Including Noncontrolling Interests": 1314000.0,
        "Net Income Continuous Operations": 1314000.0,
        "Tax Provision": 2046000.0,
        "Pretax Income": 3360000.0,
        "Other Income Expense": 11000.0,
        "Other Non Operating Income Expenses": 11000.0,
        "Special Income Charges": 0.0,
        "Gain On Sale Of Ppe": 0.0,
        "Impairment Of Capital Assets": NaN,
        "Net Non Operating Interest Income Expense": 2203000.0,
        "Interest Expense Non Operating": 112000.0,
        "Interest Income Non Operating": 2315000.0,
        "Operating Income": 1146000.0,
        "Operating Expense": 112607000.0,
        "Research And Development": 25798000.0,
        "Selling General And Administration": 86809000.0,
        "Selling And Marketing Expense": 60130000.0,
        "General And Administrative Expense": 26679000.0,
        "Other Gand A": 26679000.0,
        "Gross Profit": 113753000.0,
        "Cost Of Revenue": 63609000.0,
        "Total Revenue": 177362000.0,
        "Operating Revenue": 177362000.0
    },
    "2024-09-30": {
        "Tax Effect Of Unusual Items": 0.0,
        "Tax Rate For Calcs": 0.21,
        "Normalized EBITDA": 29029000.0,
        "Total Unusual Items": NaN,
        "Total Unusual Items Excluding Goodwill": NaN,
        "Net Income From Continuing Operation Net Minority Interest": 11051000.0,
        "Reconciled Depreciation": 9674000.0,
        "Reconciled Cost Of Revenue": 54715000.0,
        "EBITDA": 29029000.0,
        "EBIT": 19355000.0,
        "Net Interest Income": 1273000.0,
        "Interest Expense": 72000.0,
        "Interest Income": 1345000.0,
        "Normalized Income": 11051000.0,
        "Net Income From Continuing And Discontinued Operation": 11051000.0,
        "Total Expenses": 152330000.0,
        "Total Operating Income As Reported": 16269000.0,
        "Diluted Average Shares": 176353000.0,
        "Basic Average Shares": 174862000.0,
        "Diluted EPS": 0.06,
        "Basic EPS": 0.06,
        "Diluted NI Availto Com Stockholders": 11051000.0,
        "Net Income Common Stockholders": 11051000.0,
        "Net Income": 11051000.0,
        "Net Income Including Noncontrolling Interests": 11051000.0,
        "Net Income Continuous Operations": 11051000.0,
        "Tax Provision": 8232000.0,
        "Pretax Income": 19283000.0,
        "Other Income Expense": 1741000.0,
        "Other Non Operating Income Expenses": 1741000.0,
        "Special Income Charges": NaN,
        "Gain On Sale Of Ppe": NaN,
        "Impairment Of Capital Assets": NaN,
        "Net Non Operating Interest Income Expense": 1273000.0,
        "Interest Expense Non Operating": 72000.0,
        "Interest Income Non Operating": 1345000.0,
        "Operating Income": 16269000.0,
        "Operating Expense": 97615000.0,
        "Research And Development": 23179000.0,
        "Selling General And Administration": 74436000.0,
        "Selling And Marketing Expense": 46287000.0,
        "General And Administrative Expense": 28149000.0,
        "Other Gand A": 28149000.0,
        "Gross Profit": 113884000.0,
        "Cost Of Revenue": 54715000.0,
        "Total Revenue": 168599000.0,
        "Operating Revenue": 168599000.0
    },
    "2024-12-31": {
        "Tax Effect Of Unusual Items": 0.0,
        "Tax Rate For Calcs": 0.21,
        "Normalized EBITDA": 22587000.0,
        "Total Unusual Items": NaN,
        "Total Unusual Items Excluding Goodwill": NaN,
        "Net Income From Continuing Operation Net Minority Interest": 12854000.0,
        "Reconciled Depreciation": 9920000.0,
        "Reconciled Cost Of Revenue": 53385000.0,
        "EBITDA": 22587000.0,
        "EBIT": 12667000.0,
        "Net Interest Income": 1102000.0,
        "Interest Expense": 201000.0,
        "Interest Income": 1303000.0,
        "Normalized Income": 12854000.0,
        "Net Income From Continuing And Discontinued Operation": 12854000.0,
        "Total Expenses": 148595000.0,
        "Total Operating Income As Reported": 13111000.0,
        "Diluted Average Shares": 175393000.0,
        "Basic Average Shares": 173239000.0,
        "Diluted EPS": 0.07,
        "Basic EPS": 0.07,
        "Diluted NI Availto Com Stockholders": 12854000.0,
        "Net Income Common Stockholders": 12854000.0,
        "Net Income": 12854000.0,
        "Net Income Including Noncontrolling Interests": 12854000.0,
        "Net Income Continuous Operations": 12854000.0,
        "Tax Provision": -388000.0,
        "Pretax Income": 12466000.0,
        "Other Income Expense": -1747000.0,
        "Other Non Operating Income Expenses": -1747000.0,
        "Special Income Charges": NaN,
        "Gain On Sale Of Ppe": NaN,
        "Impairment Of Capital Assets": NaN,
        "Net Non Operating Interest Income Expense": 1102000.0,
        "Interest Expense Non Operating": 201000.0,
        "Interest Income Non Operating": 1303000.0,
        "Operating Income": 13111000.0,
        "Operating Expense": 95210000.0,
        "Research And Development": 16650000.0,
        "Selling General And Administration": 78560000.0,
        "Selling And Marketing Expense": 47514000.0,
        "General And Administrative Expense": 31046000.0,
        "Other Gand A": 31046000.0,
        "Gross Profit": 108321000.0,
        "Cost Of Revenue": 53385000.0,
        "Total Revenue": 161706000.0,
        "Operating Revenue": 161706000.0
    },
    "2025-03-31": {
        "Tax Effect Of Unusual Items": 3010770.0,
        "Tax Rate For Calcs": 0.21,
        "Normalized EBITDA": 7483000.0,
        "Total Unusual Items": 14337000.0,
        "Total Unusual Items Excluding Goodwill": 14337000.0,
        "Net Income From Continuing Operation Net Minority Interest": 5127000.0,
        "Reconciled Depreciation": 11024000.0,
        "Reconciled Cost Of Revenue": 66560000.0,
        "EBITDA": 21820000.0,
        "EBIT": 10796000.0,
        "Net Interest Income": 1301000.0,
        "Interest Expense": 182000.0,
        "Interest Income": 1483000.0,
        "Normalized Income": -6199230.0,
        "Net Income From Continuing And Discontinued Operation": 5127000.0,
        "Total Expenses": 188481000.0,
        "Total Operating Income As Reported": 8966000.0,
        "Diluted Average Shares": 180616000.0,
        "Basic Average Shares": 176829000.0,
        "Diluted EPS": 0.03,
        "Basic EPS": 0.03,
        "Diluted NI Availto Com Stockholders": 5127000.0,
        "Net Income Common Stockholders": 5127000.0,
        "Net Income": 5127000.0,
        "Net Income Including Noncontrolling Interests": 5127000.0,
        "Net Income Continuous Operations": 5127000.0,
        "Tax Provision": 5487000.0,
        "Pretax Income": 10614000.0,
        "Other Income Expense": 14684000.0,
        "Other Non Operating Income Expenses": 347000.0,
        "Special Income Charges": 14337000.0,
        "Gain On Sale Of Ppe": 14337000.0,
        "Impairment Of Capital Assets": NaN,
        "Net Non Operating Interest Income Expense": 1301000.0,
        "Interest Expense Non Operating": 182000.0,
        "Interest Income Non Operating": 1483000.0,
        "Operating Income": -5371000.0,
        "Operating Expense": 121921000.0,
        "Research And Development": 21322000.0,
        "Selling General And Administration": 100599000.0,
        "Selling And Marketing Expense": 61378000.0,
        "General And Administrative Expense": 39221000.0,
        "Other Gand A": 39221000.0,
        "Gross Profit": 116550000.0,
        "Cost Of Revenue": 66560000.0,
        "Total Revenue": 183110000.0,
        "Operating Revenue": 183110000.0
    },
    "2025-06-30": {
        "Tax Effect Of Unusual Items": 0.0,
        "Tax Rate For Calcs": 0.21,
        "Normalized EBITDA": 11826000.0,
        "Total Unusual Items": 0.0,
        "Total Unusual Items Excluding Goodwill": 0.0,
        "Net Income From Continuing Operation Net Minority Interest": -266000.0,
        "Reconciled Depreciation": 12205000.0,
        "Reconciled Cost Of Revenue": 67398000.0,
        "EBITDA": 11826000.0,
        "EBIT": -379000.0,
        "Net Interest Income": 1904000.0,
        "Interest Expense": 165000.0,
        "Interest Income": 2069000.0,
        "Normalized Income": -266000.0,
        "Net Income From Continuing And Discontinued Operation": -266000.0,
        "Total Expenses": 195609000.0,
        "Total Operating Income As Reported": -3100000.0,
        "Diluted Average Shares": 180880000.0,
        "Basic Average Shares": 180880000.0,
        "Diluted EPS": 0.0,
        "Basic EPS": 0.0,
        "Diluted NI Availto Com Stockholders": -266000.0,
        "Net Income Common Stockholders": -266000.0,
        "Net Income": -266000.0,
        "Net Income Including Noncontrolling Interests": -266000.0,
        "Net Income Continuous Operations": -266000.0,
        "Tax Provision": -278000.0,
        "Pretax Income": -544000.0,
        "Other Income Expense": 652000.0,
        "Other Non Operating Income Expenses": 652000.0,
        "Special Income Charges": 0.0,
        "Gain On Sale Of Ppe": 0.0,
        "Impairment Of Capital Assets": NaN,
        "Net Non Operating Interest Income Expense": 1904000.0,
        "Interest Expense Non Operating": 165000.0,
        "Interest Income Non Operating": 2069000.0,
        "Operating Income": -3100000.0,
        "Operating Expense": 128211000.0,
        "Research And Development": 21635000.0,
        "Selling General And Administration": 106576000.0,
        "Selling And Marketing Expense": 69580000.0,
        "General And Administrative Expense": 36996000.0,
        "Other Gand A": 36996000.0,
        "Gross Profit": 125111000.0,
        "Cost Of Revenue": 67398000.0,
        "Total Revenue": 192509000.0,
        "Operating Revenue": 192509000.0
    }
}