{
    "2023-04-30": {
        "Tax Effect Of Unusual Items": NaN,
        "Tax Rate For Calcs": NaN,
        "Normalized EBITDA": NaN,
        "Total Unusual Items": NaN,
        "Total Unusual Items Excluding Goodwill": NaN,
        "Net Income From Continuing Operation Net Minority Interest": NaN,
        "Reconciled Depreciation": NaN,
        "Reconciled Cost Of Revenue": NaN,
        "EBITDA": NaN,
        "EBIT": NaN,
        "Net Interest Income": NaN,
        "Interest Expense": NaN,
        "Normalized Income": NaN,
        "Net Income From Continuing And Discontinued Operation": NaN,
        "Total Expenses": NaN,
        "Total Operating Income As Reported": NaN,
        "Diluted Average Shares": NaN,
        "Basic Average Shares": NaN,
        "Diluted EPS": NaN,
        "Basic EPS": NaN,
        "Diluted NI Availto Com Stockholders": NaN,
        "Net Income Common Stockholders": NaN,
        "Net Income": NaN,
        "Net Income Including Noncontrolling Interests": NaN,
        "Net Income Continuous Operations": NaN,
        "Tax Provision": NaN,
        "Pretax Income": NaN,
        "Other Income Expense": NaN,
        "Other Non Operating Income Expenses": NaN,
        "Special Income Charges": NaN,
        "Gain On Sale Of Ppe": NaN,
        "Write Off": 2000000.0,
        "Restructuring And Mergern Acquisition": NaN,
        "Gain On Sale Of Security": 11000000.0,
        "Net Non Operating Interest Income Expense": NaN,
        "Interest Expense Non Operating": NaN,
        "Operating Income": NaN,
        "Operating Expense": NaN,
        "Selling General And Administration": NaN,
        "General And Administrative Expense": NaN,
        "Other Gand A": NaN,
        "Salaries And Wages": NaN,
        "Gross Profit": NaN,
        "Cost Of Revenue": NaN,
        "Total Revenue": NaN,
        "Operating Revenue": NaN
    },
    "2023-01-31": {
        "Tax Effect Of Unusual Items": NaN,
        "Tax Rate For Calcs": NaN,
        "Normalized EBITDA": NaN,
        "Total Unusual Items": NaN,
        "Total Unusual Items Excluding Goodwill": NaN,
        "Net Income From Continuing Operation Net Minority Interest": NaN,
        "Reconciled Depreciation": NaN,
        "Reconciled Cost Of Revenue": NaN,
        "EBITDA": NaN,
        "EBIT": NaN,
        "Net Interest Income": NaN,
        "Interest Expense": NaN,
        "Interest Income": 12000000.0,
        "Normalized Income": NaN,
        "Net Income From Continuing And Discontinued Operation": NaN,
        "Total Expenses": NaN,
        "Total Operating Income As Reported": NaN,
        "Diluted Average Shares": NaN,
        "Basic Average Shares": NaN,
        "Diluted EPS": NaN,
        "Basic EPS": NaN,
        "Diluted NI Availto Com Stockholders": NaN,
        "Net Income Common Stockholders": NaN,
        "Net Income": NaN,
        "Net Income Including Noncontrolling Interests": NaN,
        "Net Income Continuous Operations": NaN,
        "Tax Provision": NaN,
        "Pretax Income": NaN,
        "Other Income Expense": NaN,
        "Other Non Operating Income Expenses": NaN,
        "Special Income Charges": NaN,
        "Gain On Sale Of Ppe": NaN,
        "Other Special Charges": 0.0,
        "Write Off": NaN,
        "Restructuring And Mergern Acquisition": NaN,
        "Gain On Sale Of Security": 15000000.0,
        "Net Non Operating Interest Income Expense": NaN,
        "Interest Expense Non Operating": NaN,
        "Interest Income Non Operating": 12000000.0,
        "Operating Income": NaN,
        "Operating Expense": NaN,
        "Selling General And Administration": NaN,
        "General And Administrative Expense": NaN,
        "Other Gand A": NaN,
        "Salaries And Wages": 7000000.0,
        "Gross Profit": NaN,
        "Cost Of Revenue": NaN,
        "Total Revenue": NaN,
        "Operating Revenue": NaN
    },
    "2022-10-31": {
        "Tax Effect Of Unusual Items": NaN,
        "Tax Rate For Calcs": NaN,
        "Normalized EBITDA": NaN,
        "Total Unusual Items": NaN,
        "Total Unusual Items Excluding Goodwill": NaN,
        "Net Income From Continuing Operation Net Minority Interest": NaN,
        "Reconciled Depreciation": NaN,
        "Reconciled Cost Of Revenue": NaN,
        "EBITDA": NaN,
        "EBIT": NaN,
        "Net Interest Income": NaN,
        "Interest Expense": NaN,
        "Interest Income": 1000000.0,
        "Normalized Income": NaN,
        "Net Income From Continuing And Discontinued Operation": NaN,
        "Total Expenses": NaN,
        "Total Operating Income As Reported": NaN,
        "Diluted Average Shares": NaN,
        "Basic Average Shares": NaN,
        "Diluted EPS": NaN,
        "Basic EPS": NaN,
        "Diluted NI Availto Com Stockholders": NaN,
        "Net Income Common Stockholders": NaN,
        "Net Income": NaN,
        "Net Income Including Noncontrolling Interests": NaN,
        "Net Income Continuous Operations": NaN,
        "Tax Provision": NaN,
        "Pretax Income": NaN,
        "Other Income Expense": NaN,
        "Other Non Operating Income Expenses": NaN,
        "Special Income Charges": NaN,
        "Gain On Sale Of Ppe": 32000000.0,
        "Other Special Charges": NaN,
        "Write Off": NaN,
        "Gain On Sale Of Security": 32000000.0,
        "Net Non Operating Interest Income Expense": NaN,
        "Interest Expense Non Operating": NaN,
        "Interest Income Non Operating": 1000000.0,
        "Operating Income": NaN,
        "Operating Expense": NaN,
        "Selling General And Administration": NaN,
        "General And Administrative Expense": NaN,
        "Other Gand A": NaN,
        "Salaries And Wages": 32000000.0,
        "Gross Profit": NaN,
        "Cost Of Revenue": NaN,
        "Total Revenue": NaN,
        "Operating Revenue": NaN
    },
    "2022-07-31": {
        "Tax Effect Of Unusual Items": -480000.0,
        "Tax Rate For Calcs": 0.24,
        "Normalized EBITDA": 615000000.0,
        "Total Unusual Items": -2000000.0,
        "Total Unusual Items Excluding Goodwill": -2000000.0,
        "Net Income From Continuing Operation Net Minority Interest": 275000000.0,
        "Reconciled Depreciation": 207000000.0,
        "Reconciled Cost Of Revenue": 3422000000.0,
        "EBITDA": 613000000.0,
        "EBIT": 406000000.0,
        "Net Interest Income": -42000000.0,
        "Interest Expense": 42000000.0,
        "Interest Income": 1000000.0,
        "Normalized Income": 276520000.0,
        "Net Income From Continuing And Discontinued Operation": 275000000.0,
        "Total Expenses": 5403000000.0,
        "Total Operating Income As Reported": 399000000.0,
        "Diluted Average Shares": 277400000.0,
        "Basic Average Shares": 271100000.0,
        "Diluted EPS": 0.99,
        "Basic EPS": 1.01,
        "Diluted NI Availto Com Stockholders": 275000000.0,
        "Net Income Common Stockholders": 275000000.0,
        "Net Income": 275000000.0,
        "Net Income Including Noncontrolling Interests": 275000000.0,
        "Net Income Continuous Operations": 275000000.0,
        "Tax Provision": 89000000.0,
        "Pretax Income": 364000000.0,
        "Other Income Expense": 5000000.0,
        "Other Non Operating Income Expenses": 7000000.0,
        "Special Income Charges": -2000000.0,
        "Gain On Sale Of Ppe": NaN,
        "Other Special Charges": NaN,
        "Write Off": 2000000.0,
        "Gain On Sale Of Security": NaN,
        "Net Non Operating Interest Income Expense": -42000000.0,
        "Interest Expense Non Operating": 42000000.0,
        "Interest Income Non Operating": 1000000.0,
        "Operating Income": 401000000.0,
        "Operating Expense": 1981000000.0,
        "Selling General And Administration": 1981000000.0,
        "General And Administrative Expense": 1981000000.0,
        "Other Gand A": 1981000000.0,
        "Salaries And Wages": 0.0,
        "Gross Profit": 2382000000.0,
        "Cost Of Revenue": 3422000000.0,
        "Total Revenue": 5804000000.0,
        "Operating Revenue": 5804000000.0
    },
    "2023-07-31": {
        "Tax Effect Of Unusual Items": NaN,
        "Tax Rate For Calcs": NaN,
        "Normalized EBITDA": NaN,
        "Total Unusual Items": NaN,
        "Total Unusual Items Excluding Goodwill": NaN,
        "Net Income From Continuing Operation Net Minority Interest": NaN,
        "Reconciled Depreciation": NaN,
        "Reconciled Cost Of Revenue": NaN,
        "EBITDA": NaN,
        "EBIT": NaN,
        "Net Interest Income": NaN,
        "Interest Expense": NaN,
        "Normalized Income": NaN,
        "Net Income From Continuing And Discontinued Operation": NaN,
        "Total Expenses": NaN,
        "Total Operating Income As Reported": NaN,
        "Diluted Average Shares": NaN,
        "Basic Average Shares": NaN,
        "Diluted EPS": NaN,
        "Basic EPS": NaN,
        "Diluted NI Availto Com Stockholders": NaN,
        "Net Income Common Stockholders": NaN,
        "Net Income": NaN,
        "Net Income Including Noncontrolling Interests": NaN,
        "Net Income Continuous Operations": NaN,
        "Tax Provision": NaN,
        "Pretax Income": NaN,
        "Other Income Expense": NaN,
        "Other Non Operating Income Expenses": NaN,
        "Special Income Charges": NaN,
        "Gain On Sale Of Ppe": NaN,
        "Other Special Charges": NaN,
        "Write Off": NaN,
        "Restructuring And Mergern Acquisition": 4000000.0,
        "Gain On Sale Of Security": NaN,
        "Net Non Operating Interest Income Expense": NaN,
        "Interest Expense Non Operating": NaN,
        "Operating Income": NaN,
        "Operating Expense": NaN,
        "Selling General And Administration": NaN,
        "General And Administrative Expense": NaN,
        "Other Gand A": NaN,
        "Salaries And Wages": 122000000.0,
        "Gross Profit": NaN,
        "Cost Of Revenue": NaN,
        "Total Revenue": NaN,
        "Operating Revenue": NaN
    },
    "2023-10-31": {
        "Tax Effect Of Unusual Items": NaN,
        "Tax Rate For Calcs": NaN,
        "Normalized EBITDA": NaN,
        "Total Unusual Items": NaN,
        "Total Unusual Items Excluding Goodwill": NaN,
        "Net Income From Continuing Operation Net Minority Interest": NaN,
        "Reconciled Depreciation": NaN,
        "Reconciled Cost Of Revenue": NaN,
        "EBITDA": NaN,
        "EBIT": NaN,
        "Net Interest Income": NaN,
        "Interest Expense": NaN,
        "Normalized Income": NaN,
        "Net Income From Continuing And Discontinued Operation": NaN,
        "Total Expenses": NaN,
        "Total Operating Income As Reported": NaN,
        "Diluted Average Shares": NaN,
        "Basic Average Shares": NaN,
        "Diluted EPS": NaN,
        "Basic EPS": NaN,
        "Diluted NI Availto Com Stockholders": NaN,
        "Net Income Common Stockholders": NaN,
        "Net Income": NaN,
        "Net Income Including Noncontrolling Interests": NaN,
        "Net Income Continuous Operations": NaN,
        "Tax Provision": NaN,
        "Pretax Income": NaN,
        "Other Income Expense": NaN,
        "Other Non Operating Income Expenses": NaN,
        "Special Income Charges": NaN,
        "Gain On Sale Of Ppe": 5000000.0,
        "Other Special Charges": NaN,
        "Write Off": NaN,
        "Restructuring And Mergern Acquisition": NaN,
        "Gain On Sale Of Security": NaN,
        "Net Non Operating Interest Income Expense": NaN,
        "Interest Expense Non Operating": NaN,
        "Operating Income": NaN,
        "Operating Expense": NaN,
        "Selling General And Administration": NaN,
        "General And Administrative Expense": NaN,
        "Other Gand A": NaN,
        "Salaries And Wages": 7000000.0,
        "Gross Profit": NaN,
        "Cost Of Revenue": NaN,
        "Total Revenue": NaN,
        "Operating Revenue": NaN
    },
    "2024-01-31": {
        "Tax Effect Of Unusual Items": NaN,
        "Tax Rate For Calcs": NaN,
        "Normalized EBITDA": NaN,
        "Total Unusual Items": NaN,
        "Total Unusual Items Excluding Goodwill": NaN,
        "Net Income From Continuing Operation Net Minority Interest": NaN,
        "Reconciled Depreciation": NaN,
        "Reconciled Cost Of Revenue": NaN,
        "EBITDA": NaN,
        "EBIT": NaN,
        "Net Interest Income": NaN,
        "Interest Expense": NaN,
        "Normalized Income": NaN,
        "Net Income From Continuing And Discontinued Operation": NaN,
        "Total Expenses": NaN,
        "Total Operating Income As Reported": NaN,
        "Diluted Average Shares": NaN,
        "Basic Average Shares": NaN,
        "Diluted EPS": NaN,
        "Basic EPS": NaN,
        "Diluted NI Availto Com Stockholders": NaN,
        "Net Income Common Stockholders": NaN,
        "Net Income": NaN,
        "Net Income Including Noncontrolling Interests": NaN,
        "Net Income Continuous Operations": NaN,
        "Tax Provision": NaN,
        "Pretax Income": NaN,
        "Other Income Expense": NaN,
        "Other Non Operating Income Expenses": NaN,
        "Special Income Charges": NaN,
        "Other Special Charges": NaN,
        "Write Off": 951000000.0,
        "Restructuring And Mergern Acquisition": NaN,
        "Gain On Sale Of Security": NaN,
        "Net Non Operating Interest Income Expense": NaN,
        "Interest Expense Non Operating": NaN,
        "Operating Income": NaN,
        "Operating Expense": NaN,
        "Selling General And Administration": NaN,
        "General And Administrative Expense": 2405000000.0,
        "Other Gand A": 2405000000.0,
        "Salaries And Wages": 5000000.0,
        "Gross Profit": NaN,
        "Cost Of Revenue": NaN,
        "Total Revenue": NaN,
        "Operating Revenue": NaN
    },
    "2024-04-30": {
        "Tax Effect Of Unusual Items": -6612244.897959,
        "Tax Rate For Calcs": 0.367347,
        "Normalized EBITDA": 363000000.0,
        "Total Unusual Items": -18000000.0,
        "Total Unusual Items Excluding Goodwill": -18000000.0,
        "Net Income From Continuing Operation Net Minority Interest": 62000000.0,
        "Reconciled Depreciation": 216000000.0,
        "Reconciled Cost Of Revenue": 2946000000.0,
        "EBITDA": 345000000.0,
        "EBIT": 129000000.0,
        "Net Interest Income": -31000000.0,
        "Interest Expense": 31000000.0,
        "Normalized Income": 73387755.102041,
        "Net Income From Continuing And Discontinued Operation": 62000000.0,
        "Total Expenses": 4857000000.0,
        "Total Operating Income As Reported": 125000000.0,
        "Diluted Average Shares": NaN,
        "Basic Average Shares": NaN,
        "Diluted EPS": NaN,
        "Basic EPS": NaN,
        "Diluted NI Availto Com Stockholders": 62000000.0,
        "Net Income Common Stockholders": 62000000.0,
        "Net Income": 62000000.0,
        "Net Income Including Noncontrolling Interests": 62000000.0,
        "Net Income Continuous Operations": 62000000.0,
        "Tax Provision": 36000000.0,
        "Pretax Income": 98000000.0,
        "Other Income Expense": -14000000.0,
        "Other Non Operating Income Expenses": 4000000.0,
        "Special Income Charges": -19000000.0,
        "Other Special Charges": NaN,
        "Write Off": 19000000.0,
        "Restructuring And Mergern Acquisition": NaN,
        "Gain On Sale Of Security": 1000000.0,
        "Net Non Operating Interest Income Expense": -31000000.0,
        "Interest Expense Non Operating": 31000000.0,
        "Operating Income": 143000000.0,
        "Operating Expense": 1911000000.0,
        "Selling General And Administration": 1911000000.0,
        "General And Administrative Expense": 1911000000.0,
        "Other Gand A": 1911000000.0,
        "Salaries And Wages": NaN,
        "Gross Profit": 2054000000.0,
        "Cost Of Revenue": 2946000000.0,
        "Total Revenue": 5000000000.0,
        "Operating Revenue": 4846000000.0
    },
    "2024-07-31": {
        "Tax Effect Of Unusual Items": 8547000.0,
        "Tax Rate For Calcs": 0.231,
        "Normalized EBITDA": 402000000.0,
        "Total Unusual Items": 37000000.0,
        "Total Unusual Items Excluding Goodwill": 37000000.0,
        "Net Income From Continuing Operation Net Minority Interest": 150000000.0,
        "Reconciled Depreciation": 213000000.0,
        "Reconciled Cost Of Revenue": 2938000000.0,
        "EBITDA": 439000000.0,
        "EBIT": 226000000.0,
        "Net Interest Income": -31000000.0,
        "Interest Expense": 31000000.0,
        "Normalized Income": 121547000.0,
        "Net Income From Continuing And Discontinued Operation": 150000000.0,
        "Total Expenses": 4911000000.0,
        "Total Operating Income As Reported": 222000000.0,
        "Diluted Average Shares": 281600000.0,
        "Basic Average Shares": 277700000.0,
        "Diluted EPS": 0.53,
        "Basic EPS": 0.54,
        "Diluted NI Availto Com Stockholders": 150000000.0,
        "Net Income Common Stockholders": 150000000.0,
        "Net Income": 150000000.0,
        "Net Income Including Noncontrolling Interests": 150000000.0,
        "Net Income Continuous Operations": 150000000.0,
        "Tax Provision": 45000000.0,
        "Pretax Income": 195000000.0,
        "Other Income Expense": 41000000.0,
        "Other Non Operating Income Expenses": 4000000.0,
        "Special Income Charges": 1000000.0,
        "Other Special Charges": NaN,
        "Write Off": NaN,
        "Restructuring And Mergern Acquisition": -1000000.0,
        "Gain On Sale Of Security": 36000000.0,
        "Net Non Operating Interest Income Expense": -31000000.0,
        "Interest Expense Non Operating": 31000000.0,
        "Operating Income": 185000000.0,
        "Operating Expense": 1973000000.0,
        "Selling General And Administration": 1973000000.0,
        "General And Administrative Expense": 1973000000.0,
        "Other Gand A": 1973000000.0,
        "Salaries And Wages": 0.0,
        "Gross Profit": 2158000000.0,
        "Cost Of Revenue": 2938000000.0,
        "Total Revenue": 5096000000.0,
        "Operating Revenue": 4937000000.0
    },
    "2024-10-31": {
        "Tax Effect Of Unusual Items": 17600000.0,
        "Tax Rate For Calcs": 0.2,
        "Normalized EBITDA": 207000000.0,
        "Total Unusual Items": 88000000.0,
        "Total Unusual Items Excluding Goodwill": 88000000.0,
        "Net Income From Continuing Operation Net Minority Interest": 28000000.0,
        "Reconciled Depreciation": 228000000.0,
        "Reconciled Cost Of Revenue": 2864000000.0,
        "EBITDA": 295000000.0,
        "EBIT": 67000000.0,
        "Net Interest Income": -32000000.0,
        "Interest Expense": 32000000.0,
        "Normalized Income": -42400000.0,
        "Net Income From Continuing And Discontinued Operation": 28000000.0,
        "Total Expenses": 4928000000.0,
        "Total Operating Income As Reported": 64000000.0,
        "Diluted Average Shares": 281500000.0,
        "Basic Average Shares": 278400000.0,
        "Diluted EPS": 0.1,
        "Basic EPS": 0.1,
        "Diluted NI Availto Com Stockholders": 28000000.0,
        "Net Income Common Stockholders": 28000000.0,
        "Net Income": 28000000.0,
        "Net Income Including Noncontrolling Interests": 28000000.0,
        "Net Income Continuous Operations": 28000000.0,
        "Tax Provision": 7000000.0,
        "Pretax Income": 35000000.0,
        "Other Income Expense": 92000000.0,
        "Other Non Operating Income Expenses": 4000000.0,
        "Special Income Charges": 22000000.0,
        "Other Special Charges": 1000000.0,
        "Write Off": -23000000.0,
        "Restructuring And Mergern Acquisition": NaN,
        "Gain On Sale Of Security": 66000000.0,
        "Net Non Operating Interest Income Expense": -32000000.0,
        "Interest Expense Non Operating": 32000000.0,
        "Operating Income": -25000000.0,
        "Operating Expense": 2064000000.0,
        "Selling General And Administration": 2064000000.0,
        "General And Administrative Expense": 2064000000.0,
        "Other Gand A": 2064000000.0,
        "Salaries And Wages": 0.0,
        "Gross Profit": 2039000000.0,
        "Cost Of Revenue": 2864000000.0,
        "Total Revenue": 4903000000.0,
        "Operating Revenue": 4742000000.0
    },
    "2025-01-31": {
        "Tax Effect Of Unusual Items": -29105504.587156,
        "Tax Rate For Calcs": 0.215596,
        "Normalized EBITDA": 816000000.0,
        "Total Unusual Items": -135000000.0,
        "Total Unusual Items Excluding Goodwill": -135000000.0,
        "Net Income From Continuing Operation Net Minority Interest": 342000000.0,
        "Reconciled Depreciation": 224000000.0,
        "Reconciled Cost Of Revenue": 4991000000.0,
        "EBITDA": 681000000.0,
        "EBIT": 457000000.0,
        "Net Interest Income": -21000000.0,
        "Interest Expense": 21000000.0,
        "Normalized Income": 447894495.412844,
        "Net Income From Continuing And Discontinued Operation": 342000000.0,
        "Total Expenses": 7373000000.0,
        "Total Operating Income As Reported": 499000000.0,
        "Diluted Average Shares": 282600000.0,
        "Basic Average Shares": 278500000.0,
        "Diluted EPS": 1.21,
        "Basic EPS": 1.23,
        "Diluted NI Availto Com Stockholders": 342000000.0,
        "Net Income Common Stockholders": 342000000.0,
        "Net Income": 342000000.0,
        "Net Income Including Noncontrolling Interests": 342000000.0,
        "Net Income Continuous Operations": 342000000.0,
        "Tax Provision": 94000000.0,
        "Pretax Income": 436000000.0,
        "Other Income Expense": -177000000.0,
        "Other Non Operating Income Expenses": -42000000.0,
        "Special Income Charges": -176000000.0,
        "Other Special Charges": 0.0,
        "Write Off": 132000000.0,
        "Restructuring And Mergern Acquisition": NaN,
        "Gain On Sale Of Security": 41000000.0,
        "Net Non Operating Interest Income Expense": -21000000.0,
        "Interest Expense Non Operating": 21000000.0,
        "Operating Income": 634000000.0,
        "Operating Expense": 2382000000.0,
        "Selling General And Administration": 2382000000.0,
        "General And Administrative Expense": NaN,
        "Other Gand A": NaN,
        "Salaries And Wages": NaN,
        "Gross Profit": 3016000000.0,
        "Cost Of Revenue": 4991000000.0,
        "Total Revenue": 8007000000.0,
        "Operating Revenue": 7768000000.0
    },
    "2025-04-30": {
        "Tax Effect Of Unusual Items": 1260000.0,
        "Tax Rate For Calcs": 0.21,
        "Normalized EBITDA": 308000000.0,
        "Total Unusual Items": 6000000.0,
        "Total Unusual Items Excluding Goodwill": 6000000.0,
        "Net Income From Continuing Operation Net Minority Interest": 38000000.0,
        "Reconciled Depreciation": 219000000.0,
        "Reconciled Cost Of Revenue": 2795000000.0,
        "EBITDA": 314000000.0,
        "EBIT": 95000000.0,
        "Net Interest Income": -27000000.0,
        "Interest Expense": 27000000.0,
        "Normalized Income": 33260000.0,
        "Net Income From Continuing And Discontinued Operation": 38000000.0,
        "Total Expenses": 4708000000.0,
        "Total Operating Income As Reported": 94000000.0,
        "Diluted Average Shares": 280700000.0,
        "Basic Average Shares": 277600000.0,
        "Diluted EPS": 0.13,
        "Basic EPS": 0.14,
        "Diluted NI Availto Com Stockholders": 38000000.0,
        "Net Income Common Stockholders": 38000000.0,
        "Net Income": 38000000.0,
        "Net Income Including Noncontrolling Interests": 38000000.0,
        "Net Income Continuous Operations": 38000000.0,
        "Tax Provision": 30000000.0,
        "Pretax Income": 68000000.0,
        "Other Income Expense": 10000000.0,
        "Other Non Operating Income Expenses": 4000000.0,
        "Special Income Charges": -10000000.0,
        "Other Special Charges": 3000000.0,
        "Write Off": 7000000.0,
        "Restructuring And Mergern Acquisition": NaN,
        "Gain On Sale Of Security": 16000000.0,
        "Net Non Operating Interest Income Expense": -27000000.0,
        "Interest Expense Non Operating": 27000000.0,
        "Operating Income": 85000000.0,
        "Operating Expense": 1913000000.0,
        "Selling General And Administration": 1913000000.0,
        "General And Administrative Expense": 1913000000.0,
        "Other Gand A": 1913000000.0,
        "Salaries And Wages": NaN,
        "Gross Profit": 1998000000.0,
        "Cost Of Revenue": 2795000000.0,
        "Total Revenue": 4793000000.0,
        "Operating Revenue": 4599000000.0
    },
    "2025-07-31": {
        "Tax Effect Of Unusual Items": NaN,
        "Tax Rate For Calcs": NaN,
        "Normalized EBITDA": NaN,
        "Total Unusual Items": NaN,
        "Total Unusual Items Excluding Goodwill": NaN,
        "Net Income From Continuing Operation Net Minority Interest": NaN,
        "Reconciled Depreciation": NaN,
        "Reconciled Cost Of Revenue": NaN,
        "EBITDA": NaN,
        "EBIT": NaN,
        "Net Interest Income": NaN,
        "Interest Expense": NaN,
        "Normalized Income": NaN,
        "Net Income From Continuing And Discontinued Operation": NaN,
        "Total Expenses": NaN,
        "Total Operating Income As Reported": NaN,
        "Diluted Average Shares": 275900000.0,
        "Basic Average Shares": 271800000.0,
        "Diluted EPS": 0.31,
        "Basic EPS": 0.32,
        "Diluted NI Availto Com Stockholders": NaN,
        "Net Income Common Stockholders": NaN,
        "Net Income": NaN,
        "Net Income Including Noncontrolling Interests": NaN,
        "Net Income Continuous Operations": NaN,
        "Tax Provision": NaN,
        "Pretax Income": NaN,
        "Other Income Expense": NaN,
        "Other Non Operating Income Expenses": NaN,
        "Special Income Charges": NaN,
        "Other Special Charges": NaN,
        "Write Off": NaN,
        "Restructuring And Mergern Acquisition": NaN,
        "Gain On Sale Of Security": NaN,
        "Net Non Operating Interest Income Expense": NaN,
        "Interest Expense Non Operating": NaN,
        "Operating Income": NaN,
        "Operating Expense": NaN,
        "Selling General And Administration": NaN,
        "General And Administrative Expense": NaN,
        "Other Gand A": NaN,
        "Salaries And Wages": NaN,
        "Gross Profit": NaN,
        "Cost Of Revenue": NaN,
        "Total Revenue": NaN,
        "Operating Revenue": NaN
    }
}