{
    "2023-06-30": {
        "Tax Effect Of Unusual Items": NaN,
        "Tax Rate For Calcs": NaN,
        "Normalized EBITDA": NaN,
        "Total Unusual Items": NaN,
        "Total Unusual Items Excluding Goodwill": NaN,
        "Net Income From Continuing Operation Net Minority Interest": NaN,
        "Reconciled Depreciation": NaN,
        "Reconciled Cost Of Revenue": NaN,
        "EBITDA": NaN,
        "EBIT": NaN,
        "Net Interest Income": NaN,
        "Interest Expense": NaN,
        "Normalized Income": NaN,
        "Net Income From Continuing And Discontinued Operation": NaN,
        "Total Expenses": NaN,
        "Total Operating Income As Reported": NaN,
        "Diluted Average Shares": NaN,
        "Basic Average Shares": NaN,
        "Diluted EPS": NaN,
        "Basic EPS": NaN,
        "Diluted NI Availto Com Stockholders": NaN,
        "Net Income Common Stockholders": NaN,
        "Net Income": NaN,
        "Net Income Including Noncontrolling Interests": NaN,
        "Net Income Continuous Operations": NaN,
        "Tax Provision": NaN,
        "Pretax Income": NaN,
        "Other Income Expense": NaN,
        "Other Non Operating Income Expenses": NaN,
        "Special Income Charges": NaN,
        "Other Special Charges": 20000000.0,
        "Gain On Sale Of Security": NaN,
        "Net Non Operating Interest Income Expense": NaN,
        "Interest Expense Non Operating": NaN,
        "Operating Income": NaN,
        "Operating Expense": NaN,
        "Depreciation Amortization Depletion Income Statement": NaN,
        "Depreciation And Amortization In Income Statement": NaN,
        "Selling General And Administration": NaN,
        "Selling And Marketing Expense": NaN,
        "General And Administrative Expense": NaN,
        "Other Gand A": NaN,
        "Gross Profit": NaN,
        "Cost Of Revenue": NaN,
        "Total Revenue": NaN,
        "Operating Revenue": NaN
    },
    "2023-03-31": {
        "Tax Effect Of Unusual Items": NaN,
        "Tax Rate For Calcs": NaN,
        "Normalized EBITDA": NaN,
        "Total Unusual Items": NaN,
        "Total Unusual Items Excluding Goodwill": NaN,
        "Net Income From Continuing Operation Net Minority Interest": NaN,
        "Reconciled Depreciation": NaN,
        "Reconciled Cost Of Revenue": NaN,
        "EBITDA": NaN,
        "EBIT": NaN,
        "Net Interest Income": NaN,
        "Interest Expense": NaN,
        "Normalized Income": NaN,
        "Net Income From Continuing And Discontinued Operation": NaN,
        "Total Expenses": NaN,
        "Total Operating Income As Reported": NaN,
        "Diluted Average Shares": 956000000.0,
        "Basic Average Shares": 953000000.0,
        "Diluted EPS": 2.47,
        "Basic EPS": 2.48,
        "Diluted NI Availto Com Stockholders": NaN,
        "Net Income Common Stockholders": NaN,
        "Net Income": NaN,
        "Net Income Including Noncontrolling Interests": NaN,
        "Net Income Continuous Operations": NaN,
        "Tax Provision": NaN,
        "Pretax Income": NaN,
        "Other Income Expense": NaN,
        "Other Non Operating Income Expenses": NaN,
        "Special Income Charges": NaN,
        "Other Special Charges": 211000000.0,
        "Gain On Sale Of Security": NaN,
        "Net Non Operating Interest Income Expense": NaN,
        "Interest Expense Non Operating": NaN,
        "Operating Income": NaN,
        "Operating Expense": NaN,
        "Depreciation Amortization Depletion Income Statement": NaN,
        "Depreciation And Amortization In Income Statement": NaN,
        "Selling General And Administration": NaN,
        "Selling And Marketing Expense": NaN,
        "General And Administrative Expense": NaN,
        "Other Gand A": NaN,
        "Gross Profit": NaN,
        "Cost Of Revenue": NaN,
        "Total Revenue": NaN,
        "Operating Revenue": NaN
    },
    "2022-12-31": {
        "Tax Effect Of Unusual Items": NaN,
        "Tax Rate For Calcs": NaN,
        "Normalized EBITDA": NaN,
        "Total Unusual Items": NaN,
        "Total Unusual Items Excluding Goodwill": NaN,
        "Net Income From Continuing Operation Net Minority Interest": NaN,
        "Reconciled Depreciation": NaN,
        "Reconciled Cost Of Revenue": NaN,
        "EBITDA": NaN,
        "EBIT": NaN,
        "Net Interest Income": NaN,
        "Interest Expense": NaN,
        "Normalized Income": NaN,
        "Net Income From Continuing And Discontinued Operation": NaN,
        "Total Expenses": NaN,
        "Total Operating Income As Reported": NaN,
        "Diluted Average Shares": NaN,
        "Basic Average Shares": NaN,
        "Diluted EPS": NaN,
        "Basic EPS": NaN,
        "Diluted NI Availto Com Stockholders": NaN,
        "Net Income Common Stockholders": NaN,
        "Net Income": NaN,
        "Net Income Including Noncontrolling Interests": NaN,
        "Net Income Continuous Operations": NaN,
        "Tax Provision": NaN,
        "Pretax Income": NaN,
        "Other Income Expense": NaN,
        "Other Non Operating Income Expenses": NaN,
        "Special Income Charges": NaN,
        "Other Special Charges": 15000000.0,
        "Gain On Sale Of Security": NaN,
        "Net Non Operating Interest Income Expense": NaN,
        "Interest Expense Non Operating": NaN,
        "Operating Income": NaN,
        "Operating Expense": NaN,
        "Depreciation Amortization Depletion Income Statement": NaN,
        "Depreciation And Amortization In Income Statement": NaN,
        "Selling General And Administration": NaN,
        "Selling And Marketing Expense": NaN,
        "General And Administrative Expense": NaN,
        "Other Gand A": NaN,
        "Gross Profit": NaN,
        "Cost Of Revenue": NaN,
        "Total Revenue": NaN,
        "Operating Revenue": NaN
    },
    "2022-09-30": {
        "Tax Effect Of Unusual Items": -31620000.0,
        "Tax Rate For Calcs": 0.186,
        "Normalized EBITDA": 3547000000.0,
        "Total Unusual Items": -170000000.0,
        "Total Unusual Items Excluding Goodwill": -170000000.0,
        "Net Income From Continuing Operation Net Minority Interest": 2499000000.0,
        "Reconciled Depreciation": 185000000.0,
        "Reconciled Cost Of Revenue": 1382000000.0,
        "EBITDA": 3377000000.0,
        "EBIT": 3192000000.0,
        "Net Interest Income": -120000000.0,
        "Interest Expense": 120000000.0,
        "Normalized Income": 2637380000.0,
        "Net Income From Continuing And Discontinued Operation": 2499000000.0,
        "Total Expenses": 2398000000.0,
        "Total Operating Income As Reported": 3112000000.0,
        "Diluted Average Shares": 968000000.0,
        "Basic Average Shares": 965000000.0,
        "Diluted EPS": 2.58,
        "Basic EPS": 2.59,
        "Diluted NI Availto Com Stockholders": 2499000000.0,
        "Net Income Common Stockholders": 2499000000.0,
        "Net Income": 2499000000.0,
        "Net Income Including Noncontrolling Interests": 2499000000.0,
        "Net Income Continuous Operations": 2499000000.0,
        "Tax Provision": 573000000.0,
        "Pretax Income": 3072000000.0,
        "Other Income Expense": -166000000.0,
        "Other Non Operating Income Expenses": 4000000.0,
        "Special Income Charges": -208000000.0,
        "Other Special Charges": 208000000.0,
        "Gain On Sale Of Security": 38000000.0,
        "Net Non Operating Interest Income Expense": -120000000.0,
        "Interest Expense Non Operating": 120000000.0,
        "Operating Income": 3358000000.0,
        "Operating Expense": 1016000000.0,
        "Depreciation Amortization Depletion Income Statement": 185000000.0,
        "Depreciation And Amortization In Income Statement": 185000000.0,
        "Selling General And Administration": 831000000.0,
        "Selling And Marketing Expense": 182000000.0,
        "General And Administrative Expense": 649000000.0,
        "Other Gand A": 649000000.0,
        "Gross Profit": 4374000000.0,
        "Cost Of Revenue": 1382000000.0,
        "Total Revenue": 5756000000.0,
        "Operating Revenue": 7343000000.0
    },
    "2022-06-30": {
        "Tax Effect Of Unusual Items": -51986000.0,
        "Tax Rate For Calcs": 0.187,
        "Normalized EBITDA": 3379000000.0,
        "Total Unusual Items": -278000000.0,
        "Total Unusual Items Excluding Goodwill": -278000000.0,
        "Net Income From Continuing Operation Net Minority Interest": 2275000000.0,
        "Reconciled Depreciation": 189000000.0,
        "Reconciled Cost Of Revenue": 1319000000.0,
        "EBITDA": 3101000000.0,
        "EBIT": 2912000000.0,
        "Net Interest Income": -114000000.0,
        "Interest Expense": 114000000.0,
        "Normalized Income": 2501014000.0,
        "Net Income From Continuing And Discontinued Operation": 2275000000.0,
        "Total Expenses": 2311000000.0,
        "Total Operating Income As Reported": 3018000000.0,
        "Diluted Average Shares": 974000000.0,
        "Basic Average Shares": 971000000.0,
        "Diluted EPS": 2.34,
        "Basic EPS": 2.34,
        "Diluted NI Availto Com Stockholders": 2275000000.0,
        "Net Income Common Stockholders": 2275000000.0,
        "Net Income": 2275000000.0,
        "Net Income Including Noncontrolling Interests": 2275000000.0,
        "Net Income Continuous Operations": 2275000000.0,
        "Tax Provision": 523000000.0,
        "Pretax Income": 2798000000.0,
        "Other Income Expense": -274000000.0,
        "Other Non Operating Income Expenses": 4000000.0,
        "Special Income Charges": -133000000.0,
        "Other Special Charges": 133000000.0,
        "Gain On Sale Of Security": -145000000.0,
        "Net Non Operating Interest Income Expense": -114000000.0,
        "Interest Expense Non Operating": 114000000.0,
        "Operating Income": 3186000000.0,
        "Operating Expense": 992000000.0,
        "Depreciation Amortization Depletion Income Statement": 189000000.0,
        "Depreciation And Amortization In Income Statement": 189000000.0,
        "Selling General And Administration": 803000000.0,
        "Selling And Marketing Expense": 210000000.0,
        "General And Administrative Expense": 593000000.0,
        "Other Gand A": 593000000.0,
        "Gross Profit": 4178000000.0,
        "Cost Of Revenue": 1319000000.0,
        "Total Revenue": 5497000000.0,
        "Operating Revenue": 6959000000.0
    },
    "2023-09-30": {
        "Tax Effect Of Unusual Items": NaN,
        "Tax Rate For Calcs": NaN,
        "Normalized EBITDA": NaN,
        "Total Unusual Items": NaN,
        "Total Unusual Items Excluding Goodwill": NaN,
        "Net Income From Continuing Operation Net Minority Interest": NaN,
        "Reconciled Depreciation": NaN,
        "Reconciled Cost Of Revenue": NaN,
        "EBITDA": NaN,
        "EBIT": NaN,
        "Net Interest Income": NaN,
        "Interest Expense": NaN,
        "Normalized Income": NaN,
        "Net Income From Continuing And Discontinued Operation": NaN,
        "Total Expenses": NaN,
        "Total Operating Income As Reported": NaN,
        "Diluted Average Shares": 943000000.0,
        "Basic Average Shares": 941000000.0,
        "Diluted EPS": 3.39,
        "Basic EPS": 3.4,
        "Diluted NI Availto Com Stockholders": NaN,
        "Net Income Common Stockholders": NaN,
        "Net Income": NaN,
        "Net Income Including Noncontrolling Interests": NaN,
        "Net Income Continuous Operations": NaN,
        "Tax Provision": NaN,
        "Pretax Income": NaN,
        "Other Income Expense": NaN,
        "Other Non Operating Income Expenses": NaN,
        "Special Income Charges": NaN,
        "Other Special Charges": NaN,
        "Gain On Sale Of Security": NaN,
        "Net Non Operating Interest Income Expense": NaN,
        "Interest Expense Non Operating": NaN,
        "Operating Income": NaN,
        "Operating Expense": NaN,
        "Depreciation Amortization Depletion Income Statement": NaN,
        "Depreciation And Amortization In Income Statement": NaN,
        "Selling General And Administration": NaN,
        "Selling And Marketing Expense": NaN,
        "General And Administrative Expense": NaN,
        "Other Gand A": NaN,
        "Gross Profit": NaN,
        "Cost Of Revenue": NaN,
        "Total Revenue": NaN,
        "Operating Revenue": NaN
    },
    "2023-12-31": {
        "Tax Effect Of Unusual Items": -32396868.413129,
        "Tax Rate For Calcs": 0.15959,
        "Normalized EBITDA": 3877000000.0,
        "Total Unusual Items": -203000000.0,
        "Total Unusual Items Excluding Goodwill": -203000000.0,
        "Net Income From Continuing Operation Net Minority Interest": 2791000000.0,
        "Reconciled Depreciation": 205000000.0,
        "Reconciled Cost Of Revenue": 1528000000.0,
        "EBITDA": 3674000000.0,
        "EBIT": 3469000000.0,
        "Net Interest Income": -148000000.0,
        "Interest Expense": 148000000.0,
        "Normalized Income": 2961603131.586871,
        "Net Income From Continuing And Discontinued Operation": 2791000000.0,
        "Total Expenses": 2850000000.0,
        "Total Operating Income As Reported": 3372000000.0,
        "Diluted Average Shares": 939000000.0,
        "Basic Average Shares": 936000000.0,
        "Diluted EPS": 2.97,
        "Basic EPS": 2.98,
        "Diluted NI Availto Com Stockholders": 2791000000.0,
        "Net Income Common Stockholders": 2791000000.0,
        "Net Income": 2791000000.0,
        "Net Income Including Noncontrolling Interests": 2791000000.0,
        "Net Income Continuous Operations": 2791000000.0,
        "Tax Provision": 530000000.0,
        "Pretax Income": 3321000000.0,
        "Other Income Expense": -229000000.0,
        "Other Non Operating Income Expenses": -26000000.0,
        "Special Income Charges": -308000000.0,
        "Other Special Charges": 308000000.0,
        "Gain On Sale Of Security": 105000000.0,
        "Net Non Operating Interest Income Expense": -148000000.0,
        "Interest Expense Non Operating": 148000000.0,
        "Operating Income": 3698000000.0,
        "Operating Expense": 1322000000.0,
        "Depreciation Amortization Depletion Income Statement": 205000000.0,
        "Depreciation And Amortization In Income Statement": 205000000.0,
        "Selling General And Administration": 1117000000.0,
        "Selling And Marketing Expense": 264000000.0,
        "General And Administrative Expense": 853000000.0,
        "Other Gand A": 853000000.0,
        "Gross Profit": 5020000000.0,
        "Cost Of Revenue": 1528000000.0,
        "Total Revenue": 6548000000.0,
        "Operating Revenue": 6548000000.0
    },
    "2024-03-31": {
        "Tax Effect Of Unusual Items": NaN,
        "Tax Rate For Calcs": NaN,
        "Normalized EBITDA": NaN,
        "Total Unusual Items": NaN,
        "Total Unusual Items Excluding Goodwill": NaN,
        "Net Income From Continuing Operation Net Minority Interest": NaN,
        "Reconciled Depreciation": NaN,
        "Reconciled Cost Of Revenue": NaN,
        "EBITDA": NaN,
        "EBIT": NaN,
        "Net Interest Income": NaN,
        "Interest Expense": NaN,
        "Normalized Income": NaN,
        "Net Income From Continuing And Discontinued Operation": NaN,
        "Total Expenses": NaN,
        "Total Operating Income As Reported": NaN,
        "Diluted Average Shares": 935000000.0,
        "Basic Average Shares": 933000000.0,
        "Diluted EPS": 3.22,
        "Basic EPS": 3.23,
        "Diluted NI Availto Com Stockholders": NaN,
        "Net Income Common Stockholders": NaN,
        "Net Income": NaN,
        "Net Income Including Noncontrolling Interests": NaN,
        "Net Income Continuous Operations": NaN,
        "Tax Provision": NaN,
        "Pretax Income": NaN,
        "Other Income Expense": NaN,
        "Other Non Operating Income Expenses": NaN,
        "Special Income Charges": NaN,
        "Other Special Charges": NaN,
        "Gain On Sale Of Security": NaN,
        "Net Non Operating Interest Income Expense": NaN,
        "Interest Expense Non Operating": NaN,
        "Operating Income": NaN,
        "Operating Expense": NaN,
        "Depreciation Amortization Depletion Income Statement": NaN,
        "Depreciation And Amortization In Income Statement": NaN,
        "Selling General And Administration": NaN,
        "Selling And Marketing Expense": NaN,
        "General And Administrative Expense": NaN,
        "Other Gand A": NaN,
        "Gross Profit": NaN,
        "Cost Of Revenue": NaN,
        "Total Revenue": NaN,
        "Operating Revenue": NaN
    },
    "2024-06-30": {
        "Tax Effect Of Unusual Items": -9688000.0,
        "Tax Rate For Calcs": 0.173,
        "Normalized EBITDA": 4373000000.0,
        "Total Unusual Items": -56000000.0,
        "Total Unusual Items Excluding Goodwill": -56000000.0,
        "Net Income From Continuing Operation Net Minority Interest": 3258000000.0,
        "Reconciled Depreciation": 225000000.0,
        "Reconciled Cost Of Revenue": 1607000000.0,
        "EBITDA": 4317000000.0,
        "EBIT": 4092000000.0,
        "Net Interest Income": -153000000.0,
        "Interest Expense": 153000000.0,
        "Normalized Income": 3304312000.0,
        "Net Income From Continuing And Discontinued Operation": 3258000000.0,
        "Total Expenses": 2822000000.0,
        "Total Operating Income As Reported": 4036000000.0,
        "Diluted Average Shares": 930000000.0,
        "Basic Average Shares": 929000000.0,
        "Diluted EPS": 3.5,
        "Basic EPS": 3.51,
        "Diluted NI Availto Com Stockholders": 3258000000.0,
        "Net Income Common Stockholders": 3258000000.0,
        "Net Income": 3258000000.0,
        "Net Income Including Noncontrolling Interests": 3258000000.0,
        "Net Income Continuous Operations": 3258000000.0,
        "Tax Provision": 681000000.0,
        "Pretax Income": 3939000000.0,
        "Other Income Expense": -47000000.0,
        "Other Non Operating Income Expenses": 9000000.0,
        "Special Income Charges": -98000000.0,
        "Other Special Charges": 98000000.0,
        "Gain On Sale Of Security": 42000000.0,
        "Net Non Operating Interest Income Expense": -153000000.0,
        "Interest Expense Non Operating": 153000000.0,
        "Operating Income": 4139000000.0,
        "Operating Expense": 1215000000.0,
        "Depreciation Amortization Depletion Income Statement": 225000000.0,
        "Depreciation And Amortization In Income Statement": 225000000.0,
        "Selling General And Administration": 990000000.0,
        "Selling And Marketing Expense": 184000000.0,
        "General And Administrative Expense": 806000000.0,
        "Other Gand A": 806000000.0,
        "Gross Profit": 5354000000.0,
        "Cost Of Revenue": 1607000000.0,
        "Total Revenue": 6961000000.0,
        "Operating Revenue": 6961000000.0
    },
    "2024-09-30": {
        "Tax Effect Of Unusual Items": -27768000.0,
        "Tax Rate For Calcs": 0.156,
        "Normalized EBITDA": 4428000000.0,
        "Total Unusual Items": -178000000.0,
        "Total Unusual Items Excluding Goodwill": -178000000.0,
        "Net Income From Continuing Operation Net Minority Interest": 3263000000.0,
        "Reconciled Depreciation": 225000000.0,
        "Reconciled Cost Of Revenue": 1899000000.0,
        "EBITDA": 4250000000.0,
        "EBIT": 4025000000.0,
        "Net Interest Income": -159000000.0,
        "Interest Expense": 159000000.0,
        "Normalized Income": 3413232000.0,
        "Net Income From Continuing And Discontinued Operation": 3263000000.0,
        "Total Expenses": 3173000000.0,
        "Total Operating Income As Reported": 4004000000.0,
        "Diluted Average Shares": 925000000.0,
        "Basic Average Shares": 923000000.0,
        "Diluted EPS": 3.53,
        "Basic EPS": 3.54,
        "Diluted NI Availto Com Stockholders": 3263000000.0,
        "Net Income Common Stockholders": 3263000000.0,
        "Net Income": 3263000000.0,
        "Net Income Including Noncontrolling Interests": 3263000000.0,
        "Net Income Continuous Operations": 3263000000.0,
        "Tax Provision": 603000000.0,
        "Pretax Income": 3866000000.0,
        "Other Income Expense": -171000000.0,
        "Other Non Operating Income Expenses": 7000000.0,
        "Special Income Charges": -176000000.0,
        "Other Special Charges": 176000000.0,
        "Gain On Sale Of Security": -2000000.0,
        "Net Non Operating Interest Income Expense": -159000000.0,
        "Interest Expense Non Operating": 159000000.0,
        "Operating Income": 4196000000.0,
        "Operating Expense": 1274000000.0,
        "Depreciation Amortization Depletion Income Statement": 225000000.0,
        "Depreciation And Amortization In Income Statement": 225000000.0,
        "Selling General And Administration": 1049000000.0,
        "Selling And Marketing Expense": 220000000.0,
        "General And Administrative Expense": 829000000.0,
        "Other Gand A": 829000000.0,
        "Gross Profit": 5470000000.0,
        "Cost Of Revenue": 1899000000.0,
        "Total Revenue": 7369000000.0,
        "Operating Revenue": 7369000000.0
    },
    "2024-12-31": {
        "Tax Effect Of Unusual Items": -22575173.477255,
        "Tax Rate For Calcs": 0.141095,
        "Normalized EBITDA": 4466000000.0,
        "Total Unusual Items": -160000000.0,
        "Total Unusual Items Excluding Goodwill": -160000000.0,
        "Net Income From Continuing Operation Net Minority Interest": 3342000000.0,
        "Reconciled Depreciation": 231000000.0,
        "Reconciled Cost Of Revenue": 1653000000.0,
        "EBITDA": 4306000000.0,
        "EBIT": 4075000000.0,
        "Net Interest Income": -184000000.0,
        "Interest Expense": 184000000.0,
        "Normalized Income": 3479424826.522745,
        "Net Income From Continuing And Discontinued Operation": 3342000000.0,
        "Total Expenses": 3255000000.0,
        "Total Operating Income As Reported": 3938000000.0,
        "Diluted Average Shares": 919000000.0,
        "Basic Average Shares": 917000000.0,
        "Diluted EPS": 3.64,
        "Basic EPS": 3.64,
        "Diluted NI Availto Com Stockholders": 3342000000.0,
        "Net Income Common Stockholders": 3342000000.0,
        "Net Income": 3342000000.0,
        "Net Income Including Noncontrolling Interests": 3342000000.0,
        "Net Income Continuous Operations": 3342000000.0,
        "Tax Provision": 549000000.0,
        "Pretax Income": 3891000000.0,
        "Other Income Expense": -159000000.0,
        "Other Non Operating Income Expenses": 1000000.0,
        "Special Income Charges": -280000000.0,
        "Other Special Charges": 280000000.0,
        "Gain On Sale Of Security": 120000000.0,
        "Net Non Operating Interest Income Expense": -184000000.0,
        "Interest Expense Non Operating": 184000000.0,
        "Operating Income": 4234000000.0,
        "Operating Expense": 1602000000.0,
        "Depreciation Amortization Depletion Income Statement": 231000000.0,
        "Depreciation And Amortization In Income Statement": 231000000.0,
        "Selling General And Administration": 1371000000.0,
        "Selling And Marketing Expense": 295000000.0,
        "General And Administrative Expense": 1076000000.0,
        "Other Gand A": 1076000000.0,
        "Gross Profit": 5836000000.0,
        "Cost Of Revenue": 1653000000.0,
        "Total Revenue": 7489000000.0,
        "Operating Revenue": 7489000000.0
    },
    "2025-03-31": {
        "Tax Effect Of Unusual Items": -17298000.0,
        "Tax Rate For Calcs": 0.186,
        "Normalized EBITDA": 4581000000.0,
        "Total Unusual Items": -93000000.0,
        "Total Unusual Items Excluding Goodwill": -93000000.0,
        "Net Income From Continuing Operation Net Minority Interest": 3280000000.0,
        "Reconciled Depreciation": 275000000.0,
        "Reconciled Cost Of Revenue": 1688000000.0,
        "EBITDA": 4488000000.0,
        "EBIT": 4213000000.0,
        "Net Interest Income": -182000000.0,
        "Interest Expense": 182000000.0,
        "Normalized Income": 3355702000.0,
        "Net Income From Continuing And Discontinued Operation": 3280000000.0,
        "Total Expenses": 2949000000.0,
        "Total Operating Income As Reported": 4149000000.0,
        "Diluted Average Shares": 914000000.0,
        "Basic Average Shares": 912000000.0,
        "Diluted EPS": 3.59,
        "Basic EPS": 3.6,
        "Diluted NI Availto Com Stockholders": 3280000000.0,
        "Net Income Common Stockholders": 3280000000.0,
        "Net Income": 3280000000.0,
        "Net Income Including Noncontrolling Interests": 3280000000.0,
        "Net Income Continuous Operations": 3280000000.0,
        "Tax Provision": 751000000.0,
        "Pretax Income": 4031000000.0,
        "Other Income Expense": -88000000.0,
        "Other Non Operating Income Expenses": 5000000.0,
        "Special Income Charges": -151000000.0,
        "Other Special Charges": 151000000.0,
        "Gain On Sale Of Security": 58000000.0,
        "Net Non Operating Interest Income Expense": -182000000.0,
        "Interest Expense Non Operating": 182000000.0,
        "Operating Income": 4301000000.0,
        "Operating Expense": 1261000000.0,
        "Depreciation Amortization Depletion Income Statement": 275000000.0,
        "Depreciation And Amortization In Income Statement": 275000000.0,
        "Selling General And Administration": 986000000.0,
        "Selling And Marketing Expense": 152000000.0,
        "General And Administrative Expense": 834000000.0,
        "Other Gand A": 834000000.0,
        "Gross Profit": 5562000000.0,
        "Cost Of Revenue": 1688000000.0,
        "Total Revenue": 7250000000.0,
        "Operating Revenue": 7250000000.0
    },
    "2025-06-30": {
        "Tax Effect Of Unusual Items": -13093535.958904,
        "Tax Rate For Calcs": 0.207834,
        "Normalized EBITDA": 5211000000.0,
        "Total Unusual Items": -63000000.0,
        "Total Unusual Items Excluding Goodwill": -63000000.0,
        "Net Income From Continuing Operation Net Minority Interest": 3701000000.0,
        "Reconciled Depreciation": 281000000.0,
        "Reconciled Cost Of Revenue": 1852000000.0,
        "EBITDA": 5148000000.0,
        "EBIT": 4867000000.0,
        "Net Interest Income": -195000000.0,
        "Interest Expense": 195000000.0,
        "Normalized Income": 3750906464.041096,
        "Net Income From Continuing And Discontinued Operation": 3701000000.0,
        "Total Expenses": 3219000000.0,
        "Total Operating Income As Reported": 4777000000.0,
        "Diluted Average Shares": NaN,
        "Basic Average Shares": NaN,
        "Diluted EPS": NaN,
        "Basic EPS": NaN,
        "Diluted NI Availto Com Stockholders": 3701000000.0,
        "Net Income Common Stockholders": 3701000000.0,
        "Net Income": 3701000000.0,
        "Net Income Including Noncontrolling Interests": 3701000000.0,
        "Net Income Continuous Operations": 3701000000.0,
        "Tax Provision": 971000000.0,
        "Pretax Income": 4672000000.0,
        "Other Income Expense": -47000000.0,
        "Other Non Operating Income Expenses": 16000000.0,
        "Special Income Charges": -96000000.0,
        "Other Special Charges": 96000000.0,
        "Gain On Sale Of Security": 33000000.0,
        "Net Non Operating Interest Income Expense": -195000000.0,
        "Interest Expense Non Operating": 195000000.0,
        "Operating Income": 4914000000.0,
        "Operating Expense": 1367000000.0,
        "Depreciation Amortization Depletion Income Statement": 281000000.0,
        "Depreciation And Amortization In Income Statement": 281000000.0,
        "Selling General And Administration": 1086000000.0,
        "Selling And Marketing Expense": 213000000.0,
        "General And Administrative Expense": 873000000.0,
        "Other Gand A": 873000000.0,
        "Gross Profit": 6281000000.0,
        "Cost Of Revenue": 1852000000.0,
        "Total Revenue": 8133000000.0,
        "Operating Revenue": 8133000000.0
    }
}