{
    "2024-09-30": {
        "Tax Effect Of Unusual Items": 210.0,
        "Tax Rate For Calcs": 0.21,
        "Normalized EBITDA": 15720000.0,
        "Total Unusual Items": 1000.0,
        "Total Unusual Items Excluding Goodwill": 1000.0,
        "Net Income From Continuing Operation Net Minority Interest": -20002000.0,
        "Reconciled Depreciation": 15829000.0,
        "Reconciled Cost Of Revenue": 296620000.0,
        "EBITDA": 15721000.0,
        "EBIT": -108000.0,
        "Net Interest Income": -18167000.0,
        "Interest Expense": 18404000.0,
        "Interest Income": 237000.0,
        "Normalized Income": -20002790.0,
        "Net Income From Continuing And Discontinued Operation": -15247000.0,
        "Total Expenses": 329131000.0,
        "Total Operating Income As Reported": 2971000.0,
        "Diluted Average Shares": 3495538.0,
        "Basic Average Shares": 3495538.0,
        "Diluted EPS": -4.29,
        "Basic EPS": -4.29,
        "Diluted NI Availto Com Stockholders": -15247000.0,
        "Net Income Common Stockholders": -15247000.0,
        "Net Income": -15247000.0,
        "Net Income Including Noncontrolling Interests": -15247000.0,
        "Net Income Discontinuous Operations": 4755000.0,
        "Net Income Continuous Operations": -20002000.0,
        "Tax Provision": 1490000.0,
        "Pretax Income": -18512000.0,
        "Other Income Expense": -3315000.0,
        "Other Non Operating Income Expenses": -3316000.0,
        "Special Income Charges": 1000.0,
        "Gain On Sale Of Ppe": 1000.0,
        "Gain On Sale Of Business": 0.0,
        "Restructuring And Mergern Acquisition": NaN,
        "Net Non Operating Interest Income Expense": -18167000.0,
        "Interest Expense Non Operating": 18404000.0,
        "Interest Income Non Operating": 237000.0,
        "Operating Income": 2970000.0,
        "Operating Expense": 32511000.0,
        "Other Operating Expenses": NaN,
        "Depreciation Amortization Depletion Income Statement": NaN,
        "Depreciation And Amortization In Income Statement": NaN,
        "Amortization": NaN,
        "Amortization Of Intangibles Income Statement": NaN,
        "Selling General And Administration": 32511000.0,
        "Gross Profit": 35481000.0,
        "Cost Of Revenue": 296620000.0,
        "Total Revenue": 332101000.0,
        "Operating Revenue": 332101000.0
    },
    "2024-06-30": {
        "Tax Effect Of Unusual Items": -15330.0,
        "Tax Rate For Calcs": 0.21,
        "Normalized EBITDA": 20673000.0,
        "Total Unusual Items": -73000.0,
        "Total Unusual Items Excluding Goodwill": -73000.0,
        "Net Income From Continuing Operation Net Minority Interest": -15795000.0,
        "Reconciled Depreciation": 15542000.0,
        "Reconciled Cost Of Revenue": 292656000.0,
        "EBITDA": 20600000.0,
        "EBIT": 5058000.0,
        "Net Interest Income": -17627000.0,
        "Interest Expense": 17900000.0,
        "Interest Income": 273000.0,
        "Normalized Income": -15737330.0,
        "Net Income From Continuing And Discontinued Operation": -16279000.0,
        "Total Expenses": 322076000.0,
        "Total Operating Income As Reported": 7294000.0,
        "Diluted Average Shares": NaN,
        "Basic Average Shares": NaN,
        "Diluted EPS": NaN,
        "Basic EPS": NaN,
        "Diluted NI Availto Com Stockholders": -16279000.0,
        "Net Income Common Stockholders": -16279000.0,
        "Net Income": -16279000.0,
        "Net Income Including Noncontrolling Interests": -16279000.0,
        "Net Income Discontinuous Operations": -484000.0,
        "Net Income Continuous Operations": -15795000.0,
        "Tax Provision": 2953000.0,
        "Pretax Income": -12842000.0,
        "Other Income Expense": -2582000.0,
        "Other Non Operating Income Expenses": -2509000.0,
        "Special Income Charges": -73000.0,
        "Gain On Sale Of Ppe": -73000.0,
        "Gain On Sale Of Business": NaN,
        "Restructuring And Mergern Acquisition": NaN,
        "Net Non Operating Interest Income Expense": -17627000.0,
        "Interest Expense Non Operating": 17900000.0,
        "Interest Income Non Operating": 273000.0,
        "Operating Income": 7367000.0,
        "Operating Expense": 29420000.0,
        "Other Operating Expenses": NaN,
        "Depreciation Amortization Depletion Income Statement": NaN,
        "Depreciation And Amortization In Income Statement": NaN,
        "Amortization": NaN,
        "Amortization Of Intangibles Income Statement": NaN,
        "Selling General And Administration": 29420000.0,
        "Gross Profit": 36787000.0,
        "Cost Of Revenue": 292656000.0,
        "Total Revenue": 329443000.0,
        "Operating Revenue": 329443000.0
    },
    "2024-03-31": {
        "Tax Effect Of Unusual Items": NaN,
        "Tax Rate For Calcs": NaN,
        "Normalized EBITDA": NaN,
        "Total Unusual Items": NaN,
        "Total Unusual Items Excluding Goodwill": NaN,
        "Net Income From Continuing Operation Net Minority Interest": NaN,
        "Reconciled Depreciation": NaN,
        "Reconciled Cost Of Revenue": NaN,
        "EBITDA": NaN,
        "EBIT": NaN,
        "Net Interest Income": NaN,
        "Interest Expense": NaN,
        "Interest Income": 261000.0,
        "Normalized Income": NaN,
        "Net Income From Continuing And Discontinued Operation": NaN,
        "Total Expenses": NaN,
        "Total Operating Income As Reported": NaN,
        "Diluted Average Shares": NaN,
        "Basic Average Shares": NaN,
        "Diluted EPS": NaN,
        "Basic EPS": NaN,
        "Diluted NI Availto Com Stockholders": NaN,
        "Net Income Common Stockholders": NaN,
        "Net Income": NaN,
        "Net Income Including Noncontrolling Interests": NaN,
        "Net Income Discontinuous Operations": -197000.0,
        "Net Income Continuous Operations": NaN,
        "Tax Provision": NaN,
        "Pretax Income": NaN,
        "Other Income Expense": NaN,
        "Other Non Operating Income Expenses": -2027000.0,
        "Special Income Charges": NaN,
        "Gain On Sale Of Ppe": 2000.0,
        "Gain On Sale Of Business": NaN,
        "Restructuring And Mergern Acquisition": NaN,
        "Net Non Operating Interest Income Expense": NaN,
        "Interest Expense Non Operating": NaN,
        "Interest Income Non Operating": 261000.0,
        "Operating Income": NaN,
        "Operating Expense": NaN,
        "Other Operating Expenses": NaN,
        "Depreciation Amortization Depletion Income Statement": NaN,
        "Depreciation And Amortization In Income Statement": NaN,
        "Amortization": NaN,
        "Amortization Of Intangibles Income Statement": NaN,
        "Selling General And Administration": NaN,
        "Gross Profit": NaN,
        "Cost Of Revenue": NaN,
        "Total Revenue": NaN,
        "Operating Revenue": NaN
    },
    "2023-12-31": {
        "Tax Effect Of Unusual Items": NaN,
        "Tax Rate For Calcs": NaN,
        "Normalized EBITDA": NaN,
        "Total Unusual Items": NaN,
        "Total Unusual Items Excluding Goodwill": NaN,
        "Net Income From Continuing Operation Net Minority Interest": NaN,
        "Reconciled Depreciation": NaN,
        "Reconciled Cost Of Revenue": NaN,
        "EBITDA": NaN,
        "EBIT": NaN,
        "Net Interest Income": NaN,
        "Interest Expense": NaN,
        "Interest Income": 327000.0,
        "Normalized Income": NaN,
        "Net Income From Continuing And Discontinued Operation": NaN,
        "Total Expenses": NaN,
        "Total Operating Income As Reported": NaN,
        "Diluted Average Shares": NaN,
        "Basic Average Shares": NaN,
        "Diluted EPS": NaN,
        "Basic EPS": NaN,
        "Diluted NI Availto Com Stockholders": NaN,
        "Net Income Common Stockholders": NaN,
        "Net Income": NaN,
        "Net Income Including Noncontrolling Interests": NaN,
        "Net Income Discontinuous Operations": -56000.0,
        "Net Income Continuous Operations": NaN,
        "Tax Provision": NaN,
        "Pretax Income": NaN,
        "Other Income Expense": NaN,
        "Other Non Operating Income Expenses": NaN,
        "Special Income Charges": NaN,
        "Gain On Sale Of Ppe": -239000.0,
        "Gain On Sale Of Business": -560000.0,
        "Impairment Of Capital Assets": 0.0,
        "Restructuring And Mergern Acquisition": NaN,
        "Net Non Operating Interest Income Expense": NaN,
        "Interest Expense Non Operating": NaN,
        "Interest Income Non Operating": 327000.0,
        "Operating Income": NaN,
        "Operating Expense": NaN,
        "Other Operating Expenses": NaN,
        "Depreciation Amortization Depletion Income Statement": NaN,
        "Depreciation And Amortization In Income Statement": NaN,
        "Amortization": NaN,
        "Amortization Of Intangibles Income Statement": NaN,
        "Selling General And Administration": NaN,
        "Gross Profit": NaN,
        "Cost Of Revenue": NaN,
        "Total Revenue": NaN,
        "Operating Revenue": NaN
    },
    "2023-09-30": {
        "Tax Effect Of Unusual Items": NaN,
        "Tax Rate For Calcs": NaN,
        "Normalized EBITDA": NaN,
        "Total Unusual Items": NaN,
        "Total Unusual Items Excluding Goodwill": NaN,
        "Net Income From Continuing Operation Net Minority Interest": NaN,
        "Reconciled Depreciation": NaN,
        "Reconciled Cost Of Revenue": NaN,
        "EBITDA": NaN,
        "EBIT": NaN,
        "Net Interest Income": NaN,
        "Interest Expense": NaN,
        "Interest Income": 329000.0,
        "Normalized Income": NaN,
        "Net Income From Continuing And Discontinued Operation": NaN,
        "Total Expenses": NaN,
        "Total Operating Income As Reported": NaN,
        "Diluted Average Shares": NaN,
        "Basic Average Shares": NaN,
        "Diluted EPS": NaN,
        "Basic EPS": NaN,
        "Diluted NI Availto Com Stockholders": NaN,
        "Net Income Common Stockholders": NaN,
        "Net Income": NaN,
        "Net Income Including Noncontrolling Interests": NaN,
        "Net Income Discontinuous Operations": -183000.0,
        "Net Income Continuous Operations": NaN,
        "Tax Provision": NaN,
        "Pretax Income": NaN,
        "Other Income Expense": NaN,
        "Other Non Operating Income Expenses": NaN,
        "Special Income Charges": NaN,
        "Gain On Sale Of Ppe": 685000.0,
        "Gain On Sale Of Business": -17805000.0,
        "Impairment Of Capital Assets": 0.0,
        "Restructuring And Mergern Acquisition": NaN,
        "Net Non Operating Interest Income Expense": NaN,
        "Interest Expense Non Operating": NaN,
        "Interest Income Non Operating": 329000.0,
        "Operating Income": NaN,
        "Operating Expense": NaN,
        "Other Operating Expenses": NaN,
        "Depreciation Amortization Depletion Income Statement": NaN,
        "Depreciation And Amortization In Income Statement": NaN,
        "Amortization": NaN,
        "Amortization Of Intangibles Income Statement": NaN,
        "Selling General And Administration": NaN,
        "Gross Profit": NaN,
        "Cost Of Revenue": NaN,
        "Total Revenue": NaN,
        "Operating Revenue": NaN
    },
    "2023-06-30": {
        "Tax Effect Of Unusual Items": NaN,
        "Tax Rate For Calcs": NaN,
        "Normalized EBITDA": NaN,
        "Total Unusual Items": NaN,
        "Total Unusual Items Excluding Goodwill": NaN,
        "Net Income From Continuing Operation Net Minority Interest": NaN,
        "Reconciled Depreciation": NaN,
        "Reconciled Cost Of Revenue": NaN,
        "EBITDA": NaN,
        "EBIT": NaN,
        "Net Interest Income": NaN,
        "Interest Expense": NaN,
        "Interest Income": NaN,
        "Normalized Income": NaN,
        "Net Income From Continuing And Discontinued Operation": NaN,
        "Total Expenses": NaN,
        "Total Operating Income As Reported": NaN,
        "Diluted Average Shares": NaN,
        "Basic Average Shares": NaN,
        "Diluted EPS": NaN,
        "Basic EPS": NaN,
        "Diluted NI Availto Com Stockholders": NaN,
        "Net Income Common Stockholders": NaN,
        "Net Income": NaN,
        "Net Income Including Noncontrolling Interests": NaN,
        "Net Income Discontinuous Operations": NaN,
        "Net Income Continuous Operations": NaN,
        "Tax Provision": NaN,
        "Pretax Income": NaN,
        "Other Income Expense": NaN,
        "Other Non Operating Income Expenses": NaN,
        "Special Income Charges": NaN,
        "Gain On Sale Of Ppe": NaN,
        "Gain On Sale Of Business": NaN,
        "Impairment Of Capital Assets": 0.0,
        "Restructuring And Mergern Acquisition": NaN,
        "Net Non Operating Interest Income Expense": NaN,
        "Interest Expense Non Operating": NaN,
        "Interest Income Non Operating": NaN,
        "Operating Income": NaN,
        "Operating Expense": NaN,
        "Other Operating Expenses": NaN,
        "Depreciation Amortization Depletion Income Statement": NaN,
        "Depreciation And Amortization In Income Statement": NaN,
        "Amortization": NaN,
        "Amortization Of Intangibles Income Statement": NaN,
        "Selling General And Administration": NaN,
        "Gross Profit": NaN,
        "Cost Of Revenue": NaN,
        "Total Revenue": NaN,
        "Operating Revenue": NaN
    },
    "2023-03-31": {
        "Tax Effect Of Unusual Items": NaN,
        "Tax Rate For Calcs": NaN,
        "Normalized EBITDA": NaN,
        "Total Unusual Items": NaN,
        "Total Unusual Items Excluding Goodwill": NaN,
        "Net Income From Continuing Operation Net Minority Interest": NaN,
        "Reconciled Depreciation": NaN,
        "Reconciled Cost Of Revenue": NaN,
        "EBITDA": NaN,
        "EBIT": NaN,
        "Net Interest Income": NaN,
        "Interest Expense": NaN,
        "Interest Income": NaN,
        "Normalized Income": NaN,
        "Net Income From Continuing And Discontinued Operation": NaN,
        "Total Expenses": NaN,
        "Total Operating Income As Reported": NaN,
        "Diluted Average Shares": NaN,
        "Basic Average Shares": NaN,
        "Diluted EPS": NaN,
        "Basic EPS": NaN,
        "Diluted NI Availto Com Stockholders": NaN,
        "Net Income Common Stockholders": NaN,
        "Net Income": NaN,
        "Net Income Including Noncontrolling Interests": NaN,
        "Net Income Discontinuous Operations": NaN,
        "Net Income Continuous Operations": NaN,
        "Tax Provision": NaN,
        "Pretax Income": NaN,
        "Other Income Expense": NaN,
        "Other Non Operating Income Expenses": NaN,
        "Special Income Charges": NaN,
        "Gain On Sale Of Ppe": NaN,
        "Gain On Sale Of Business": NaN,
        "Impairment Of Capital Assets": 0.0,
        "Net Non Operating Interest Income Expense": NaN,
        "Interest Expense Non Operating": NaN,
        "Interest Income Non Operating": NaN,
        "Operating Income": NaN,
        "Operating Expense": NaN,
        "Selling General And Administration": NaN,
        "Gross Profit": NaN,
        "Cost Of Revenue": NaN,
        "Total Revenue": NaN,
        "Operating Revenue": NaN
    },
    "2024-12-31": {
        "Tax Effect Of Unusual Items": -4173913.043478,
        "Tax Rate For Calcs": 0.130435,
        "Normalized EBITDA": 42000000.0,
        "Total Unusual Items": -32000000.0,
        "Total Unusual Items Excluding Goodwill": -32000000.0,
        "Net Income From Continuing Operation Net Minority Interest": -60000000.0,
        "Reconciled Depreciation": 53000000.0,
        "Reconciled Cost Of Revenue": 592000000.0,
        "EBITDA": 10000000.0,
        "EBIT": -43000000.0,
        "Net Interest Income": -26000000.0,
        "Interest Expense": 26000000.0,
        "Interest Income": NaN,
        "Normalized Income": -32173913.043478,
        "Net Income From Continuing And Discontinued Operation": -60000000.0,
        "Total Expenses": 692000000.0,
        "Total Operating Income As Reported": -22000000.0,
        "Diluted Average Shares": 35400000.0,
        "Basic Average Shares": 35400000.0,
        "Diluted EPS": -1.69,
        "Basic EPS": -1.69,
        "Diluted NI Availto Com Stockholders": -60000000.0,
        "Net Income Common Stockholders": -60000000.0,
        "Net Income": -60000000.0,
        "Net Income Including Noncontrolling Interests": -60000000.0,
        "Net Income Discontinuous Operations": NaN,
        "Net Income Continuous Operations": -60000000.0,
        "Tax Provision": -9000000.0,
        "Pretax Income": -69000000.0,
        "Other Income Expense": -53000000.0,
        "Other Non Operating Income Expenses": -21000000.0,
        "Special Income Charges": -32000000.0,
        "Gain On Sale Of Ppe": NaN,
        "Gain On Sale Of Business": NaN,
        "Restructuring And Mergern Acquisition": 32000000.0,
        "Net Non Operating Interest Income Expense": -26000000.0,
        "Interest Expense Non Operating": 26000000.0,
        "Interest Income Non Operating": NaN,
        "Operating Income": 10000000.0,
        "Operating Expense": 61000000.0,
        "Other Operating Expenses": 3000000.0,
        "Depreciation Amortization Depletion Income Statement": 14000000.0,
        "Depreciation And Amortization In Income Statement": 14000000.0,
        "Amortization": 14000000.0,
        "Amortization Of Intangibles Income Statement": 14000000.0,
        "Selling General And Administration": 44000000.0,
        "Gross Profit": 71000000.0,
        "Cost Of Revenue": 631000000.0,
        "Total Revenue": 702000000.0,
        "Operating Revenue": 702000000.0
    },
    "2025-03-31": {
        "Tax Effect Of Unusual Items": -4830000.0,
        "Tax Rate For Calcs": 0.21,
        "Normalized EBITDA": 80000000.0,
        "Total Unusual Items": -23000000.0,
        "Total Unusual Items Excluding Goodwill": -23000000.0,
        "Net Income From Continuing Operation Net Minority Interest": -41000000.0,
        "Reconciled Depreciation": 58000000.0,
        "Reconciled Cost Of Revenue": 692000000.0,
        "EBITDA": 57000000.0,
        "EBIT": -1000000.0,
        "Net Interest Income": -39000000.0,
        "Interest Expense": 39000000.0,
        "Interest Income": NaN,
        "Normalized Income": -22830000.0,
        "Net Income From Continuing And Discontinued Operation": -41000000.0,
        "Total Expenses": 797000000.0,
        "Total Operating Income As Reported": 4000000.0,
        "Diluted Average Shares": 35600000.0,
        "Basic Average Shares": 35600000.0,
        "Diluted EPS": -1.15,
        "Basic EPS": -1.15,
        "Diluted NI Availto Com Stockholders": -41000000.0,
        "Net Income Common Stockholders": -41000000.0,
        "Net Income": -41000000.0,
        "Net Income Including Noncontrolling Interests": -41000000.0,
        "Net Income Discontinuous Operations": NaN,
        "Net Income Continuous Operations": -41000000.0,
        "Tax Provision": 1000000.0,
        "Pretax Income": -40000000.0,
        "Other Income Expense": -28000000.0,
        "Other Non Operating Income Expenses": -5000000.0,
        "Special Income Charges": -23000000.0,
        "Gain On Sale Of Ppe": NaN,
        "Gain On Sale Of Business": NaN,
        "Restructuring And Mergern Acquisition": 23000000.0,
        "Net Non Operating Interest Income Expense": -39000000.0,
        "Interest Expense Non Operating": 39000000.0,
        "Interest Income Non Operating": NaN,
        "Operating Income": 27000000.0,
        "Operating Expense": 61000000.0,
        "Other Operating Expenses": NaN,
        "Depreciation Amortization Depletion Income Statement": 14000000.0,
        "Depreciation And Amortization In Income Statement": 14000000.0,
        "Amortization": 14000000.0,
        "Amortization Of Intangibles Income Statement": 14000000.0,
        "Selling General And Administration": 47000000.0,
        "Gross Profit": 88000000.0,
        "Cost Of Revenue": 736000000.0,
        "Total Revenue": 824000000.0,
        "Operating Revenue": 824000000.0
    },
    "2025-06-30": {
        "Tax Effect Of Unusual Items": -3500000.0,
        "Tax Rate For Calcs": 0.25,
        "Normalized EBITDA": 85000000.0,
        "Total Unusual Items": -14000000.0,
        "Total Unusual Items Excluding Goodwill": -14000000.0,
        "Net Income From Continuing Operation Net Minority Interest": -18000000.0,
        "Reconciled Depreciation": 58000000.0,
        "Reconciled Cost Of Revenue": 704000000.0,
        "EBITDA": 71000000.0,
        "EBIT": 13000000.0,
        "Net Interest Income": -37000000.0,
        "Interest Expense": 37000000.0,
        "Interest Income": NaN,
        "Normalized Income": -7500000.0,
        "Net Income From Continuing And Discontinued Operation": -18000000.0,
        "Total Expenses": 812000000.0,
        "Total Operating Income As Reported": 13000000.0,
        "Diluted Average Shares": 35600000.0,
        "Basic Average Shares": 35600000.0,
        "Diluted EPS": -0.51,
        "Basic EPS": -0.51,
        "Diluted NI Availto Com Stockholders": -18000000.0,
        "Net Income Common Stockholders": -18000000.0,
        "Net Income": -18000000.0,
        "Net Income Including Noncontrolling Interests": -18000000.0,
        "Net Income Discontinuous Operations": NaN,
        "Net Income Continuous Operations": -18000000.0,
        "Tax Provision": -6000000.0,
        "Pretax Income": -24000000.0,
        "Other Income Expense": -14000000.0,
        "Other Non Operating Income Expenses": NaN,
        "Special Income Charges": -14000000.0,
        "Gain On Sale Of Ppe": NaN,
        "Gain On Sale Of Business": NaN,
        "Restructuring And Mergern Acquisition": 14000000.0,
        "Net Non Operating Interest Income Expense": -37000000.0,
        "Interest Expense Non Operating": 37000000.0,
        "Interest Income Non Operating": NaN,
        "Operating Income": 27000000.0,
        "Operating Expense": 63000000.0,
        "Other Operating Expenses": NaN,
        "Depreciation Amortization Depletion Income Statement": 13000000.0,
        "Depreciation And Amortization In Income Statement": 13000000.0,
        "Amortization": 13000000.0,
        "Amortization Of Intangibles Income Statement": 13000000.0,
        "Selling General And Administration": 50000000.0,
        "Gross Profit": 90000000.0,
        "Cost Of Revenue": 749000000.0,
        "Total Revenue": 839000000.0,
        "Operating Revenue": 839000000.0
    },
    "2025-09-30": {
        "Tax Effect Of Unusual Items": NaN,
        "Tax Rate For Calcs": NaN,
        "Normalized EBITDA": NaN,
        "Total Unusual Items": NaN,
        "Total Unusual Items Excluding Goodwill": NaN,
        "Net Income From Continuing Operation Net Minority Interest": NaN,
        "Reconciled Depreciation": NaN,
        "Reconciled Cost Of Revenue": NaN,
        "EBITDA": NaN,
        "EBIT": NaN,
        "Net Interest Income": NaN,
        "Interest Expense": NaN,
        "Interest Income": NaN,
        "Normalized Income": NaN,
        "Net Income From Continuing And Discontinued Operation": NaN,
        "Total Expenses": NaN,
        "Total Operating Income As Reported": NaN,
        "Diluted Average Shares": 35600000.0,
        "Basic Average Shares": 35600000.0,
        "Diluted EPS": -1.123596,
        "Basic EPS": -1.123596,
        "Diluted NI Availto Com Stockholders": NaN,
        "Net Income Common Stockholders": NaN,
        "Net Income": NaN,
        "Net Income Including Noncontrolling Interests": NaN,
        "Net Income Discontinuous Operations": NaN,
        "Net Income Continuous Operations": NaN,
        "Tax Provision": NaN,
        "Pretax Income": NaN,
        "Other Income Expense": NaN,
        "Other Non Operating Income Expenses": NaN,
        "Special Income Charges": NaN,
        "Gain On Sale Of Ppe": NaN,
        "Gain On Sale Of Business": NaN,
        "Restructuring And Mergern Acquisition": NaN,
        "Net Non Operating Interest Income Expense": NaN,
        "Interest Expense Non Operating": NaN,
        "Interest Income Non Operating": NaN,
        "Operating Income": NaN,
        "Operating Expense": NaN,
        "Other Operating Expenses": NaN,
        "Depreciation Amortization Depletion Income Statement": NaN,
        "Depreciation And Amortization In Income Statement": NaN,
        "Amortization": NaN,
        "Amortization Of Intangibles Income Statement": NaN,
        "Selling General And Administration": NaN,
        "Gross Profit": NaN,
        "Cost Of Revenue": NaN,
        "Total Revenue": NaN,
        "Operating Revenue": NaN
    }
}