{
    "2023-04-30": {
        "Tax Effect Of Unusual Items": NaN,
        "Tax Rate For Calcs": NaN,
        "Normalized EBITDA": NaN,
        "Net Income From Continuing Operation Net Minority Interest": NaN,
        "Reconciled Depreciation": NaN,
        "Reconciled Cost Of Revenue": NaN,
        "EBITDA": NaN,
        "EBIT": NaN,
        "Net Interest Income": NaN,
        "Interest Expense": NaN,
        "Interest Income": NaN,
        "Normalized Income": NaN,
        "Net Income From Continuing And Discontinued Operation": NaN,
        "Total Expenses": NaN,
        "Total Operating Income As Reported": NaN,
        "Diluted Average Shares": NaN,
        "Basic Average Shares": NaN,
        "Diluted EPS": NaN,
        "Basic EPS": NaN,
        "Diluted NI Availto Com Stockholders": NaN,
        "Average Dilution Earnings": NaN,
        "Net Income Common Stockholders": NaN,
        "Preferred Stock Dividends": 27000.0,
        "Net Income": NaN,
        "Net Income Including Noncontrolling Interests": NaN,
        "Net Income Continuous Operations": NaN,
        "Tax Provision": NaN,
        "Pretax Income": NaN,
        "Other Income Expense": 166000.0,
        "Other Non Operating Income Expenses": 20000.0,
        "Earnings From Equity Interest": NaN,
        "Net Non Operating Interest Income Expense": NaN,
        "Interest Expense Non Operating": NaN,
        "Interest Income Non Operating": NaN,
        "Operating Income": NaN,
        "Operating Expense": NaN,
        "Research And Development": NaN,
        "Selling General And Administration": NaN,
        "General And Administrative Expense": 4357031.0,
        "Other Gand A": 4357031.0,
        "Gross Profit": NaN,
        "Cost Of Revenue": NaN,
        "Total Revenue": NaN,
        "Operating Revenue": NaN
    },
    "2023-01-31": {
        "Tax Effect Of Unusual Items": NaN,
        "Tax Rate For Calcs": NaN,
        "Normalized EBITDA": NaN,
        "Net Income From Continuing Operation Net Minority Interest": NaN,
        "Reconciled Depreciation": NaN,
        "Reconciled Cost Of Revenue": NaN,
        "EBITDA": NaN,
        "EBIT": NaN,
        "Net Interest Income": NaN,
        "Interest Expense": NaN,
        "Interest Income": NaN,
        "Normalized Income": NaN,
        "Net Income From Continuing And Discontinued Operation": NaN,
        "Total Expenses": NaN,
        "Total Operating Income As Reported": NaN,
        "Diluted Average Shares": NaN,
        "Basic Average Shares": NaN,
        "Diluted EPS": NaN,
        "Basic EPS": NaN,
        "Diluted NI Availto Com Stockholders": NaN,
        "Average Dilution Earnings": NaN,
        "Net Income Common Stockholders": NaN,
        "Preferred Stock Dividends": 21657.0,
        "Net Income": NaN,
        "Net Income Including Noncontrolling Interests": NaN,
        "Net Income Continuous Operations": NaN,
        "Tax Provision": NaN,
        "Pretax Income": NaN,
        "Other Income Expense": 53074.0,
        "Other Non Operating Income Expenses": 52.0,
        "Earnings From Equity Interest": NaN,
        "Net Non Operating Interest Income Expense": NaN,
        "Interest Expense Non Operating": NaN,
        "Interest Income Non Operating": NaN,
        "Operating Income": NaN,
        "Operating Expense": NaN,
        "Research And Development": NaN,
        "Selling General And Administration": NaN,
        "General And Administrative Expense": 4496451.0,
        "Other Gand A": 4496451.0,
        "Gross Profit": NaN,
        "Cost Of Revenue": NaN,
        "Total Revenue": NaN,
        "Operating Revenue": NaN
    },
    "2022-10-31": {
        "Tax Effect Of Unusual Items": NaN,
        "Tax Rate For Calcs": NaN,
        "Normalized EBITDA": NaN,
        "Net Income From Continuing Operation Net Minority Interest": NaN,
        "Reconciled Depreciation": NaN,
        "Reconciled Cost Of Revenue": NaN,
        "EBITDA": NaN,
        "EBIT": NaN,
        "Net Interest Income": NaN,
        "Interest Expense": NaN,
        "Interest Income": NaN,
        "Normalized Income": NaN,
        "Net Income From Continuing And Discontinued Operation": NaN,
        "Total Expenses": NaN,
        "Total Operating Income As Reported": NaN,
        "Diluted Average Shares": 36615000.0,
        "Basic Average Shares": 36318000.0,
        "Diluted EPS": 0.03,
        "Basic EPS": 0.03,
        "Diluted NI Availto Com Stockholders": NaN,
        "Average Dilution Earnings": 0.0,
        "Net Income Common Stockholders": NaN,
        "Preferred Stock Dividends": 12000.0,
        "Net Income": NaN,
        "Net Income Including Noncontrolling Interests": NaN,
        "Net Income Continuous Operations": NaN,
        "Earnings From Equity Interest Net Of Tax": 71924.0,
        "Tax Provision": NaN,
        "Pretax Income": NaN,
        "Other Income Expense": 72000.0,
        "Other Non Operating Income Expenses": NaN,
        "Earnings From Equity Interest": NaN,
        "Net Non Operating Interest Income Expense": NaN,
        "Interest Expense Non Operating": NaN,
        "Interest Income Non Operating": NaN,
        "Operating Income": NaN,
        "Operating Expense": NaN,
        "Research And Development": NaN,
        "Selling General And Administration": NaN,
        "General And Administrative Expense": 5041213.0,
        "Other Gand A": 5041213.0,
        "Gross Profit": NaN,
        "Cost Of Revenue": NaN,
        "Total Revenue": NaN,
        "Operating Revenue": NaN
    },
    "2022-07-31": {
        "Tax Effect Of Unusual Items": 0.0,
        "Tax Rate For Calcs": 0.2153,
        "Normalized EBITDA": -405898.0,
        "Net Income From Continuing Operation Net Minority Interest": -743246.0,
        "Reconciled Depreciation": 422801.0,
        "Reconciled Cost Of Revenue": 20119862.0,
        "EBITDA": -405898.0,
        "EBIT": -828699.0,
        "Net Interest Income": -142079.0,
        "Interest Expense": 142079.0,
        "Normalized Income": -743246.0,
        "Net Income From Continuing And Discontinued Operation": -743246.0,
        "Total Expenses": 23677769.0,
        "Total Operating Income As Reported": -831295.0,
        "Diluted Average Shares": 35811087.0,
        "Basic Average Shares": 35811087.0,
        "Diluted EPS": -0.02,
        "Basic EPS": -0.02,
        "Diluted NI Availto Com Stockholders": -743246.0,
        "Average Dilution Earnings": 0.0,
        "Net Income Common Stockholders": -743246.0,
        "Preferred Stock Dividends": NaN,
        "Net Income": -743246.0,
        "Net Income Including Noncontrolling Interests": -743246.0,
        "Net Income Continuous Operations": -743246.0,
        "Earnings From Equity Interest Net Of Tax": 18540.0,
        "Tax Provision": -208992.0,
        "Pretax Income": -970778.0,
        "Other Income Expense": 2596.0,
        "Other Non Operating Income Expenses": 2596.0,
        "Earnings From Equity Interest": 18540.0,
        "Net Non Operating Interest Income Expense": -142079.0,
        "Interest Expense Non Operating": 142079.0,
        "Operating Income": -831295.0,
        "Operating Expense": 3557907.0,
        "Research And Development": 41792.0,
        "Selling General And Administration": 3516115.0,
        "General And Administrative Expense": 3516115.0,
        "Other Gand A": 3516115.0,
        "Gross Profit": 2726612.0,
        "Cost Of Revenue": 20119862.0,
        "Total Revenue": 22846474.0,
        "Operating Revenue": 23631857.0
    },
    "2022-04-30": {
        "Diluted EPS": 0.0,
        "Total Revenue": 22,
        "Gross Profit": 4,
        "Operating Income": 0,
        "EBIT": 1,
        "Net Income": 0
    },
    "2022-01-31": {
        "Diluted EPS": -0.04,
        "Total Revenue": 14,
        "Gross Profit": 2,
        "Operating Income": -1,
        "EBIT": -1,
        "Net Income": -1
    },
    "2021-10-31": {
        "Diluted EPS": 0.0,
        "Total Revenue": 11,
        "Gross Profit": 3,
        "Operating Income": 0,
        "EBIT": 0,
        "Net Income": 0
    },
    "2021-07-31": {
        "Diluted EPS": 0.01,
        "Total Revenue": 12,
        "Gross Profit": 3,
        "Operating Income": 1,
        "EBIT": 1,
        "Net Income": 0
    },
    "2021-04-30": {
        "Diluted EPS": 0.02,
        "Total Revenue": 10,
        "Gross Profit": 3,
        "Operating Income": 1,
        "EBIT": 1,
        "Net Income": 1
    },
    "2021-01-31": {
        "Diluted EPS": 0.05,
        "Total Revenue": 10,
        "Gross Profit": 3,
        "Operating Income": 1,
        "EBIT": 1,
        "Net Income": 2
    },
    "2020-10-31": {
        "Diluted EPS": 0.02,
        "Total Revenue": 10,
        "Gross Profit": 3,
        "Operating Income": 1,
        "EBIT": 1,
        "Net Income": 1
    },
    "2020-07-31": {
        "Diluted EPS": 0.02,
        "Total Revenue": 10,
        "Gross Profit": 3,
        "Operating Income": 1,
        "EBIT": 1,
        "Net Income": 1
    },
    "2020-04-30": {
        "Diluted EPS": 0.03,
        "Total Revenue": 11,
        "Gross Profit": 3,
        "Operating Income": 1,
        "EBIT": 1,
        "Net Income": 1
    },
    "2020-01-31": {
        "Diluted EPS": 0.01,
        "Total Revenue": 9,
        "Gross Profit": 2,
        "Operating Income": 1,
        "EBIT": 1,
        "Net Income": 0
    },
    "2019-10-31": {
        "Diluted EPS": 0.01,
        "Total Revenue": 9,
        "Gross Profit": 3,
        "Operating Income": 1,
        "EBIT": 1,
        "Net Income": 0
    },
    "2019-07-31": {
        "Diluted EPS": 0.01,
        "Total Revenue": 8,
        "Gross Profit": 3,
        "Operating Income": 0,
        "EBIT": 1,
        "Net Income": 0
    },
    "2019-04-30": {
        "Diluted EPS": 0.01,
        "Total Revenue": 7,
        "Gross Profit": 2,
        "Operating Income": 1,
        "EBIT": 1,
        "Net Income": 0
    },
    "2019-01-31": {
        "Diluted EPS": 0.0,
        "Total Revenue": 7,
        "Gross Profit": 2,
        "Operating Income": 0,
        "EBIT": 0,
        "Net Income": 0
    },
    "2018-10-31": {
        "Diluted EPS": 0.01,
        "Total Revenue": 8,
        "Gross Profit": 3,
        "Operating Income": 1,
        "EBIT": 1,
        "Net Income": 0
    },
    "2018-07-31": {
        "Diluted EPS": -0.01,
        "Total Revenue": 6,
        "Gross Profit": 2,
        "Operating Income": 0,
        "EBIT": 0,
        "Net Income": 0
    },
    "2018-04-30": {
        "Diluted EPS": 0.01,
        "Total Revenue": 8,
        "Gross Profit": 3,
        "Operating Income": 1,
        "EBIT": 1,
        "Net Income": 0
    },
    "2018-01-31": {
        "Diluted EPS": 0.0,
        "Total Revenue": 8,
        "Gross Profit": 3,
        "Operating Income": 0,
        "EBIT": 0,
        "Net Income": 0
    },
    "2017-10-31": {
        "Diluted EPS": 0.0,
        "Total Revenue": 7,
        "Gross Profit": 2,
        "Operating Income": 0,
        "EBIT": 0,
        "Net Income": 0
    },
    "2017-07-31": {
        "Diluted EPS": 0.0,
        "Total Revenue": 7,
        "Gross Profit": 2,
        "Operating Income": 0,
        "EBIT": 0,
        "Net Income": 0
    },
    "2017-04-30": {
        "Diluted EPS": 0.0,
        "Total Revenue": 5,
        "Gross Profit": 2,
        "Operating Income": 0,
        "EBIT": 0,
        "Net Income": 0
    },
    "2017-01-31": {
        "Diluted EPS": 0.0,
        "Total Revenue": 5,
        "Gross Profit": 3,
        "Operating Income": 0,
        "EBIT": 1,
        "Net Income": 0
    },
    "2016-10-31": {
        "Diluted EPS": 0.0,
        "Total Revenue": 5,
        "Gross Profit": 2,
        "Operating Income": 0,
        "EBIT": 0,
        "Net Income": 0
    },
    "2016-07-31": {
        "Diluted EPS": -0.01,
        "Total Revenue": 4,
        "Gross Profit": 1,
        "Operating Income": 0,
        "EBIT": 0,
        "Net Income": 0
    },
    "2016-04-30": {
        "Diluted EPS": -0.01,
        "Total Revenue": 4,
        "Gross Profit": 1,
        "Operating Income": 0,
        "EBIT": 0,
        "Net Income": 0
    },
    "2016-01-31": {
        "Diluted EPS": -0.02,
        "Total Revenue": 3,
        "Gross Profit": 1,
        "Operating Income": 0,
        "EBIT": 0,
        "Net Income": 0
    },
    "2015-10-31": {
        "Diluted EPS": -0.04,
        "Total Revenue": 3,
        "Gross Profit": 1,
        "Operating Income": 0,
        "EBIT": 0,
        "Net Income": -1
    },
    "2015-07-31": {
        "Diluted EPS": -0.04,
        "Total Revenue": 3,
        "Gross Profit": 1,
        "Operating Income": -1,
        "EBIT": -1,
        "Net Income": -1
    },
    "2015-04-30": {
        "Diluted EPS": -0.04,
        "Total Revenue": 3,
        "Gross Profit": 1,
        "Operating Income": -1,
        "EBIT": -1,
        "Net Income": -1
    },
    "2015-01-31": {
        "Diluted EPS": -0.07,
        "Total Revenue": 3,
        "Gross Profit": 1,
        "Operating Income": -2,
        "EBIT": -1,
        "Net Income": -2
    },
    "2014-10-31": {
        "Diluted EPS": -0.03,
        "Total Revenue": 4,
        "Gross Profit": 1,
        "Operating Income": -1,
        "EBIT": -1,
        "Net Income": -1
    },
    "2014-07-31": {
        "Diluted EPS": -0.03,
        "Total Revenue": 2,
        "Gross Profit": 1,
        "Operating Income": -1,
        "EBIT": -1,
        "Net Income": -1
    },
    "2014-04-30": {
        "Diluted EPS": -0.03,
        "Total Revenue": 3,
        "Gross Profit": 1,
        "Operating Income": -1,
        "EBIT": -1,
        "Net Income": -1
    },
    "2014-01-31": {
        "Diluted EPS": 0.08,
        "Total Revenue": -5,
        "Gross Profit": -1,
        "Operating Income": 2,
        "EBIT": 2,
        "Net Income": 2
    },
    "2013-12-31": {
        "Diluted EPS": -0.04,
        "Total Revenue": 5,
        "Gross Profit": 2,
        "Operating Income": -3,
        "EBIT": -3,
        "Net Income": -2
    },
    "2013-09-30": {
        "Diluted EPS": -0.02,
        "Total Revenue": 2,
        "Gross Profit": 1,
        "Operating Income": 0,
        "EBIT": 0,
        "Net Income": 0
    },
    "2013-06-30": {
        "Diluted EPS": -0.04,
        "Total Revenue": 2,
        "Gross Profit": 1,
        "Operating Income": -1,
        "EBIT": -1,
        "Net Income": -1
    },
    "2013-03-31": {
        "Diluted EPS": -0.03,
        "Total Revenue": 2,
        "Gross Profit": 0,
        "Operating Income": -1,
        "EBIT": -1,
        "Net Income": -1
    },
    "2012-12-31": {
        "Diluted EPS": 0.0,
        "Total Revenue": NaN,
        "Gross Profit": NaN,
        "Operating Income": -7,
        "EBIT": 0,
        "Net Income": -2
    },
    "2012-09-30": {
        "Diluted EPS": -0.03,
        "Total Revenue": 1,
        "Gross Profit": 0,
        "Operating Income": 0,
        "EBIT": 0,
        "Net Income": 0
    },
    "2012-06-30": {
        "Diluted EPS": -0.03,
        "Total Revenue": 1,
        "Gross Profit": 0,
        "Operating Income": 0,
        "EBIT": 0,
        "Net Income": 0
    },
    "2012-03-31": {
        "Diluted EPS": -0.03,
        "Total Revenue": 1,
        "Gross Profit": 0,
        "Operating Income": 0,
        "EBIT": 0,
        "Net Income": 0
    },
    "2011-12-31": {
        "Diluted EPS": 0.0,
        "Total Revenue": NaN,
        "Gross Profit": NaN,
        "Operating Income": 0,
        "EBIT": 0,
        "Net Income": 0
    },
    "2011-09-30": {
        "Diluted EPS": 0.0,
        "Total Revenue": NaN,
        "Gross Profit": NaN,
        "Operating Income": 0,
        "EBIT": 0,
        "Net Income": 0
    },
    "2011-07-31": {
        "Diluted EPS": 0.0,
        "Total Revenue": NaN,
        "Gross Profit": NaN,
        "Operating Income": 0,
        "EBIT": 0,
        "Net Income": 0
    },
    "2011-06-30": {
        "Diluted EPS": 0.0,
        "Total Revenue": NaN,
        "Gross Profit": NaN,
        "Operating Income": NaN,
        "EBIT": NaN,
        "Net Income": NaN
    },
    "2011-04-30": {
        "Diluted EPS": 0.0,
        "Total Revenue": NaN,
        "Gross Profit": NaN,
        "Operating Income": 0,
        "EBIT": 0,
        "Net Income": 0
    },
    "2011-03-31": {
        "Diluted EPS": 0.0,
        "Total Revenue": NaN,
        "Gross Profit": NaN,
        "Operating Income": 0,
        "EBIT": 0,
        "Net Income": 0
    },
    "2011-01-31": {
        "Diluted EPS": 0.0,
        "Total Revenue": NaN,
        "Gross Profit": NaN,
        "Operating Income": NaN,
        "EBIT": NaN,
        "Net Income": NaN
    },
    "2010-12-31": {
        "Diluted EPS": 0.0,
        "Total Revenue": NaN,
        "Gross Profit": NaN,
        "Operating Income": 0,
        "EBIT": 0,
        "Net Income": 0
    },
    "2010-10-31": {
        "Diluted EPS": 0.0,
        "Total Revenue": NaN,
        "Gross Profit": NaN,
        "Operating Income": 0,
        "EBIT": 0,
        "Net Income": 0
    },
    "2010-09-30": {
        "Diluted EPS": 0.0,
        "Total Revenue": NaN,
        "Gross Profit": NaN,
        "Operating Income": 0,
        "EBIT": 0,
        "Net Income": 0
    },
    "2023-07-31": {
        "Tax Effect Of Unusual Items": NaN,
        "Tax Rate For Calcs": NaN,
        "Normalized EBITDA": NaN,
        "Net Income From Continuing Operation Net Minority Interest": NaN,
        "Reconciled Depreciation": NaN,
        "Reconciled Cost Of Revenue": NaN,
        "EBITDA": NaN,
        "EBIT": NaN,
        "Net Interest Income": NaN,
        "Interest Expense": NaN,
        "Interest Income": NaN,
        "Normalized Income": NaN,
        "Net Income From Continuing And Discontinued Operation": NaN,
        "Total Expenses": NaN,
        "Total Operating Income As Reported": NaN,
        "Diluted Average Shares": NaN,
        "Basic Average Shares": NaN,
        "Diluted EPS": NaN,
        "Basic EPS": NaN,
        "Diluted NI Availto Com Stockholders": NaN,
        "Average Dilution Earnings": 21000.0,
        "Net Income Common Stockholders": NaN,
        "Preferred Stock Dividends": 21000.0,
        "Net Income": NaN,
        "Net Income Including Noncontrolling Interests": NaN,
        "Net Income Continuous Operations": NaN,
        "Tax Provision": NaN,
        "Pretax Income": NaN,
        "Other Income Expense": 85000.0,
        "Other Non Operating Income Expenses": 7000.0,
        "Earnings From Equity Interest": NaN,
        "Net Non Operating Interest Income Expense": NaN,
        "Interest Expense Non Operating": NaN,
        "Interest Income Non Operating": NaN,
        "Operating Income": NaN,
        "Operating Expense": NaN,
        "Research And Development": NaN,
        "Selling General And Administration": NaN,
        "General And Administrative Expense": 5136000.0,
        "Other Gand A": 5136000.0,
        "Gross Profit": NaN,
        "Cost Of Revenue": NaN,
        "Total Revenue": NaN,
        "Operating Revenue": NaN
    },
    "2023-10-31": {
        "Tax Effect Of Unusual Items": NaN,
        "Tax Rate For Calcs": NaN,
        "Normalized EBITDA": NaN,
        "Net Income From Continuing Operation Net Minority Interest": NaN,
        "Reconciled Depreciation": NaN,
        "Reconciled Cost Of Revenue": NaN,
        "EBITDA": NaN,
        "EBIT": NaN,
        "Net Interest Income": NaN,
        "Interest Expense": NaN,
        "Interest Income": NaN,
        "Normalized Income": NaN,
        "Net Income From Continuing And Discontinued Operation": NaN,
        "Total Expenses": NaN,
        "Total Operating Income As Reported": NaN,
        "Diluted Average Shares": NaN,
        "Basic Average Shares": NaN,
        "Diluted EPS": NaN,
        "Basic EPS": NaN,
        "Diluted NI Availto Com Stockholders": NaN,
        "Average Dilution Earnings": 0.0,
        "Net Income Common Stockholders": NaN,
        "Preferred Stock Dividends": NaN,
        "Net Income": NaN,
        "Net Income Including Noncontrolling Interests": NaN,
        "Net Income Continuous Operations": NaN,
        "Tax Provision": NaN,
        "Pretax Income": NaN,
        "Other Income Expense": NaN,
        "Other Non Operating Income Expenses": NaN,
        "Earnings From Equity Interest": NaN,
        "Net Non Operating Interest Income Expense": NaN,
        "Interest Expense Non Operating": NaN,
        "Interest Income Non Operating": NaN,
        "Operating Income": NaN,
        "Operating Expense": NaN,
        "Research And Development": NaN,
        "Selling General And Administration": NaN,
        "General And Administrative Expense": NaN,
        "Other Gand A": NaN,
        "Gross Profit": NaN,
        "Cost Of Revenue": NaN,
        "Total Revenue": NaN,
        "Operating Revenue": NaN
    },
    "2024-01-31": {
        "Tax Effect Of Unusual Items": NaN,
        "Tax Rate For Calcs": NaN,
        "Normalized EBITDA": NaN,
        "Net Income From Continuing Operation Net Minority Interest": NaN,
        "Reconciled Depreciation": NaN,
        "Reconciled Cost Of Revenue": NaN,
        "EBITDA": NaN,
        "EBIT": NaN,
        "Net Interest Income": NaN,
        "Interest Expense": NaN,
        "Interest Income": NaN,
        "Normalized Income": NaN,
        "Net Income From Continuing And Discontinued Operation": NaN,
        "Total Expenses": NaN,
        "Total Operating Income As Reported": NaN,
        "Diluted Average Shares": NaN,
        "Basic Average Shares": NaN,
        "Diluted EPS": NaN,
        "Basic EPS": NaN,
        "Diluted NI Availto Com Stockholders": NaN,
        "Average Dilution Earnings": NaN,
        "Net Income Common Stockholders": NaN,
        "Preferred Stock Dividends": 0.0,
        "Net Income": NaN,
        "Net Income Including Noncontrolling Interests": NaN,
        "Net Income Continuous Operations": NaN,
        "Tax Provision": NaN,
        "Pretax Income": NaN,
        "Other Income Expense": 0.0,
        "Other Non Operating Income Expenses": 0.0,
        "Earnings From Equity Interest": 0.0,
        "Net Non Operating Interest Income Expense": NaN,
        "Interest Expense Non Operating": NaN,
        "Interest Income Non Operating": NaN,
        "Operating Income": NaN,
        "Operating Expense": NaN,
        "Research And Development": NaN,
        "Selling General And Administration": NaN,
        "General And Administrative Expense": NaN,
        "Other Gand A": NaN,
        "Gross Profit": NaN,
        "Cost Of Revenue": NaN,
        "Total Revenue": NaN,
        "Operating Revenue": NaN
    },
    "2024-04-30": {
        "Tax Effect Of Unusual Items": NaN,
        "Tax Rate For Calcs": NaN,
        "Normalized EBITDA": NaN,
        "Net Income From Continuing Operation Net Minority Interest": NaN,
        "Reconciled Depreciation": NaN,
        "Reconciled Cost Of Revenue": NaN,
        "EBITDA": NaN,
        "EBIT": NaN,
        "Net Interest Income": NaN,
        "Interest Expense": NaN,
        "Interest Income": NaN,
        "Normalized Income": NaN,
        "Net Income From Continuing And Discontinued Operation": NaN,
        "Total Expenses": NaN,
        "Total Operating Income As Reported": NaN,
        "Diluted Average Shares": NaN,
        "Basic Average Shares": NaN,
        "Diluted EPS": NaN,
        "Basic EPS": NaN,
        "Diluted NI Availto Com Stockholders": NaN,
        "Average Dilution Earnings": 0.0,
        "Net Income Common Stockholders": NaN,
        "Preferred Stock Dividends": NaN,
        "Net Income": NaN,
        "Net Income Including Noncontrolling Interests": NaN,
        "Net Income Continuous Operations": NaN,
        "Tax Provision": NaN,
        "Pretax Income": NaN,
        "Other Income Expense": NaN,
        "Other Non Operating Income Expenses": NaN,
        "Earnings From Equity Interest": 0.0,
        "Net Non Operating Interest Income Expense": NaN,
        "Interest Expense Non Operating": NaN,
        "Interest Income Non Operating": NaN,
        "Operating Income": NaN,
        "Operating Expense": NaN,
        "Research And Development": NaN,
        "Selling General And Administration": NaN,
        "General And Administrative Expense": NaN,
        "Other Gand A": NaN,
        "Gross Profit": NaN,
        "Cost Of Revenue": NaN,
        "Total Revenue": NaN,
        "Operating Revenue": NaN
    },
    "2024-07-31": {
        "Tax Effect Of Unusual Items": 0.0,
        "Tax Rate For Calcs": 0.258877,
        "Normalized EBITDA": 2513000.0,
        "Net Income From Continuing Operation Net Minority Interest": 1148000.0,
        "Reconciled Depreciation": 838000.0,
        "Reconciled Cost Of Revenue": 21503000.0,
        "EBITDA": 2513000.0,
        "EBIT": 1675000.0,
        "Net Interest Income": -63000.0,
        "Interest Expense": 126000.0,
        "Interest Income": 63000.0,
        "Normalized Income": 1148000.0,
        "Net Income From Continuing And Discontinued Operation": 1148000.0,
        "Total Expenses": 26770000.0,
        "Total Operating Income As Reported": 1612000.0,
        "Diluted Average Shares": 39604000.0,
        "Basic Average Shares": 37336000.0,
        "Diluted EPS": 0.03,
        "Basic EPS": 0.03,
        "Diluted NI Availto Com Stockholders": 1148000.0,
        "Average Dilution Earnings": 0.0,
        "Net Income Common Stockholders": 1148000.0,
        "Preferred Stock Dividends": NaN,
        "Net Income": 1148000.0,
        "Net Income Including Noncontrolling Interests": 1148000.0,
        "Net Income Continuous Operations": 1148000.0,
        "Tax Provision": 401000.0,
        "Pretax Income": 1549000.0,
        "Other Income Expense": NaN,
        "Other Non Operating Income Expenses": NaN,
        "Earnings From Equity Interest": 0.0,
        "Net Non Operating Interest Income Expense": -63000.0,
        "Interest Expense Non Operating": 126000.0,
        "Interest Income Non Operating": 63000.0,
        "Operating Income": 1612000.0,
        "Operating Expense": 5267000.0,
        "Research And Development": 93000.0,
        "Selling General And Administration": 5174000.0,
        "General And Administrative Expense": 5174000.0,
        "Other Gand A": 5174000.0,
        "Gross Profit": 6879000.0,
        "Cost Of Revenue": 21503000.0,
        "Total Revenue": 28382000.0,
        "Operating Revenue": 28382000.0
    },
    "2024-10-31": {
        "Tax Effect Of Unusual Items": 0.0,
        "Tax Rate For Calcs": 0.238,
        "Normalized EBITDA": 1063000.0,
        "Net Income From Continuing Operation Net Minority Interest": 410000.0,
        "Reconciled Depreciation": 402000.0,
        "Reconciled Cost Of Revenue": 24410000.0,
        "EBITDA": 1063000.0,
        "EBIT": 661000.0,
        "Net Interest Income": -86000.0,
        "Interest Expense": 123000.0,
        "Interest Income": 37000.0,
        "Normalized Income": 410000.0,
        "Net Income From Continuing And Discontinued Operation": 410000.0,
        "Total Expenses": 30960000.0,
        "Total Operating Income As Reported": 563000.0,
        "Diluted Average Shares": 39442000.0,
        "Basic Average Shares": 37522000.0,
        "Diluted EPS": 0.01,
        "Basic EPS": 0.01,
        "Diluted NI Availto Com Stockholders": 410000.0,
        "Average Dilution Earnings": 0.0,
        "Net Income Common Stockholders": 410000.0,
        "Preferred Stock Dividends": NaN,
        "Net Income": 410000.0,
        "Net Income Including Noncontrolling Interests": 410000.0,
        "Net Income Continuous Operations": 410000.0,
        "Tax Provision": 128000.0,
        "Pretax Income": 538000.0,
        "Other Income Expense": 61000.0,
        "Other Non Operating Income Expenses": 61000.0,
        "Earnings From Equity Interest": 0.0,
        "Net Non Operating Interest Income Expense": -86000.0,
        "Interest Expense Non Operating": 123000.0,
        "Interest Income Non Operating": 37000.0,
        "Operating Income": 563000.0,
        "Operating Expense": 6550000.0,
        "Research And Development": 155000.0,
        "Selling General And Administration": 6395000.0,
        "General And Administrative Expense": NaN,
        "Other Gand A": NaN,
        "Gross Profit": 7113000.0,
        "Cost Of Revenue": 24410000.0,
        "Total Revenue": 31523000.0,
        "Operating Revenue": 32333000.0
    },
    "2025-01-31": {
        "Tax Effect Of Unusual Items": 0.0,
        "Tax Rate For Calcs": 0.152093,
        "Normalized EBITDA": 1998000.0,
        "Net Income From Continuing Operation Net Minority Interest": 1600000.0,
        "Reconciled Depreciation": -496000.0,
        "Reconciled Cost Of Revenue": 24507000.0,
        "EBITDA": 1998000.0,
        "EBIT": 1998000.0,
        "Net Interest Income": -85000.0,
        "Interest Expense": 111000.0,
        "Interest Income": 26000.0,
        "Normalized Income": 1600000.0,
        "Net Income From Continuing And Discontinued Operation": 1600000.0,
        "Total Expenses": 31656000.0,
        "Total Operating Income As Reported": 1929000.0,
        "Diluted Average Shares": 39576500.0,
        "Basic Average Shares": 37603500.0,
        "Diluted EPS": 0.04,
        "Basic EPS": 0.04,
        "Diluted NI Availto Com Stockholders": 1600000.0,
        "Average Dilution Earnings": NaN,
        "Net Income Common Stockholders": 1600000.0,
        "Preferred Stock Dividends": NaN,
        "Net Income": 1600000.0,
        "Net Income Including Noncontrolling Interests": 1600000.0,
        "Net Income Continuous Operations": 1600000.0,
        "Tax Provision": 287000.0,
        "Pretax Income": 1887000.0,
        "Other Income Expense": 43000.0,
        "Other Non Operating Income Expenses": 43000.0,
        "Earnings From Equity Interest": 0.0,
        "Net Non Operating Interest Income Expense": -85000.0,
        "Interest Expense Non Operating": 111000.0,
        "Interest Income Non Operating": 26000.0,
        "Operating Income": 1929000.0,
        "Operating Expense": 7149000.0,
        "Research And Development": 103000.0,
        "Selling General And Administration": 7046000.0,
        "General And Administrative Expense": NaN,
        "Other Gand A": NaN,
        "Gross Profit": 9078000.0,
        "Cost Of Revenue": 24507000.0,
        "Total Revenue": 33585000.0,
        "Operating Revenue": 34292000.0
    },
    "2025-04-30": {
        "Tax Effect Of Unusual Items": 0.0,
        "Tax Rate For Calcs": 0.185,
        "Normalized EBITDA": 2825000.0,
        "Net Income From Continuing Operation Net Minority Interest": 1237000.0,
        "Reconciled Depreciation": 1217000.0,
        "Reconciled Cost Of Revenue": 26071000.0,
        "EBITDA": 2825000.0,
        "EBIT": 1608000.0,
        "Net Interest Income": -61000.0,
        "Interest Expense": 91000.0,
        "Interest Income": 30000.0,
        "Normalized Income": 1237000.0,
        "Net Income From Continuing And Discontinued Operation": 1237000.0,
        "Total Expenses": 33677000.0,
        "Total Operating Income As Reported": 1578000.0,
        "Diluted Average Shares": 39378000.0,
        "Basic Average Shares": 37597000.0,
        "Diluted EPS": 0.03,
        "Basic EPS": 0.03,
        "Diluted NI Availto Com Stockholders": 1237000.0,
        "Average Dilution Earnings": NaN,
        "Net Income Common Stockholders": 1237000.0,
        "Preferred Stock Dividends": NaN,
        "Net Income": 1237000.0,
        "Net Income Including Noncontrolling Interests": 1237000.0,
        "Net Income Continuous Operations": 1237000.0,
        "Tax Provision": 280000.0,
        "Pretax Income": 1517000.0,
        "Other Income Expense": NaN,
        "Other Non Operating Income Expenses": NaN,
        "Earnings From Equity Interest": NaN,
        "Net Non Operating Interest Income Expense": -61000.0,
        "Interest Expense Non Operating": 91000.0,
        "Interest Income Non Operating": 30000.0,
        "Operating Income": 1578000.0,
        "Operating Expense": 7606000.0,
        "Research And Development": 73000.0,
        "Selling General And Administration": 7533000.0,
        "General And Administrative Expense": NaN,
        "Other Gand A": NaN,
        "Gross Profit": 9184000.0,
        "Cost Of Revenue": 26071000.0,
        "Total Revenue": 35255000.0,
        "Operating Revenue": 37504000.0
    },
    "2025-07-31": {
        "Tax Effect Of Unusual Items": 0.0,
        "Tax Rate For Calcs": 0.223708,
        "Normalized EBITDA": 2985000.0,
        "Net Income From Continuing Operation Net Minority Interest": 1277000.0,
        "Reconciled Depreciation": 1260000.0,
        "Reconciled Cost Of Revenue": 26432000.0,
        "EBITDA": 2985000.0,
        "EBIT": 1725000.0,
        "Net Interest Income": -55000.0,
        "Interest Expense": 80000.0,
        "Interest Income": 25000.0,
        "Normalized Income": 1277000.0,
        "Net Income From Continuing And Discontinued Operation": 1277000.0,
        "Total Expenses": 33503000.0,
        "Total Operating Income As Reported": 1700000.0,
        "Diluted Average Shares": 39744000.0,
        "Basic Average Shares": 37687000.0,
        "Diluted EPS": 0.03,
        "Basic EPS": 0.03,
        "Diluted NI Availto Com Stockholders": 1277000.0,
        "Average Dilution Earnings": NaN,
        "Net Income Common Stockholders": 1277000.0,
        "Preferred Stock Dividends": NaN,
        "Net Income": 1277000.0,
        "Net Income Including Noncontrolling Interests": 1277000.0,
        "Net Income Continuous Operations": 1277000.0,
        "Tax Provision": 368000.0,
        "Pretax Income": 1645000.0,
        "Other Income Expense": NaN,
        "Other Non Operating Income Expenses": NaN,
        "Earnings From Equity Interest": NaN,
        "Net Non Operating Interest Income Expense": -55000.0,
        "Interest Expense Non Operating": 80000.0,
        "Interest Income Non Operating": 25000.0,
        "Operating Income": 1700000.0,
        "Operating Expense": 7071000.0,
        "Research And Development": 55000.0,
        "Selling General And Administration": 7016000.0,
        "General And Administrative Expense": NaN,
        "Other Gand A": NaN,
        "Gross Profit": 8771000.0,
        "Cost Of Revenue": 26432000.0,
        "Total Revenue": 35203000.0,
        "Operating Revenue": 35203000.0
    }
}