{
    "2023-06-30": {
        "Tax Effect Of Unusual Items": NaN,
        "Tax Rate For Calcs": NaN,
        "Normalized EBITDA": NaN,
        "Total Unusual Items": NaN,
        "Total Unusual Items Excluding Goodwill": NaN,
        "Net Income From Continuing Operation Net Minority Interest": NaN,
        "Reconciled Depreciation": NaN,
        "Reconciled Cost Of Revenue": NaN,
        "EBITDA": NaN,
        "EBIT": NaN,
        "Net Interest Income": NaN,
        "Interest Expense": NaN,
        "Interest Income": NaN,
        "Normalized Income": NaN,
        "Net Income From Continuing And Discontinued Operation": NaN,
        "Total Expenses": NaN,
        "Total Operating Income As Reported": NaN,
        "Diluted Average Shares": 50700000.0,
        "Basic Average Shares": 50200000.0,
        "Diluted EPS": 1.29,
        "Basic EPS": 1.3,
        "Diluted NI Availto Com Stockholders": NaN,
        "Net Income Common Stockholders": NaN,
        "Net Income": NaN,
        "Net Income Including Noncontrolling Interests": NaN,
        "Net Income Continuous Operations": NaN,
        "Tax Provision": NaN,
        "Pretax Income": NaN,
        "Other Income Expense": NaN,
        "Other Non Operating Income Expenses": 4900000.0,
        "Gain On Sale Of Security": NaN,
        "Net Non Operating Interest Income Expense": NaN,
        "Interest Expense Non Operating": NaN,
        "Interest Income Non Operating": NaN,
        "Operating Income": NaN,
        "Operating Expense": NaN,
        "Selling General And Administration": NaN,
        "Gross Profit": NaN,
        "Cost Of Revenue": NaN,
        "Total Revenue": NaN,
        "Operating Revenue": NaN
    },
    "2023-03-31": {
        "Tax Effect Of Unusual Items": NaN,
        "Tax Rate For Calcs": NaN,
        "Normalized EBITDA": NaN,
        "Total Unusual Items": NaN,
        "Total Unusual Items Excluding Goodwill": NaN,
        "Net Income From Continuing Operation Net Minority Interest": NaN,
        "Reconciled Depreciation": NaN,
        "Reconciled Cost Of Revenue": NaN,
        "EBITDA": NaN,
        "EBIT": NaN,
        "Net Interest Income": NaN,
        "Interest Expense": NaN,
        "Interest Income": NaN,
        "Normalized Income": NaN,
        "Net Income From Continuing And Discontinued Operation": NaN,
        "Total Expenses": NaN,
        "Total Operating Income As Reported": NaN,
        "Diluted Average Shares": NaN,
        "Basic Average Shares": NaN,
        "Diluted EPS": NaN,
        "Basic EPS": NaN,
        "Diluted NI Availto Com Stockholders": NaN,
        "Net Income Common Stockholders": NaN,
        "Net Income": NaN,
        "Net Income Including Noncontrolling Interests": NaN,
        "Net Income Continuous Operations": NaN,
        "Tax Provision": NaN,
        "Pretax Income": NaN,
        "Other Income Expense": NaN,
        "Other Non Operating Income Expenses": 6200000.0,
        "Gain On Sale Of Security": NaN,
        "Net Non Operating Interest Income Expense": NaN,
        "Interest Expense Non Operating": NaN,
        "Interest Income Non Operating": NaN,
        "Operating Income": NaN,
        "Operating Expense": NaN,
        "Selling General And Administration": NaN,
        "Gross Profit": NaN,
        "Cost Of Revenue": NaN,
        "Total Revenue": NaN,
        "Operating Revenue": NaN
    },
    "2022-12-31": {
        "Tax Effect Of Unusual Items": -11130000.0,
        "Tax Rate For Calcs": 0.21,
        "Normalized EBITDA": 179200000.0,
        "Total Unusual Items": -53000000.0,
        "Total Unusual Items Excluding Goodwill": -53000000.0,
        "Net Income From Continuing Operation Net Minority Interest": 48700000.0,
        "Reconciled Depreciation": 20700000.0,
        "Reconciled Cost Of Revenue": 3933600000.0,
        "EBITDA": 126200000.0,
        "EBIT": 105500000.0,
        "Net Interest Income": -7300000.0,
        "Interest Expense": 15200000.0,
        "Interest Income": 7900000.0,
        "Normalized Income": 90570000.0,
        "Net Income From Continuing And Discontinued Operation": 48700000.0,
        "Total Expenses": 4658400000.0,
        "Total Operating Income As Reported": 100800000.0,
        "Diluted Average Shares": 51400000.0,
        "Basic Average Shares": 50800000.0,
        "Diluted EPS": 0.95,
        "Basic EPS": 0.96,
        "Diluted NI Availto Com Stockholders": 48700000.0,
        "Net Income Common Stockholders": 48700000.0,
        "Net Income": 48700000.0,
        "Net Income Including Noncontrolling Interests": 48700000.0,
        "Net Income Continuous Operations": 48700000.0,
        "Tax Provision": 41600000.0,
        "Pretax Income": 90300000.0,
        "Other Income Expense": -53200000.0,
        "Other Non Operating Income Expenses": -200000.0,
        "Gain On Sale Of Security": -3000000.0,
        "Net Non Operating Interest Income Expense": -7300000.0,
        "Interest Expense Non Operating": 15200000.0,
        "Interest Income Non Operating": 7900000.0,
        "Operating Income": 150800000.0,
        "Operating Expense": 724800000.0,
        "Selling General And Administration": 724800000.0,
        "Gross Profit": 875600000.0,
        "Cost Of Revenue": 3933600000.0,
        "Total Revenue": 4809200000.0,
        "Operating Revenue": 4809200000.0
    },
    "2022-09-30": {
        "Tax Effect Of Unusual Items": -1102678.571429,
        "Tax Rate For Calcs": 0.290179,
        "Normalized EBITDA": 192700000.0,
        "Total Unusual Items": -3800000.0,
        "Total Unusual Items Excluding Goodwill": -3800000.0,
        "Net Income From Continuing Operation Net Minority Interest": 111300000.0,
        "Reconciled Depreciation": 21400000.0,
        "Reconciled Cost Of Revenue": 3922400000.0,
        "EBITDA": 188900000.0,
        "EBIT": 167500000.0,
        "Net Interest Income": -6300000.0,
        "Interest Expense": 10700000.0,
        "Interest Income": 4400000.0,
        "Normalized Income": 113997321.428571,
        "Net Income From Continuing And Discontinued Operation": 111300000.0,
        "Total Expenses": 4639400000.0,
        "Total Operating Income As Reported": 161500000.0,
        "Diluted Average Shares": 52300000.0,
        "Basic Average Shares": 51700000.0,
        "Diluted EPS": 2.13,
        "Basic EPS": 2.15,
        "Diluted NI Availto Com Stockholders": 111300000.0,
        "Net Income Common Stockholders": 111300000.0,
        "Net Income": 111300000.0,
        "Net Income Including Noncontrolling Interests": 111300000.0,
        "Net Income Continuous Operations": 111300000.0,
        "Tax Provision": 45500000.0,
        "Pretax Income": 156800000.0,
        "Other Income Expense": 1600000.0,
        "Other Non Operating Income Expenses": 5400000.0,
        "Special Income Charges": NaN,
        "Impairment Of Capital Assets": NaN,
        "Gain On Sale Of Security": -3800000.0,
        "Net Non Operating Interest Income Expense": -6300000.0,
        "Interest Expense Non Operating": 10700000.0,
        "Interest Income Non Operating": 4400000.0,
        "Operating Income": 161500000.0,
        "Operating Expense": 717000000.0,
        "Selling General And Administration": 717000000.0,
        "Gross Profit": 878500000.0,
        "Cost Of Revenue": 3922400000.0,
        "Total Revenue": 4800900000.0,
        "Operating Revenue": 4800900000.0
    },
    "2022-06-30": {
        "Tax Effect Of Unusual Items": -982413.793103,
        "Tax Rate For Calcs": 0.297701,
        "Normalized EBITDA": 209100000.0,
        "Total Unusual Items": -3300000.0,
        "Total Unusual Items Excluding Goodwill": -3300000.0,
        "Net Income From Continuing Operation Net Minority Interest": 122200000.0,
        "Reconciled Depreciation": 21200000.0,
        "Reconciled Cost Of Revenue": 4152900000.0,
        "EBITDA": 205800000.0,
        "EBIT": 184600000.0,
        "Net Interest Income": -7800000.0,
        "Interest Expense": 10600000.0,
        "Interest Income": 2800000.0,
        "Normalized Income": 124517586.206897,
        "Net Income From Continuing And Discontinued Operation": 122200000.0,
        "Total Expenses": 4893400000.0,
        "Total Operating Income As Reported": 180700000.0,
        "Diluted Average Shares": 53400000.0,
        "Basic Average Shares": 52700000.0,
        "Diluted EPS": 2.29,
        "Basic EPS": 2.32,
        "Diluted NI Availto Com Stockholders": 122200000.0,
        "Net Income Common Stockholders": 122200000.0,
        "Net Income": 122200000.0,
        "Net Income Including Noncontrolling Interests": 122200000.0,
        "Net Income Continuous Operations": 122200000.0,
        "Tax Provision": 51800000.0,
        "Pretax Income": 174000000.0,
        "Other Income Expense": 1100000.0,
        "Other Non Operating Income Expenses": 4400000.0,
        "Special Income Charges": NaN,
        "Impairment Of Capital Assets": NaN,
        "Gain On Sale Of Security": -3300000.0,
        "Net Non Operating Interest Income Expense": -7800000.0,
        "Interest Expense Non Operating": 10600000.0,
        "Interest Income Non Operating": 2800000.0,
        "Operating Income": 180700000.0,
        "Operating Expense": 740500000.0,
        "Selling General And Administration": 740500000.0,
        "Gross Profit": 921200000.0,
        "Cost Of Revenue": 4152900000.0,
        "Total Revenue": 5074100000.0,
        "Operating Revenue": 5074100000.0
    },
    "2022-03-31": {
        "Diluted EPS": 1.68,
        "Total Revenue": NaN,
        "Gross Profit": 897,
        "Operating Income": 139,
        "EBIT": 160,
        "Net Income": 92
    },
    "2021-12-31": {
        "Diluted EPS": 2.01,
        "Total Revenue": NaN,
        "Gross Profit": 926,
        "Operating Income": 167,
        "EBIT": 189,
        "Net Income": 111
    },
    "2021-09-30": {
        "Diluted EPS": 1.77,
        "Total Revenue": NaN,
        "Gross Profit": 853,
        "Operating Income": 151,
        "EBIT": 167,
        "Net Income": 98
    },
    "2021-06-30": {
        "Diluted EPS": 2.02,
        "Total Revenue": NaN,
        "Gross Profit": 860,
        "Operating Income": 170,
        "EBIT": 186,
        "Net Income": 112
    },
    "2021-03-31": {
        "Diluted EPS": 1.11,
        "Total Revenue": NaN,
        "Gross Profit": 768,
        "Operating Income": 98,
        "EBIT": 116,
        "Net Income": 62
    },
    "2020-12-31": {
        "Diluted EPS": 1.31,
        "Total Revenue": NaN,
        "Gross Profit": 799,
        "Operating Income": 138,
        "EBIT": 159,
        "Net Income": 76
    },
    "2020-09-30": {
        "Diluted EPS": 0.18,
        "Total Revenue": NaN,
        "Gross Profit": 725,
        "Operating Income": 62,
        "EBIT": 80,
        "Net Income": 10
    },
    "2020-06-30": {
        "Diluted EPS": -1.11,
        "Total Revenue": NaN,
        "Gross Profit": 577,
        "Operating Income": -50,
        "EBIT": -32,
        "Net Income": -64
    },
    "2020-03-31": {
        "Diluted EPS": 0.03,
        "Total Revenue": NaN,
        "Gross Profit": 724,
        "Operating Income": 38,
        "EBIT": 56,
        "Net Income": 2
    },
    "2019-12-31": {
        "Diluted EPS": 2.31,
        "Total Revenue": NaN,
        "Gross Profit": 860,
        "Operating Income": 192,
        "EBIT": 212,
        "Net Income": 139
    },
    "2019-09-30": {
        "Diluted EPS": 2.42,
        "Total Revenue": NaN,
        "Gross Profit": 840,
        "Operating Income": 217,
        "EBIT": 235,
        "Net Income": 146
    },
    "2019-06-30": {
        "Diluted EPS": 2.11,
        "Total Revenue": NaN,
        "Gross Profit": 870,
        "Operating Income": 131,
        "EBIT": 150,
        "Net Income": 127
    },
    "2019-03-31": {
        "Diluted EPS": 0.88,
        "Total Revenue": NaN,
        "Gross Profit": 805,
        "Operating Income": 106,
        "EBIT": 125,
        "Net Income": 54
    },
    "2018-12-31": {
        "Diluted EPS": 2.51,
        "Total Revenue": NaN,
        "Gross Profit": 880,
        "Operating Income": 218,
        "EBIT": 239,
        "Net Income": 158
    },
    "2018-09-30": {
        "Diluted EPS": 2.43,
        "Total Revenue": NaN,
        "Gross Profit": 891,
        "Operating Income": 217,
        "EBIT": 239,
        "Net Income": 158
    },
    "2018-06-30": {
        "Diluted EPS": 2.17,
        "Total Revenue": NaN,
        "Gross Profit": 923,
        "Operating Income": 208,
        "EBIT": 230,
        "Net Income": 143
    },
    "2018-03-31": {
        "Diluted EPS": 1.45,
        "Total Revenue": NaN,
        "Gross Profit": 885,
        "Operating Income": 154,
        "EBIT": 176,
        "Net Income": 97
    },
    "2017-12-31": {
        "Diluted EPS": 3.19,
        "Total Revenue": NaN,
        "Gross Profit": 935,
        "Operating Income": 237,
        "EBIT": 260,
        "Net Income": 216
    },
    "2017-09-30": {
        "Diluted EPS": 2.04,
        "Total Revenue": NaN,
        "Gross Profit": 901,
        "Operating Income": 229,
        "EBIT": 250,
        "Net Income": 138
    },
    "2017-06-30": {
        "Diluted EPS": 1.72,
        "Total Revenue": NaN,
        "Gross Profit": 862,
        "Operating Income": 195,
        "EBIT": 216,
        "Net Income": 117
    },
    "2017-03-31": {
        "Diluted EPS": 1.09,
        "Total Revenue": NaN,
        "Gross Profit": 788,
        "Operating Income": 128,
        "EBIT": 148,
        "Net Income": 74
    },
    "2016-12-31": {
        "Diluted EPS": 1.82,
        "Total Revenue": NaN,
        "Gross Profit": 841,
        "Operating Income": 207,
        "EBIT": 228,
        "Net Income": 127
    },
    "2016-09-30": {
        "Diluted EPS": 1.87,
        "Total Revenue": NaN,
        "Gross Profit": 858,
        "Operating Income": 211,
        "EBIT": 233,
        "Net Income": 129
    },
    "2016-06-30": {
        "Diluted EPS": 1.6,
        "Total Revenue": NaN,
        "Gross Profit": 861,
        "Operating Income": 196,
        "EBIT": 217,
        "Net Income": 115
    },
    "2016-03-31": {
        "Diluted EPS": 0.98,
        "Total Revenue": NaN,
        "Gross Profit": 774,
        "Operating Income": 132,
        "EBIT": 153,
        "Net Income": 72
    },
    "2015-12-31": {
        "Diluted EPS": 1.63,
        "Total Revenue": NaN,
        "Gross Profit": 851,
        "Operating Income": 181,
        "EBIT": 202,
        "Net Income": 124
    },
    "2015-09-30": {
        "Diluted EPS": 1.61,
        "Total Revenue": NaN,
        "Gross Profit": 852,
        "Operating Income": 206,
        "EBIT": 226,
        "Net Income": 124
    },
    "2015-06-30": {
        "Diluted EPS": 1.33,
        "Total Revenue": NaN,
        "Gross Profit": 831,
        "Operating Income": 179,
        "EBIT": 198,
        "Net Income": 106
    },
    "2015-03-31": {
        "Diluted EPS": 0.83,
        "Total Revenue": NaN,
        "Gross Profit": 762,
        "Operating Income": 123,
        "EBIT": 142,
        "Net Income": 66
    },
    "2014-12-31": {
        "Diluted EPS": 1.48,
        "Total Revenue": NaN,
        "Gross Profit": 869,
        "Operating Income": 193,
        "EBIT": 213,
        "Net Income": 117
    },
    "2014-09-30": {
        "Diluted EPS": 1.61,
        "Total Revenue": NaN,
        "Gross Profit": 906,
        "Operating Income": 212,
        "EBIT": 233,
        "Net Income": 131
    },
    "2014-06-30": {
        "Diluted EPS": 1.35,
        "Total Revenue": NaN,
        "Gross Profit": 897,
        "Operating Income": 187,
        "EBIT": 209,
        "Net Income": 110
    },
    "2014-03-31": {
        "Diluted EPS": 0.86,
        "Total Revenue": NaN,
        "Gross Profit": 817,
        "Operating Income": 127,
        "EBIT": 149,
        "Net Income": 70
    },
    "2013-12-31": {
        "Diluted EPS": 1.26,
        "Total Revenue": NaN,
        "Gross Profit": 887,
        "Operating Income": 167,
        "EBIT": 190,
        "Net Income": 101
    },
    "2013-09-30": {
        "Diluted EPS": 1.18,
        "Total Revenue": NaN,
        "Gross Profit": 854,
        "Operating Income": 162,
        "EBIT": 185,
        "Net Income": 95
    },
    "2013-06-30": {
        "Diluted EPS": 0.87,
        "Total Revenue": NaN,
        "Gross Profit": 836,
        "Operating Income": 128,
        "EBIT": 152,
        "Net Income": 68
    },
    "2013-03-31": {
        "Diluted EPS": 0.31,
        "Total Revenue": NaN,
        "Gross Profit": 790,
        "Operating Income": 54,
        "EBIT": 79,
        "Net Income": 24
    },
    "2012-12-31": {
        "Diluted EPS": 0.67,
        "Total Revenue": NaN,
        "Gross Profit": 877,
        "Operating Income": 105,
        "EBIT": 130,
        "Net Income": 53
    },
    "2012-09-30": {
        "Diluted EPS": 0.79,
        "Total Revenue": NaN,
        "Gross Profit": 856,
        "Operating Income": 119,
        "EBIT": 144,
        "Net Income": 63
    },
    "2012-06-30": {
        "Diluted EPS": 0.51,
        "Total Revenue": NaN,
        "Gross Profit": 862,
        "Operating Income": 94,
        "EBIT": 119,
        "Net Income": 41
    },
    "2012-03-31": {
        "Diluted EPS": 0.5,
        "Total Revenue": NaN,
        "Gross Profit": 847,
        "Operating Income": 94,
        "EBIT": 118,
        "Net Income": 40
    },
    "2011-12-31": {
        "Diluted EPS": 0.77,
        "Total Revenue": NaN,
        "Gross Profit": 935,
        "Operating Income": 130,
        "EBIT": 156,
        "Net Income": 64
    },
    "2011-09-30": {
        "Diluted EPS": 0.97,
        "Total Revenue": NaN,
        "Gross Profit": 951,
        "Operating Income": 158,
        "EBIT": 184,
        "Net Income": 80
    },
    "2011-06-30": {
        "Diluted EPS": 0.87,
        "Total Revenue": NaN,
        "Gross Profit": 962,
        "Operating Income": 151,
        "EBIT": 177,
        "Net Income": 73
    },
    "2011-03-31": {
        "Diluted EPS": 0.43,
        "Total Revenue": NaN,
        "Gross Profit": 858,
        "Operating Income": 86,
        "EBIT": 112,
        "Net Income": 36
    },
    "2010-12-31": {
        "Diluted EPS": -4.32,
        "Total Revenue": NaN,
        "Gross Profit": 906,
        "Operating Income": -343,
        "EBIT": -313,
        "Net Income": -350
    },
    "2010-09-30": {
        "Diluted EPS": 0.62,
        "Total Revenue": NaN,
        "Gross Profit": 841,
        "Operating Income": 109,
        "EBIT": 139,
        "Net Income": 51
    },
    "2010-06-30": {
        "Diluted EPS": 0.4,
        "Total Revenue": NaN,
        "Gross Profit": 797,
        "Operating Income": 79,
        "EBIT": 108,
        "Net Income": 33
    },
    "2010-03-31": {
        "Diluted EPS": 0.04,
        "Total Revenue": NaN,
        "Gross Profit": 702,
        "Operating Income": 33,
        "EBIT": 54,
        "Net Income": 3
    },
    "2009-12-31": {
        "Diluted EPS": 0.36,
        "Total Revenue": NaN,
        "Gross Profit": 756,
        "Operating Income": 43,
        "EBIT": 67,
        "Net Income": 29
    },
    "2009-09-30": {
        "Diluted EPS": -0.67,
        "Total Revenue": NaN,
        "Gross Profit": 704,
        "Operating Income": -22,
        "EBIT": 4,
        "Net Income": -53
    },
    "2009-06-30": {
        "Diluted EPS": 0.21,
        "Total Revenue": NaN,
        "Gross Profit": 692,
        "Operating Income": 19,
        "EBIT": 43,
        "Net Income": 16
    },
    "2009-03-31": {
        "Diluted EPS": -0.02,
        "Total Revenue": NaN,
        "Gross Profit": 666,
        "Operating Income": 1,
        "EBIT": 25,
        "Net Income": -2
    },
    "2023-09-30": {
        "Tax Effect Of Unusual Items": NaN,
        "Tax Rate For Calcs": NaN,
        "Normalized EBITDA": NaN,
        "Total Unusual Items": NaN,
        "Total Unusual Items Excluding Goodwill": NaN,
        "Net Income From Continuing Operation Net Minority Interest": NaN,
        "Reconciled Depreciation": NaN,
        "Reconciled Cost Of Revenue": NaN,
        "EBITDA": NaN,
        "EBIT": NaN,
        "Net Interest Income": NaN,
        "Interest Expense": NaN,
        "Interest Income": NaN,
        "Normalized Income": NaN,
        "Net Income From Continuing And Discontinued Operation": NaN,
        "Total Expenses": NaN,
        "Total Operating Income As Reported": NaN,
        "Diluted Average Shares": NaN,
        "Basic Average Shares": NaN,
        "Diluted EPS": NaN,
        "Basic EPS": NaN,
        "Diluted NI Availto Com Stockholders": NaN,
        "Net Income Common Stockholders": NaN,
        "Net Income": NaN,
        "Net Income Including Noncontrolling Interests": NaN,
        "Net Income Continuous Operations": NaN,
        "Tax Provision": NaN,
        "Pretax Income": NaN,
        "Other Income Expense": NaN,
        "Other Non Operating Income Expenses": 3900000.0,
        "Gain On Sale Of Security": NaN,
        "Net Non Operating Interest Income Expense": NaN,
        "Interest Expense Non Operating": NaN,
        "Interest Income Non Operating": NaN,
        "Operating Income": NaN,
        "Operating Expense": NaN,
        "Selling General And Administration": NaN,
        "Gross Profit": NaN,
        "Cost Of Revenue": NaN,
        "Total Revenue": NaN,
        "Operating Revenue": NaN
    },
    "2023-12-31": {
        "Tax Effect Of Unusual Items": NaN,
        "Tax Rate For Calcs": NaN,
        "Normalized EBITDA": NaN,
        "Total Unusual Items": NaN,
        "Total Unusual Items Excluding Goodwill": NaN,
        "Net Income From Continuing Operation Net Minority Interest": NaN,
        "Reconciled Depreciation": NaN,
        "Reconciled Cost Of Revenue": NaN,
        "EBITDA": NaN,
        "EBIT": NaN,
        "Net Interest Income": NaN,
        "Interest Expense": NaN,
        "Interest Income": NaN,
        "Normalized Income": NaN,
        "Net Income From Continuing And Discontinued Operation": NaN,
        "Total Expenses": NaN,
        "Total Operating Income As Reported": NaN,
        "Diluted Average Shares": NaN,
        "Basic Average Shares": NaN,
        "Diluted EPS": NaN,
        "Basic EPS": NaN,
        "Diluted NI Availto Com Stockholders": NaN,
        "Net Income Common Stockholders": NaN,
        "Net Income": NaN,
        "Net Income Including Noncontrolling Interests": NaN,
        "Net Income Continuous Operations": NaN,
        "Tax Provision": NaN,
        "Pretax Income": NaN,
        "Other Income Expense": NaN,
        "Other Non Operating Income Expenses": 2400000.0,
        "Special Income Charges": NaN,
        "Impairment Of Capital Assets": NaN,
        "Gain On Sale Of Security": NaN,
        "Net Non Operating Interest Income Expense": NaN,
        "Interest Expense Non Operating": NaN,
        "Interest Income Non Operating": NaN,
        "Operating Income": NaN,
        "Operating Expense": NaN,
        "Selling General And Administration": NaN,
        "Gross Profit": NaN,
        "Cost Of Revenue": NaN,
        "Total Revenue": NaN,
        "Operating Revenue": NaN
    },
    "2024-03-31": {
        "Tax Effect Of Unusual Items": NaN,
        "Tax Rate For Calcs": NaN,
        "Normalized EBITDA": NaN,
        "Total Unusual Items": NaN,
        "Total Unusual Items Excluding Goodwill": NaN,
        "Net Income From Continuing Operation Net Minority Interest": NaN,
        "Reconciled Depreciation": NaN,
        "Reconciled Cost Of Revenue": NaN,
        "EBITDA": NaN,
        "EBIT": NaN,
        "Net Interest Income": NaN,
        "Interest Expense": NaN,
        "Interest Income": NaN,
        "Normalized Income": NaN,
        "Net Income From Continuing And Discontinued Operation": NaN,
        "Total Expenses": NaN,
        "Total Operating Income As Reported": NaN,
        "Diluted Average Shares": NaN,
        "Basic Average Shares": NaN,
        "Diluted EPS": NaN,
        "Basic EPS": NaN,
        "Diluted NI Availto Com Stockholders": NaN,
        "Net Income Common Stockholders": NaN,
        "Net Income": NaN,
        "Net Income Including Noncontrolling Interests": NaN,
        "Net Income Continuous Operations": NaN,
        "Tax Provision": NaN,
        "Pretax Income": NaN,
        "Other Income Expense": NaN,
        "Other Non Operating Income Expenses": 6300000.0,
        "Special Income Charges": NaN,
        "Impairment Of Capital Assets": NaN,
        "Gain On Sale Of Security": NaN,
        "Net Non Operating Interest Income Expense": NaN,
        "Interest Expense Non Operating": NaN,
        "Interest Income Non Operating": NaN,
        "Operating Income": NaN,
        "Operating Expense": NaN,
        "Selling General And Administration": NaN,
        "Gross Profit": NaN,
        "Cost Of Revenue": NaN,
        "Total Revenue": NaN,
        "Operating Revenue": NaN
    },
    "2024-06-30": {
        "Tax Effect Of Unusual Items": NaN,
        "Tax Rate For Calcs": NaN,
        "Normalized EBITDA": NaN,
        "Total Unusual Items": NaN,
        "Total Unusual Items Excluding Goodwill": NaN,
        "Net Income From Continuing Operation Net Minority Interest": NaN,
        "Reconciled Depreciation": NaN,
        "Reconciled Cost Of Revenue": NaN,
        "EBITDA": NaN,
        "EBIT": NaN,
        "Net Interest Income": NaN,
        "Interest Expense": NaN,
        "Interest Income": NaN,
        "Normalized Income": NaN,
        "Net Income From Continuing And Discontinued Operation": NaN,
        "Total Expenses": NaN,
        "Total Operating Income As Reported": NaN,
        "Diluted Average Shares": NaN,
        "Basic Average Shares": NaN,
        "Diluted EPS": NaN,
        "Basic EPS": NaN,
        "Diluted NI Availto Com Stockholders": NaN,
        "Net Income Common Stockholders": NaN,
        "Net Income": NaN,
        "Net Income Including Noncontrolling Interests": NaN,
        "Net Income Continuous Operations": NaN,
        "Tax Provision": NaN,
        "Pretax Income": NaN,
        "Other Income Expense": NaN,
        "Other Non Operating Income Expenses": 6500000.0,
        "Special Income Charges": 0.0,
        "Impairment Of Capital Assets": 0.0,
        "Gain On Sale Of Security": NaN,
        "Net Non Operating Interest Income Expense": NaN,
        "Interest Expense Non Operating": NaN,
        "Interest Income Non Operating": NaN,
        "Operating Income": NaN,
        "Operating Expense": NaN,
        "Selling General And Administration": NaN,
        "Gross Profit": NaN,
        "Cost Of Revenue": NaN,
        "Total Revenue": NaN,
        "Operating Revenue": NaN
    },
    "2024-09-30": {
        "Tax Effect Of Unusual Items": -210000.0,
        "Tax Rate For Calcs": 0.21,
        "Normalized EBITDA": 106600000.0,
        "Total Unusual Items": -1000000.0,
        "Total Unusual Items Excluding Goodwill": -1000000.0,
        "Net Income From Continuing Operation Net Minority Interest": 22800000.0,
        "Reconciled Depreciation": 21800000.0,
        "Reconciled Cost Of Revenue": 3748100000.0,
        "EBITDA": 105600000.0,
        "EBIT": 83800000.0,
        "Net Interest Income": -10600000.0,
        "Interest Expense": 24600000.0,
        "Interest Income": 14000000.0,
        "Normalized Income": 23590000.0,
        "Net Income From Continuing And Discontinued Operation": 22800000.0,
        "Total Expenses": 4459400000.0,
        "Total Operating Income As Reported": 70800000.0,
        "Diluted Average Shares": 48100000.0,
        "Basic Average Shares": 47600000.0,
        "Diluted EPS": 0.47,
        "Basic EPS": 0.48,
        "Diluted NI Availto Com Stockholders": 22800000.0,
        "Net Income Common Stockholders": 22800000.0,
        "Net Income": 22800000.0,
        "Net Income Including Noncontrolling Interests": 22800000.0,
        "Net Income Continuous Operations": 22800000.0,
        "Tax Provision": 36400000.0,
        "Pretax Income": 59200000.0,
        "Other Income Expense": -1000000.0,
        "Other Non Operating Income Expenses": NaN,
        "Special Income Charges": NaN,
        "Impairment Of Capital Assets": NaN,
        "Gain On Sale Of Security": -1000000.0,
        "Net Non Operating Interest Income Expense": -10600000.0,
        "Interest Expense Non Operating": 24600000.0,
        "Interest Income Non Operating": 14000000.0,
        "Operating Income": 70800000.0,
        "Operating Expense": 711300000.0,
        "Selling General And Administration": 711300000.0,
        "Gross Profit": 782100000.0,
        "Cost Of Revenue": 3748100000.0,
        "Total Revenue": 4530200000.0,
        "Operating Revenue": 4530200000.0
    },
    "2024-12-31": {
        "Tax Effect Of Unusual Items": -210000.0,
        "Tax Rate For Calcs": 0.21,
        "Normalized EBITDA": 93500000.0,
        "Total Unusual Items": -1000000.0,
        "Total Unusual Items Excluding Goodwill": -1000000.0,
        "Net Income From Continuing Operation Net Minority Interest": 22500000.0,
        "Reconciled Depreciation": 21800000.0,
        "Reconciled Cost Of Revenue": 3644600000.0,
        "EBITDA": 92500000.0,
        "EBIT": 70700000.0,
        "Net Interest Income": -33200000.0,
        "Interest Expense": 23000000.0,
        "Interest Income": -10200000.0,
        "Normalized Income": 23290000.0,
        "Net Income From Continuing And Discontinued Operation": 22500000.0,
        "Total Expenses": 4331500000.0,
        "Total Operating Income As Reported": 68200000.0,
        "Diluted Average Shares": 47700000.0,
        "Basic Average Shares": 47200000.0,
        "Diluted EPS": 0.47,
        "Basic EPS": 0.48,
        "Diluted NI Availto Com Stockholders": 22500000.0,
        "Net Income Common Stockholders": 22500000.0,
        "Net Income": 22500000.0,
        "Net Income Including Noncontrolling Interests": 22500000.0,
        "Net Income Continuous Operations": 22500000.0,
        "Tax Provision": 25200000.0,
        "Pretax Income": 47700000.0,
        "Other Income Expense": 12700000.0,
        "Other Non Operating Income Expenses": NaN,
        "Special Income Charges": NaN,
        "Impairment Of Capital Assets": NaN,
        "Gain On Sale Of Security": -1000000.0,
        "Net Non Operating Interest Income Expense": -33200000.0,
        "Interest Expense Non Operating": 23000000.0,
        "Interest Income Non Operating": -10200000.0,
        "Operating Income": 68200000.0,
        "Operating Expense": 686900000.0,
        "Selling General And Administration": 686900000.0,
        "Gross Profit": 755100000.0,
        "Cost Of Revenue": 3644600000.0,
        "Total Revenue": 4399700000.0,
        "Operating Revenue": 4399700000.0
    },
    "2025-03-31": {
        "Tax Effect Of Unusual Items": -189000.0,
        "Tax Rate For Calcs": 0.21,
        "Normalized EBITDA": 61300000.0,
        "Total Unusual Items": -900000.0,
        "Total Unusual Items Excluding Goodwill": -900000.0,
        "Net Income From Continuing Operation Net Minority Interest": 5600000.0,
        "Reconciled Depreciation": 21200000.0,
        "Reconciled Cost Of Revenue": 3392000000.0,
        "EBITDA": 60400000.0,
        "EBIT": 39200000.0,
        "Net Interest Income": -15600000.0,
        "Interest Expense": 22500000.0,
        "Interest Income": 6900000.0,
        "Normalized Income": 6311000.0,
        "Net Income From Continuing And Discontinued Operation": 5600000.0,
        "Total Expenses": 4062100000.0,
        "Total Operating Income As Reported": 28200000.0,
        "Diluted Average Shares": 47300000.0,
        "Basic Average Shares": 46800000.0,
        "Diluted EPS": 0.12,
        "Basic EPS": 0.12,
        "Diluted NI Availto Com Stockholders": 5600000.0,
        "Net Income Common Stockholders": 5600000.0,
        "Net Income": 5600000.0,
        "Net Income Including Noncontrolling Interests": 5600000.0,
        "Net Income Continuous Operations": 5600000.0,
        "Tax Provision": 11100000.0,
        "Pretax Income": 16700000.0,
        "Other Income Expense": 4100000.0,
        "Other Non Operating Income Expenses": 5000000.0,
        "Special Income Charges": NaN,
        "Impairment Of Capital Assets": NaN,
        "Gain On Sale Of Security": -900000.0,
        "Net Non Operating Interest Income Expense": -15600000.0,
        "Interest Expense Non Operating": 22500000.0,
        "Interest Income Non Operating": 6900000.0,
        "Operating Income": 28200000.0,
        "Operating Expense": 670100000.0,
        "Selling General And Administration": 670100000.0,
        "Gross Profit": 698300000.0,
        "Cost Of Revenue": 3392000000.0,
        "Total Revenue": 4090300000.0,
        "Operating Revenue": 4090300000.0
    },
    "2025-06-30": {
        "Tax Effect Of Unusual Items": -18900000.0,
        "Tax Rate For Calcs": 0.21,
        "Normalized EBITDA": 96400000.0,
        "Total Unusual Items": -90000000.0,
        "Total Unusual Items Excluding Goodwill": -90000000.0,
        "Net Income From Continuing Operation Net Minority Interest": -67100000.0,
        "Reconciled Depreciation": 22200000.0,
        "Reconciled Cost Of Revenue": 3755600000.0,
        "EBITDA": 6400000.0,
        "EBIT": -15800000.0,
        "Net Interest Income": -15200000.0,
        "Interest Expense": 26000000.0,
        "Interest Income": 10800000.0,
        "Normalized Income": 4000000.0,
        "Net Income From Continuing And Discontinued Operation": -67100000.0,
        "Total Expenses": 4455900000.0,
        "Total Operating Income As Reported": -25300000.0,
        "Diluted Average Shares": 46500000.0,
        "Basic Average Shares": 46500000.0,
        "Diluted EPS": -1.44,
        "Basic EPS": -1.44,
        "Diluted NI Availto Com Stockholders": -67100000.0,
        "Net Income Common Stockholders": -67100000.0,
        "Net Income": -67100000.0,
        "Net Income Including Noncontrolling Interests": -67100000.0,
        "Net Income Continuous Operations": -67100000.0,
        "Tax Provision": 25300000.0,
        "Pretax Income": -41800000.0,
        "Other Income Expense": -90000000.0,
        "Other Non Operating Income Expenses": 2600000.0,
        "Special Income Charges": -88700000.0,
        "Impairment Of Capital Assets": 88700000.0,
        "Gain On Sale Of Security": -1300000.0,
        "Net Non Operating Interest Income Expense": -15200000.0,
        "Interest Expense Non Operating": 26000000.0,
        "Interest Income Non Operating": 10800000.0,
        "Operating Income": 63400000.0,
        "Operating Expense": 700300000.0,
        "Selling General And Administration": 700300000.0,
        "Gross Profit": 763700000.0,
        "Cost Of Revenue": 3755600000.0,
        "Total Revenue": 4519300000.0,
        "Operating Revenue": 4519300000.0
    },
    "2025-09-30": {
        "Tax Effect Of Unusual Items": -504000.0,
        "Tax Rate For Calcs": 0.21,
        "Normalized EBITDA": 101400000.0,
        "Total Unusual Items": -2400000.0,
        "Total Unusual Items Excluding Goodwill": -2400000.0,
        "Net Income From Continuing Operation Net Minority Interest": 18000000.0,
        "Reconciled Depreciation": 22100000.0,
        "Reconciled Cost Of Revenue": 3865500000.0,
        "EBITDA": 99000000.0,
        "EBIT": 76900000.0,
        "Net Interest Income": -11300000.0,
        "Interest Expense": 24000000.0,
        "Interest Income": 12700000.0,
        "Normalized Income": 19896000.0,
        "Net Income From Continuing And Discontinued Operation": 18000000.0,
        "Total Expenses": 4567800000.0,
        "Total Operating Income As Reported": 66600000.0,
        "Diluted Average Shares": 46900000.0,
        "Basic Average Shares": 46500000.0,
        "Diluted EPS": 0.38,
        "Basic EPS": 0.39,
        "Diluted NI Availto Com Stockholders": 18000000.0,
        "Net Income Common Stockholders": 18000000.0,
        "Net Income": 18000000.0,
        "Net Income Including Noncontrolling Interests": 18000000.0,
        "Net Income Continuous Operations": 18000000.0,
        "Tax Provision": 34900000.0,
        "Pretax Income": 52900000.0,
        "Other Income Expense": -2400000.0,
        "Other Non Operating Income Expenses": NaN,
        "Special Income Charges": 0.0,
        "Impairment Of Capital Assets": 0.0,
        "Gain On Sale Of Security": -2400000.0,
        "Net Non Operating Interest Income Expense": -11300000.0,
        "Interest Expense Non Operating": 24000000.0,
        "Interest Income Non Operating": 12700000.0,
        "Operating Income": 66600000.0,
        "Operating Expense": 702300000.0,
        "Selling General And Administration": 702300000.0,
        "Gross Profit": 768900000.0,
        "Cost Of Revenue": 3865500000.0,
        "Total Revenue": 4634400000.0,
        "Operating Revenue": 4634400000.0
    }
}