{
    "2023-03-31": {
        "Tax Effect Of Unusual Items": NaN,
        "Tax Rate For Calcs": NaN,
        "Normalized EBITDA": NaN,
        "Total Unusual Items": NaN,
        "Total Unusual Items Excluding Goodwill": NaN,
        "Net Income From Continuing Operation Net Minority Interest": NaN,
        "Reconciled Depreciation": NaN,
        "Reconciled Cost Of Revenue": NaN,
        "EBITDA": NaN,
        "EBIT": NaN,
        "Net Interest Income": NaN,
        "Interest Expense": NaN,
        "Interest Income": NaN,
        "Normalized Income": NaN,
        "Net Income From Continuing And Discontinued Operation": NaN,
        "Total Expenses": NaN,
        "Total Operating Income As Reported": NaN,
        "Diluted Average Shares": NaN,
        "Basic Average Shares": NaN,
        "Diluted EPS": NaN,
        "Basic EPS": NaN,
        "Diluted NI Availto Com Stockholders": NaN,
        "Net Income Common Stockholders": NaN,
        "Otherunder Preferred Stock Dividend": NaN,
        "Net Income": NaN,
        "Net Income Including Noncontrolling Interests": NaN,
        "Net Income Continuous Operations": NaN,
        "Tax Provision": NaN,
        "Pretax Income": NaN,
        "Other Income Expense": NaN,
        "Other Non Operating Income Expenses": NaN,
        "Special Income Charges": NaN,
        "Gain On Sale Of Ppe": NaN,
        "Other Special Charges": NaN,
        "Write Off": NaN,
        "Impairment Of Capital Assets": 6151000.0,
        "Earnings From Equity Interest": NaN,
        "Gain On Sale Of Security": NaN,
        "Net Non Operating Interest Income Expense": NaN,
        "Interest Expense Non Operating": NaN,
        "Interest Income Non Operating": NaN,
        "Operating Income": NaN,
        "Operating Expense": NaN,
        "Depreciation Amortization Depletion Income Statement": NaN,
        "Depreciation And Amortization In Income Statement": NaN,
        "Amortization": NaN,
        "Amortization Of Intangibles Income Statement": NaN,
        "Research And Development": NaN,
        "Selling General And Administration": NaN,
        "General And Administrative Expense": NaN,
        "Other Gand A": NaN,
        "Gross Profit": NaN,
        "Cost Of Revenue": NaN,
        "Total Revenue": NaN,
        "Operating Revenue": NaN
    },
    "2022-12-31": {
        "Tax Effect Of Unusual Items": NaN,
        "Tax Rate For Calcs": NaN,
        "Normalized EBITDA": NaN,
        "Total Unusual Items": NaN,
        "Total Unusual Items Excluding Goodwill": NaN,
        "Net Income From Continuing Operation Net Minority Interest": NaN,
        "Reconciled Depreciation": NaN,
        "Reconciled Cost Of Revenue": NaN,
        "EBITDA": NaN,
        "EBIT": NaN,
        "Net Interest Income": NaN,
        "Interest Expense": NaN,
        "Interest Income": NaN,
        "Normalized Income": NaN,
        "Net Income From Continuing And Discontinued Operation": NaN,
        "Total Expenses": NaN,
        "Total Operating Income As Reported": NaN,
        "Diluted Average Shares": NaN,
        "Basic Average Shares": NaN,
        "Diluted EPS": NaN,
        "Basic EPS": NaN,
        "Diluted NI Availto Com Stockholders": NaN,
        "Net Income Common Stockholders": NaN,
        "Otherunder Preferred Stock Dividend": NaN,
        "Net Income": NaN,
        "Net Income Including Noncontrolling Interests": NaN,
        "Net Income Continuous Operations": NaN,
        "Tax Provision": NaN,
        "Pretax Income": NaN,
        "Other Income Expense": NaN,
        "Other Non Operating Income Expenses": NaN,
        "Special Income Charges": NaN,
        "Gain On Sale Of Ppe": -6235824.0,
        "Other Special Charges": NaN,
        "Write Off": 16674000.0,
        "Impairment Of Capital Assets": 353102261.0,
        "Earnings From Equity Interest": NaN,
        "Gain On Sale Of Security": NaN,
        "Net Non Operating Interest Income Expense": NaN,
        "Interest Expense Non Operating": NaN,
        "Interest Income Non Operating": NaN,
        "Operating Income": NaN,
        "Operating Expense": NaN,
        "Depreciation Amortization Depletion Income Statement": NaN,
        "Depreciation And Amortization In Income Statement": NaN,
        "Amortization": NaN,
        "Amortization Of Intangibles Income Statement": NaN,
        "Research And Development": NaN,
        "Selling General And Administration": NaN,
        "General And Administrative Expense": NaN,
        "Other Gand A": NaN,
        "Gross Profit": NaN,
        "Cost Of Revenue": NaN,
        "Total Revenue": NaN,
        "Operating Revenue": NaN
    },
    "2022-09-30": {
        "Tax Effect Of Unusual Items": NaN,
        "Tax Rate For Calcs": NaN,
        "Normalized EBITDA": NaN,
        "Total Unusual Items": NaN,
        "Total Unusual Items Excluding Goodwill": NaN,
        "Net Income From Continuing Operation Net Minority Interest": NaN,
        "Reconciled Depreciation": NaN,
        "Reconciled Cost Of Revenue": NaN,
        "EBITDA": NaN,
        "EBIT": NaN,
        "Net Interest Income": NaN,
        "Interest Expense": NaN,
        "Normalized Income": NaN,
        "Net Income From Continuing And Discontinued Operation": NaN,
        "Total Expenses": NaN,
        "Total Operating Income As Reported": NaN,
        "Diluted Average Shares": 116533816.0,
        "Basic Average Shares": 116533816.0,
        "Diluted EPS": -0.62,
        "Basic EPS": -0.62,
        "Diluted NI Availto Com Stockholders": NaN,
        "Net Income Common Stockholders": NaN,
        "Otherunder Preferred Stock Dividend": 0.0,
        "Net Income": NaN,
        "Net Income Including Noncontrolling Interests": NaN,
        "Net Income Continuous Operations": NaN,
        "Tax Provision": NaN,
        "Pretax Income": NaN,
        "Other Income Expense": NaN,
        "Other Non Operating Income Expenses": NaN,
        "Special Income Charges": NaN,
        "Gain On Sale Of Ppe": 29819000.0,
        "Other Special Charges": NaN,
        "Write Off": 39000000.0,
        "Impairment Of Capital Assets": NaN,
        "Earnings From Equity Interest": 0.0,
        "Gain On Sale Of Security": NaN,
        "Net Non Operating Interest Income Expense": NaN,
        "Interest Expense Non Operating": NaN,
        "Operating Income": NaN,
        "Operating Expense": NaN,
        "Depreciation Amortization Depletion Income Statement": NaN,
        "Depreciation And Amortization In Income Statement": NaN,
        "Amortization": NaN,
        "Amortization Of Intangibles Income Statement": NaN,
        "Research And Development": NaN,
        "Selling General And Administration": NaN,
        "General And Administrative Expense": NaN,
        "Other Gand A": NaN,
        "Gross Profit": NaN,
        "Cost Of Revenue": NaN,
        "Total Revenue": NaN,
        "Operating Revenue": NaN
    },
    "2022-06-30": {
        "Tax Effect Of Unusual Items": -27763486.0,
        "Tax Rate For Calcs": 0.4,
        "Normalized EBITDA": -88615959.0,
        "Total Unusual Items": -69408715.0,
        "Total Unusual Items Excluding Goodwill": -69408715.0,
        "Net Income From Continuing Operation Net Minority Interest": -191646642.0,
        "Reconciled Depreciation": 20021422.0,
        "Reconciled Cost Of Revenue": 41394556.0,
        "EBITDA": -158024674.0,
        "EBIT": -178046096.0,
        "Net Interest Income": -3748322.0,
        "Interest Expense": 3748322.0,
        "Normalized Income": -150001413.0,
        "Net Income From Continuing And Discontinued Operation": -191646642.0,
        "Total Expenses": 54035887.0,
        "Total Operating Income As Reported": -178211376.0,
        "Diluted Average Shares": 109437293.0,
        "Basic Average Shares": 109437293.0,
        "Diluted EPS": -1.94,
        "Basic EPS": -1.94,
        "Diluted NI Availto Com Stockholders": -191646642.0,
        "Net Income Common Stockholders": -191646642.0,
        "Otherunder Preferred Stock Dividend": NaN,
        "Net Income": -191646642.0,
        "Net Income Including Noncontrolling Interests": -191646642.0,
        "Net Income Continuous Operations": -191646642.0,
        "Tax Provision": 9852224.0,
        "Pretax Income": -181794418.0,
        "Other Income Expense": -148932025.0,
        "Other Non Operating Income Expenses": -79523310.0,
        "Special Income Charges": -69408715.0,
        "Gain On Sale Of Ppe": 58181516.0,
        "Other Special Charges": NaN,
        "Write Off": 127590231.0,
        "Impairment Of Capital Assets": 127590231.0,
        "Gain On Sale Of Security": NaN,
        "Net Non Operating Interest Income Expense": -3748322.0,
        "Interest Expense Non Operating": 3748322.0,
        "Operating Income": -29114071.0,
        "Operating Expense": 12641331.0,
        "Selling General And Administration": 12641331.0,
        "General And Administrative Expense": 12641331.0,
        "Other Gand A": 12641331.0,
        "Gross Profit": -16472740.0,
        "Cost Of Revenue": 41394556.0,
        "Total Revenue": 24921816.0,
        "Operating Revenue": 24921816.0
    },
    "2022-03-31": {
        "Diluted EPS": -0.12,
        "Total Revenue": 52,
        "Gross Profit": 25,
        "Operating Income": -15,
        "EBIT": 5,
        "Net Income": -13
    },
    "2021-12-31": {
        "Diluted EPS": 0.07,
        "Total Revenue": 69,
        "Gross Profit": 46,
        "Operating Income": 167,
        "EBIT": 174,
        "Net Income": 11
    },
    "2021-09-30": {
        "Diluted EPS": -0.22,
        "Total Revenue": 52,
        "Gross Profit": 41,
        "Operating Income": -22,
        "EBIT": -19,
        "Net Income": -22
    },
    "2021-06-30": {
        "Diluted EPS": -1.09,
        "Total Revenue": 29,
        "Gross Profit": 22,
        "Operating Income": -110,
        "EBIT": -107,
        "Net Income": -109
    },
    "2021-03-31": {
        "Diluted EPS": 0.87,
        "Total Revenue": 9,
        "Gross Profit": 7,
        "Operating Income": -47,
        "EBIT": -46,
        "Net Income": 83
    },
    "2020-12-31": {
        "Diluted EPS": 0.18,
        "Total Revenue": 3,
        "Gross Profit": -1,
        "Operating Income": -5,
        "EBIT": -4,
        "Net Income": -5
    },
    "2020-09-30": {
        "Diluted EPS": -0.06,
        "Total Revenue": 1,
        "Gross Profit": -1,
        "Operating Income": -2,
        "EBIT": -1,
        "Net Income": -2
    },
    "2020-06-30": {
        "Diluted EPS": -0.13,
        "Total Revenue": 0,
        "Gross Profit": 0,
        "Operating Income": -2,
        "EBIT": -1,
        "Net Income": -2
    },
    "2020-03-31": {
        "Diluted EPS": -0.12,
        "Total Revenue": 1,
        "Gross Profit": -1,
        "Operating Income": -1,
        "EBIT": -1,
        "Net Income": -1
    },
    "2019-12-31": {
        "Diluted EPS": -0.16,
        "Total Revenue": 0,
        "Gross Profit": -1,
        "Operating Income": -2,
        "EBIT": -1,
        "Net Income": -1
    },
    "2019-09-30": {
        "Diluted EPS": -0.12,
        "Total Revenue": 0,
        "Gross Profit": 0,
        "Operating Income": -1,
        "EBIT": -1,
        "Net Income": -1
    },
    "2019-06-30": {
        "Diluted EPS": -0.09,
        "Total Revenue": 0,
        "Gross Profit": 0,
        "Operating Income": -1,
        "EBIT": -1,
        "Net Income": -1
    },
    "2019-03-31": {
        "Diluted EPS": -0.16,
        "Total Revenue": 0,
        "Gross Profit": 0,
        "Operating Income": -1,
        "EBIT": -1,
        "Net Income": -1
    },
    "2018-12-31": {
        "Diluted EPS": -0.63,
        "Total Revenue": 0,
        "Gross Profit": -1,
        "Operating Income": -4,
        "EBIT": -4,
        "Net Income": -4
    },
    "2018-09-30": {
        "Diluted EPS": -0.22,
        "Total Revenue": 0,
        "Gross Profit": -1,
        "Operating Income": -1,
        "EBIT": -1,
        "Net Income": -1
    },
    "2018-06-30": {
        "Diluted EPS": -0.93,
        "Total Revenue": 1,
        "Gross Profit": 0,
        "Operating Income": -4,
        "EBIT": -3,
        "Net Income": -5
    },
    "2018-03-31": {
        "Diluted EPS": -0.63,
        "Total Revenue": 0,
        "Gross Profit": 0,
        "Operating Income": -2,
        "EBIT": 0,
        "Net Income": -2
    },
    "2017-12-31": {
        "Diluted EPS": -10.36,
        "Total Revenue": 0,
        "Gross Profit": -2,
        "Operating Income": -5,
        "EBIT": 1,
        "Net Income": -19
    },
    "2017-09-30": {
        "Diluted EPS": -4.24,
        "Total Revenue": 0,
        "Gross Profit": 0,
        "Operating Income": -4,
        "EBIT": -3,
        "Net Income": -7
    },
    "2017-06-30": {
        "Diluted EPS": -1.56,
        "Total Revenue": 0,
        "Gross Profit": -1,
        "Operating Income": -3,
        "EBIT": -2,
        "Net Income": -2
    },
    "2017-03-31": {
        "Diluted EPS": -3.04,
        "Total Revenue": 0,
        "Gross Profit": 0,
        "Operating Income": -3,
        "EBIT": -2,
        "Net Income": -4
    },
    "2016-12-31": {
        "Diluted EPS": -27.2,
        "Total Revenue": 0,
        "Gross Profit": -7,
        "Operating Income": -14,
        "EBIT": -3,
        "Net Income": -26
    },
    "2016-09-30": {
        "Diluted EPS": -6.68,
        "Total Revenue": 0,
        "Gross Profit": -1,
        "Operating Income": -11,
        "EBIT": -3,
        "Net Income": -6
    },
    "2016-06-30": {
        "Diluted EPS": 7.84,
        "Total Revenue": 34,
        "Gross Profit": 19,
        "Operating Income": 14,
        "EBIT": 17,
        "Net Income": 8
    },
    "2016-03-31": {
        "Diluted EPS": -4.16,
        "Total Revenue": 2,
        "Gross Profit": -1,
        "Operating Income": -5,
        "EBIT": -3,
        "Net Income": -4
    },
    "2015-12-31": {
        "Diluted EPS": -4.32,
        "Total Revenue": 7,
        "Gross Profit": 3,
        "Operating Income": -8,
        "EBIT": 0,
        "Net Income": -4
    },
    "2015-09-30": {
        "Diluted EPS": -4.16,
        "Total Revenue": 6,
        "Gross Profit": 2,
        "Operating Income": -3,
        "EBIT": 0,
        "Net Income": -4
    },
    "2015-06-30": {
        "Diluted EPS": -5.12,
        "Total Revenue": 1,
        "Gross Profit": -2,
        "Operating Income": -9,
        "EBIT": -5,
        "Net Income": -5
    },
    "2015-03-31": {
        "Diluted EPS": -5.44,
        "Total Revenue": 4,
        "Gross Profit": 0,
        "Operating Income": -6,
        "EBIT": -4,
        "Net Income": -5
    },
    "2014-12-31": {
        "Diluted EPS": -5.12,
        "Total Revenue": 1,
        "Gross Profit": -2,
        "Operating Income": -8,
        "EBIT": -5,
        "Net Income": -5
    },
    "2014-09-30": {
        "Diluted EPS": 3.52,
        "Total Revenue": 13,
        "Gross Profit": 8,
        "Operating Income": 2,
        "EBIT": 6,
        "Net Income": 4
    },
    "2014-06-30": {
        "Diluted EPS": -2.24,
        "Total Revenue": 4,
        "Gross Profit": 2,
        "Operating Income": 0,
        "EBIT": 1,
        "Net Income": -2
    },
    "2014-03-31": {
        "Diluted EPS": -0.48,
        "Total Revenue": 3,
        "Gross Profit": 2,
        "Operating Income": 0,
        "EBIT": 0,
        "Net Income": 0
    },
    "2013-12-31": {
        "Diluted EPS": -1.6,
        "Total Revenue": 1,
        "Gross Profit": 1,
        "Operating Income": -1,
        "EBIT": -1,
        "Net Income": -1
    },
    "2013-09-30": {
        "Diluted EPS": -1.44,
        "Total Revenue": 1,
        "Gross Profit": 0,
        "Operating Income": -1,
        "EBIT": -1,
        "Net Income": -1
    },
    "2013-06-30": {
        "Diluted EPS": -1.52,
        "Total Revenue": 2,
        "Gross Profit": 1,
        "Operating Income": -1,
        "EBIT": 0,
        "Net Income": -1
    },
    "2013-03-31": {
        "Diluted EPS": -1.36,
        "Total Revenue": NaN,
        "Gross Profit": NaN,
        "Operating Income": -1,
        "EBIT": -1,
        "Net Income": -1
    },
    "2012-12-31": {
        "Diluted EPS": -4.0,
        "Total Revenue": NaN,
        "Gross Profit": NaN,
        "Operating Income": 0,
        "EBIT": 0,
        "Net Income": -2
    },
    "2012-09-30": {
        "Diluted EPS": -5.84,
        "Total Revenue": NaN,
        "Gross Profit": NaN,
        "Operating Income": -2,
        "EBIT": -2,
        "Net Income": -2
    },
    "2012-06-30": {
        "Diluted EPS": -0.32,
        "Total Revenue": NaN,
        "Gross Profit": NaN,
        "Operating Income": 0,
        "EBIT": 0,
        "Net Income": -2
    },
    "2012-03-31": {
        "Diluted EPS": -0.72,
        "Total Revenue": NaN,
        "Gross Profit": NaN,
        "Operating Income": -3,
        "EBIT": -3,
        "Net Income": -3
    },
    "2011-12-31": {
        "Diluted EPS": 0.0,
        "Total Revenue": NaN,
        "Gross Profit": NaN,
        "Operating Income": NaN,
        "EBIT": NaN,
        "Net Income": NaN
    },
    "2011-09-30": {
        "Diluted EPS": -0.0,
        "Total Revenue": NaN,
        "Gross Profit": NaN,
        "Operating Income": 0,
        "EBIT": 0,
        "Net Income": 0
    },
    "2010-12-31": {
        "Diluted EPS": 0.0,
        "Total Revenue": NaN,
        "Gross Profit": NaN,
        "Operating Income": NaN,
        "EBIT": NaN,
        "Net Income": NaN
    },
    "2010-09-30": {
        "Diluted EPS": 0.0,
        "Total Revenue": NaN,
        "Gross Profit": NaN,
        "Operating Income": NaN,
        "EBIT": NaN,
        "Net Income": NaN
    },
    "2023-06-30": {
        "Tax Effect Of Unusual Items": NaN,
        "Tax Rate For Calcs": NaN,
        "Normalized EBITDA": NaN,
        "Total Unusual Items": NaN,
        "Total Unusual Items Excluding Goodwill": NaN,
        "Net Income From Continuing Operation Net Minority Interest": NaN,
        "Reconciled Depreciation": NaN,
        "Reconciled Cost Of Revenue": NaN,
        "EBITDA": NaN,
        "EBIT": NaN,
        "Net Interest Income": NaN,
        "Interest Expense": NaN,
        "Interest Income": 118000.0,
        "Normalized Income": NaN,
        "Net Income From Continuing And Discontinued Operation": NaN,
        "Total Expenses": NaN,
        "Total Operating Income As Reported": NaN,
        "Diluted Average Shares": 168474882.0,
        "Basic Average Shares": 168474882.0,
        "Diluted EPS": -0.07,
        "Basic EPS": -0.07,
        "Diluted NI Availto Com Stockholders": NaN,
        "Net Income Common Stockholders": NaN,
        "Otherunder Preferred Stock Dividend": 2121000.0,
        "Net Income": NaN,
        "Net Income Including Noncontrolling Interests": NaN,
        "Net Income Continuous Operations": NaN,
        "Tax Provision": NaN,
        "Pretax Income": NaN,
        "Other Income Expense": NaN,
        "Other Non Operating Income Expenses": NaN,
        "Special Income Charges": NaN,
        "Gain On Sale Of Ppe": 0.0,
        "Other Special Charges": NaN,
        "Write Off": NaN,
        "Impairment Of Capital Assets": 8363000.0,
        "Earnings From Equity Interest": NaN,
        "Gain On Sale Of Security": NaN,
        "Net Non Operating Interest Income Expense": NaN,
        "Interest Expense Non Operating": NaN,
        "Interest Income Non Operating": 118000.0,
        "Operating Income": NaN,
        "Operating Expense": NaN,
        "Depreciation Amortization Depletion Income Statement": NaN,
        "Depreciation And Amortization In Income Statement": NaN,
        "Amortization": NaN,
        "Amortization Of Intangibles Income Statement": NaN,
        "Research And Development": NaN,
        "Selling General And Administration": NaN,
        "General And Administrative Expense": NaN,
        "Other Gand A": NaN,
        "Gross Profit": NaN,
        "Cost Of Revenue": NaN,
        "Total Revenue": NaN,
        "Operating Revenue": NaN
    },
    "2023-09-30": {
        "Tax Effect Of Unusual Items": NaN,
        "Tax Rate For Calcs": NaN,
        "Normalized EBITDA": NaN,
        "Total Unusual Items": NaN,
        "Total Unusual Items Excluding Goodwill": NaN,
        "Net Income From Continuing Operation Net Minority Interest": NaN,
        "Reconciled Depreciation": NaN,
        "Reconciled Cost Of Revenue": NaN,
        "EBITDA": NaN,
        "EBIT": NaN,
        "Net Interest Income": NaN,
        "Interest Expense": NaN,
        "Interest Income": NaN,
        "Normalized Income": NaN,
        "Net Income From Continuing And Discontinued Operation": NaN,
        "Total Expenses": NaN,
        "Total Operating Income As Reported": NaN,
        "Diluted Average Shares": NaN,
        "Basic Average Shares": NaN,
        "Diluted EPS": NaN,
        "Basic EPS": NaN,
        "Diluted NI Availto Com Stockholders": NaN,
        "Net Income Common Stockholders": NaN,
        "Otherunder Preferred Stock Dividend": 0.0,
        "Net Income": NaN,
        "Minority Interests": NaN,
        "Net Income Including Noncontrolling Interests": NaN,
        "Net Income Continuous Operations": NaN,
        "Tax Provision": NaN,
        "Pretax Income": NaN,
        "Other Income Expense": NaN,
        "Other Non Operating Income Expenses": NaN,
        "Special Income Charges": NaN,
        "Gain On Sale Of Ppe": 0.0,
        "Other Special Charges": NaN,
        "Write Off": 0.0,
        "Impairment Of Capital Assets": 11885000.0,
        "Earnings From Equity Interest": NaN,
        "Gain On Sale Of Security": NaN,
        "Net Non Operating Interest Income Expense": NaN,
        "Interest Expense Non Operating": NaN,
        "Interest Income Non Operating": NaN,
        "Operating Income": NaN,
        "Operating Expense": NaN,
        "Other Operating Expenses": NaN,
        "Other Taxes": NaN,
        "Depreciation Amortization Depletion Income Statement": NaN,
        "Depreciation And Amortization In Income Statement": NaN,
        "Amortization": 0.0,
        "Amortization Of Intangibles Income Statement": 0.0,
        "Research And Development": NaN,
        "Selling General And Administration": NaN,
        "General And Administrative Expense": NaN,
        "Other Gand A": NaN,
        "Gross Profit": NaN,
        "Cost Of Revenue": NaN,
        "Total Revenue": NaN,
        "Operating Revenue": NaN
    },
    "2023-12-31": {
        "Tax Effect Of Unusual Items": NaN,
        "Tax Rate For Calcs": NaN,
        "Normalized EBITDA": NaN,
        "Total Unusual Items": NaN,
        "Total Unusual Items Excluding Goodwill": NaN,
        "Net Income From Continuing Operation Net Minority Interest": NaN,
        "Reconciled Depreciation": NaN,
        "Reconciled Cost Of Revenue": NaN,
        "EBITDA": NaN,
        "EBIT": NaN,
        "Net Interest Income": NaN,
        "Interest Expense": NaN,
        "Interest Income": NaN,
        "Normalized Income": NaN,
        "Net Income From Continuing And Discontinued Operation": NaN,
        "Total Expenses": NaN,
        "Total Operating Income As Reported": NaN,
        "Diluted Average Shares": NaN,
        "Basic Average Shares": NaN,
        "Diluted EPS": NaN,
        "Basic EPS": NaN,
        "Diluted NI Availto Com Stockholders": NaN,
        "Net Income Common Stockholders": NaN,
        "Otherunder Preferred Stock Dividend": NaN,
        "Net Income": NaN,
        "Minority Interests": NaN,
        "Net Income Including Noncontrolling Interests": NaN,
        "Net Income Continuous Operations": NaN,
        "Tax Provision": NaN,
        "Pretax Income": NaN,
        "Other Income Expense": NaN,
        "Other Non Operating Income Expenses": NaN,
        "Special Income Charges": NaN,
        "Gain On Sale Of Ppe": 0.0,
        "Other Special Charges": 0.0,
        "Write Off": 0.0,
        "Impairment Of Capital Assets": -26399000.0,
        "Earnings From Equity Interest": NaN,
        "Gain On Sale Of Security": NaN,
        "Net Non Operating Interest Income Expense": NaN,
        "Interest Expense Non Operating": NaN,
        "Interest Income Non Operating": NaN,
        "Operating Income": NaN,
        "Operating Expense": NaN,
        "Other Operating Expenses": NaN,
        "Other Taxes": NaN,
        "Depreciation Amortization Depletion Income Statement": NaN,
        "Depreciation And Amortization In Income Statement": NaN,
        "Amortization": NaN,
        "Amortization Of Intangibles Income Statement": NaN,
        "Research And Development": NaN,
        "Selling General And Administration": NaN,
        "General And Administrative Expense": NaN,
        "Other Gand A": NaN,
        "Gross Profit": NaN,
        "Cost Of Revenue": NaN,
        "Total Revenue": NaN,
        "Operating Revenue": NaN
    },
    "2024-03-31": {
        "Tax Effect Of Unusual Items": NaN,
        "Tax Rate For Calcs": NaN,
        "Normalized EBITDA": NaN,
        "Total Unusual Items": NaN,
        "Total Unusual Items Excluding Goodwill": NaN,
        "Net Income From Continuing Operation Net Minority Interest": NaN,
        "Reconciled Depreciation": NaN,
        "Reconciled Cost Of Revenue": NaN,
        "EBITDA": NaN,
        "EBIT": NaN,
        "Net Interest Income": NaN,
        "Interest Expense": NaN,
        "Interest Income": NaN,
        "Normalized Income": NaN,
        "Net Income From Continuing And Discontinued Operation": NaN,
        "Total Expenses": NaN,
        "Total Operating Income As Reported": NaN,
        "Diluted Average Shares": NaN,
        "Basic Average Shares": NaN,
        "Diluted EPS": NaN,
        "Basic EPS": NaN,
        "Diluted NI Availto Com Stockholders": NaN,
        "Net Income Common Stockholders": NaN,
        "Otherunder Preferred Stock Dividend": NaN,
        "Net Income": NaN,
        "Minority Interests": 0.0,
        "Net Income Including Noncontrolling Interests": NaN,
        "Net Income Continuous Operations": NaN,
        "Tax Provision": NaN,
        "Pretax Income": NaN,
        "Other Income Expense": NaN,
        "Other Non Operating Income Expenses": NaN,
        "Special Income Charges": NaN,
        "Gain On Sale Of Ppe": NaN,
        "Other Special Charges": 22097000.0,
        "Write Off": NaN,
        "Impairment Of Capital Assets": NaN,
        "Earnings From Equity Interest": NaN,
        "Gain On Sale Of Security": NaN,
        "Net Non Operating Interest Income Expense": NaN,
        "Interest Expense Non Operating": NaN,
        "Interest Income Non Operating": NaN,
        "Operating Income": NaN,
        "Operating Expense": NaN,
        "Other Operating Expenses": 85380000.0,
        "Other Taxes": 2510000.0,
        "Depreciation Amortization Depletion Income Statement": NaN,
        "Depreciation And Amortization In Income Statement": NaN,
        "Amortization": 2969000.0,
        "Amortization Of Intangibles Income Statement": 2969000.0,
        "Research And Development": NaN,
        "Selling General And Administration": NaN,
        "General And Administrative Expense": NaN,
        "Other Gand A": NaN,
        "Gross Profit": NaN,
        "Cost Of Revenue": NaN,
        "Total Revenue": NaN,
        "Operating Revenue": NaN
    },
    "2024-06-30": {
        "Tax Effect Of Unusual Items": -15799355.2,
        "Tax Rate For Calcs": 0.1369,
        "Normalized EBITDA": -7031000.0,
        "Total Unusual Items": -115408000.0,
        "Total Unusual Items Excluding Goodwill": -115408000.0,
        "Net Income From Continuing Operation Net Minority Interest": -199659000.0,
        "Reconciled Depreciation": 107508000.0,
        "Reconciled Cost Of Revenue": 26113000.0,
        "EBITDA": -122439000.0,
        "EBIT": -229947000.0,
        "Net Interest Income": 939000.0,
        "Interest Expense": 1369000.0,
        "Interest Income": 2308000.0,
        "Normalized Income": -100050355.2,
        "Net Income From Continuing And Discontinued Operation": -199659000.0,
        "Total Expenses": 262128000.0,
        "Total Operating Income As Reported": -232397000.0,
        "Diluted Average Shares": 278674506.0,
        "Basic Average Shares": 278674506.0,
        "Diluted EPS": -0.72,
        "Basic EPS": -0.72,
        "Diluted NI Availto Com Stockholders": -199659000.0,
        "Net Income Common Stockholders": -199659000.0,
        "Otherunder Preferred Stock Dividend": 0.0,
        "Net Income": -199659000.0,
        "Minority Interests": 0.0,
        "Net Income Including Noncontrolling Interests": -199659000.0,
        "Net Income Continuous Operations": -199659000.0,
        "Tax Provision": -31657000.0,
        "Pretax Income": -231316000.0,
        "Other Income Expense": -115266000.0,
        "Other Non Operating Income Expenses": 93000.0,
        "Special Income Charges": -5660000.0,
        "Gain On Sale Of Ppe": NaN,
        "Other Special Charges": 5660000.0,
        "Write Off": 0.0,
        "Impairment Of Capital Assets": NaN,
        "Earnings From Equity Interest": 49000.0,
        "Gain On Sale Of Security": -109748000.0,
        "Net Non Operating Interest Income Expense": 939000.0,
        "Interest Expense Non Operating": 1369000.0,
        "Interest Income Non Operating": 2308000.0,
        "Operating Income": -116989000.0,
        "Operating Expense": 236015000.0,
        "Other Operating Expenses": 69615000.0,
        "Other Taxes": 1555000.0,
        "Depreciation Amortization Depletion Income Statement": 107508000.0,
        "Depreciation And Amortization In Income Statement": 107508000.0,
        "Amortization": 19470000.0,
        "Amortization Of Intangibles Income Statement": 19470000.0,
        "Research And Development": 3845000.0,
        "Selling General And Administration": 53492000.0,
        "General And Administrative Expense": 53492000.0,
        "Other Gand A": 53492000.0,
        "Gross Profit": 119026000.0,
        "Cost Of Revenue": 26113000.0,
        "Total Revenue": 145139000.0,
        "Operating Revenue": 145139000.0
    },
    "2024-09-30": {
        "Tax Effect Of Unusual Items": -11148570.0,
        "Tax Rate For Calcs": 0.2826,
        "Normalized EBITDA": -31671000.0,
        "Total Unusual Items": -39450000.0,
        "Total Unusual Items Excluding Goodwill": -39450000.0,
        "Net Income From Continuing Operation Net Minority Interest": -124789000.0,
        "Reconciled Depreciation": 100487000.0,
        "Reconciled Cost Of Revenue": 98395000.0,
        "EBITDA": -71121000.0,
        "EBIT": -171608000.0,
        "Net Interest Income": 1552000.0,
        "Interest Expense": 2342000.0,
        "Interest Income": 3894000.0,
        "Normalized Income": -96487570.0,
        "Net Income From Continuing And Discontinued Operation": -124789000.0,
        "Total Expenses": 265420000.0,
        "Total Operating Income As Reported": -172223000.0,
        "Diluted Average Shares": 294942685.0,
        "Basic Average Shares": 294942685.0,
        "Diluted EPS": -0.42,
        "Basic EPS": -0.42,
        "Diluted NI Availto Com Stockholders": -124789000.0,
        "Net Income Common Stockholders": -124789000.0,
        "Otherunder Preferred Stock Dividend": 0.0,
        "Net Income": -124789000.0,
        "Minority Interests": NaN,
        "Net Income Including Noncontrolling Interests": -124789000.0,
        "Net Income Continuous Operations": -124789000.0,
        "Tax Provision": -49161000.0,
        "Pretax Income": -173950000.0,
        "Other Income Expense": -41729000.0,
        "Other Non Operating Income Expenses": -146000.0,
        "Special Income Charges": -10304000.0,
        "Gain On Sale Of Ppe": NaN,
        "Other Special Charges": 10304000.0,
        "Write Off": NaN,
        "Impairment Of Capital Assets": NaN,
        "Earnings From Equity Interest": -2133000.0,
        "Gain On Sale Of Security": -29146000.0,
        "Net Non Operating Interest Income Expense": 1552000.0,
        "Interest Expense Non Operating": 2342000.0,
        "Interest Income Non Operating": 3894000.0,
        "Operating Income": -133773000.0,
        "Operating Expense": 66757000.0,
        "Other Operating Expenses": NaN,
        "Other Taxes": NaN,
        "Depreciation Amortization Depletion Income Statement": 219000.0,
        "Depreciation And Amortization In Income Statement": 219000.0,
        "Amortization": 219000.0,
        "Amortization Of Intangibles Income Statement": 219000.0,
        "Research And Development": 2813000.0,
        "Selling General And Administration": 63725000.0,
        "General And Administrative Expense": 63725000.0,
        "Other Gand A": 63725000.0,
        "Gross Profit": -67016000.0,
        "Cost Of Revenue": 198663000.0,
        "Total Revenue": 131647000.0,
        "Operating Revenue": 131647000.0
    },
    "2024-12-31": {
        "Tax Effect Of Unusual Items": 144637071.848054,
        "Tax Rate For Calcs": 0.182914,
        "Normalized EBITDA": 863000.0,
        "Total Unusual Items": 790739000.0,
        "Total Unusual Items Excluding Goodwill": 790739000.0,
        "Net Income From Continuing Operation Net Minority Interest": 528528000.0,
        "Reconciled Depreciation": 137028000.0,
        "Reconciled Cost Of Revenue": 130420000.0,
        "EBITDA": 791602000.0,
        "EBIT": 654574000.0,
        "Net Interest Income": 27000.0,
        "Interest Expense": 8029000.0,
        "Interest Income": 8056000.0,
        "Normalized Income": -117573928.151946,
        "Net Income From Continuing And Discontinued Operation": 528528000.0,
        "Total Expenses": 349477000.0,
        "Total Operating Income As Reported": 341027000.0,
        "Diluted Average Shares": 419880332.0,
        "Basic Average Shares": 388689395.0,
        "Diluted EPS": 1.24,
        "Basic EPS": 1.36,
        "Diluted NI Availto Com Stockholders": 528528000.0,
        "Net Income Common Stockholders": 528528000.0,
        "Otherunder Preferred Stock Dividend": 0.0,
        "Net Income": 528528000.0,
        "Minority Interests": NaN,
        "Net Income Including Noncontrolling Interests": 528283000.0,
        "Net Income Continuous Operations": 528283000.0,
        "Tax Provision": 118262000.0,
        "Pretax Income": 646545000.0,
        "Other Income Expense": 781601000.0,
        "Other Non Operating Income Expenses": -8458000.0,
        "Special Income Charges": 13121000.0,
        "Gain On Sale Of Ppe": NaN,
        "Other Special Charges": -13121000.0,
        "Write Off": NaN,
        "Impairment Of Capital Assets": NaN,
        "Earnings From Equity Interest": -680000.0,
        "Gain On Sale Of Security": 777618000.0,
        "Net Non Operating Interest Income Expense": 27000.0,
        "Interest Expense Non Operating": 8029000.0,
        "Interest Income Non Operating": 8056000.0,
        "Operating Income": -135083000.0,
        "Operating Expense": 82290000.0,
        "Other Operating Expenses": NaN,
        "Other Taxes": NaN,
        "Depreciation Amortization Depletion Income Statement": 261000.0,
        "Depreciation And Amortization In Income Statement": 261000.0,
        "Amortization": 261000.0,
        "Amortization Of Intangibles Income Statement": 261000.0,
        "Research And Development": 4105000.0,
        "Selling General And Administration": 77924000.0,
        "General And Administrative Expense": 77924000.0,
        "Other Gand A": 77924000.0,
        "Gross Profit": -52793000.0,
        "Cost Of Revenue": 267187000.0,
        "Total Revenue": 214394000.0,
        "Operating Revenue": 214394000.0
    },
    "2025-03-31": {
        "Tax Effect Of Unusual Items": -88269022.6,
        "Tax Rate For Calcs": 0.1826,
        "Normalized EBITDA": -1376000.0,
        "Total Unusual Items": -483401000.0,
        "Total Unusual Items Excluding Goodwill": -483401000.0,
        "Net Income From Continuing Operation Net Minority Interest": -533199000.0,
        "Reconciled Depreciation": 157897000.0,
        "Reconciled Cost Of Revenue": 43481000.0,
        "EBITDA": -484777000.0,
        "EBIT": -642674000.0,
        "Net Interest Income": 2054000.0,
        "Interest Expense": 9941000.0,
        "Interest Income": 11995000.0,
        "Normalized Income": -138067022.6,
        "Net Income From Continuing And Discontinued Operation": -533199000.0,
        "Total Expenses": 387613000.0,
        "Total Operating Income As Reported": -541063000.0,
        "Diluted Average Shares": 344098009.0,
        "Basic Average Shares": 344098009.0,
        "Diluted EPS": -1.55,
        "Basic EPS": -1.55,
        "Diluted NI Availto Com Stockholders": -533199000.0,
        "Net Income Common Stockholders": -533199000.0,
        "Otherunder Preferred Stock Dividend": NaN,
        "Net Income": -533199000.0,
        "Minority Interests": 244000.0,
        "Net Income Including Noncontrolling Interests": -533443000.0,
        "Net Income Continuous Operations": -533443000.0,
        "Tax Provision": -119172000.0,
        "Pretax Income": -652615000.0,
        "Other Income Expense": -480940000.0,
        "Other Non Operating Income Expenses": 2474000.0,
        "Special Income Charges": 0.0,
        "Gain On Sale Of Ppe": NaN,
        "Other Special Charges": NaN,
        "Write Off": NaN,
        "Impairment Of Capital Assets": NaN,
        "Earnings From Equity Interest": -13000.0,
        "Gain On Sale Of Security": -483401000.0,
        "Net Non Operating Interest Income Expense": 2054000.0,
        "Interest Expense Non Operating": 9941000.0,
        "Interest Income Non Operating": 11995000.0,
        "Operating Income": -173729000.0,
        "Operating Expense": 344132000.0,
        "Other Operating Expenses": 87977000.0,
        "Other Taxes": 3095000.0,
        "Depreciation Amortization Depletion Income Statement": 157897000.0,
        "Depreciation And Amortization In Income Statement": 157897000.0,
        "Amortization": NaN,
        "Amortization Of Intangibles Income Statement": NaN,
        "Research And Development": 9298000.0,
        "Selling General And Administration": 85865000.0,
        "General And Administrative Expense": 85865000.0,
        "Other Gand A": 85865000.0,
        "Gross Profit": 170403000.0,
        "Cost Of Revenue": 43481000.0,
        "Total Revenue": 213884000.0,
        "Operating Revenue": 213884000.0
    },
    "2025-06-30": {
        "Tax Effect Of Unusual Items": 243378223.2,
        "Tax Rate For Calcs": 0.2051,
        "Normalized EBITDA": 4653000.0,
        "Total Unusual Items": 1186632000.0,
        "Total Unusual Items Excluding Goodwill": 1186632000.0,
        "Net Income From Continuing Operation Net Minority Interest": 808235000.0,
        "Reconciled Depreciation": 161741000.0,
        "Reconciled Cost Of Revenue": 41730000.0,
        "EBITDA": 1191285000.0,
        "EBIT": 1029544000.0,
        "Net Interest Income": -3204000.0,
        "Interest Expense": 12835000.0,
        "Interest Income": 9631000.0,
        "Normalized Income": -135018776.8,
        "Net Income From Continuing And Discontinued Operation": 808235000.0,
        "Total Expenses": 398793000.0,
        "Total Operating Income As Reported": 679777000.0,
        "Diluted Average Shares": 440912159.0,
        "Basic Average Shares": 352901683.0,
        "Diluted EPS": 1.84,
        "Basic EPS": 2.29,
        "Diluted NI Availto Com Stockholders": 808235000.0,
        "Net Income Common Stockholders": 808235000.0,
        "Otherunder Preferred Stock Dividend": NaN,
        "Net Income": 808235000.0,
        "Minority Interests": 30000.0,
        "Net Income Including Noncontrolling Interests": 808205000.0,
        "Net Income Continuous Operations": 808205000.0,
        "Tax Provision": 208504000.0,
        "Pretax Income": 1016709000.0,
        "Other Income Expense": 1180221000.0,
        "Other Non Operating Income Expenses": -5509000.0,
        "Special Income Charges": -26253000.0,
        "Gain On Sale Of Ppe": NaN,
        "Other Special Charges": NaN,
        "Write Off": 26253000.0,
        "Impairment Of Capital Assets": NaN,
        "Earnings From Equity Interest": -902000.0,
        "Gain On Sale Of Security": 1212885000.0,
        "Net Non Operating Interest Income Expense": -3204000.0,
        "Interest Expense Non Operating": 12835000.0,
        "Interest Income Non Operating": 9631000.0,
        "Operating Income": -160308000.0,
        "Operating Expense": 357063000.0,
        "Other Operating Expenses": 91391000.0,
        "Other Taxes": 2437000.0,
        "Depreciation Amortization Depletion Income Statement": 161741000.0,
        "Depreciation And Amortization In Income Statement": 161741000.0,
        "Amortization": NaN,
        "Amortization Of Intangibles Income Statement": NaN,
        "Research And Development": 8546000.0,
        "Selling General And Administration": 92948000.0,
        "General And Administrative Expense": 92948000.0,
        "Other Gand A": 92948000.0,
        "Gross Profit": 196755000.0,
        "Cost Of Revenue": 41730000.0,
        "Total Revenue": 238485000.0,
        "Operating Revenue": 238485000.0
    }
}