{
    "2023-06-30": {
        "Tax Effect Of Unusual Items": NaN,
        "Tax Rate For Calcs": NaN,
        "Normalized EBITDA": NaN,
        "Total Unusual Items": -1000000.0,
        "Total Unusual Items Excluding Goodwill": -1000000.0,
        "Net Income From Continuing Operation Net Minority Interest": NaN,
        "Reconciled Cost Of Revenue": NaN,
        "EBITDA": NaN,
        "EBIT": NaN,
        "Net Interest Income": NaN,
        "Interest Expense": NaN,
        "Interest Income": 1000000.0,
        "Normalized Income": NaN,
        "Net Income From Continuing And Discontinued Operation": NaN,
        "Total Expenses": NaN,
        "Total Operating Income As Reported": NaN,
        "Diluted Average Shares": NaN,
        "Basic Average Shares": NaN,
        "Diluted EPS": NaN,
        "Basic EPS": NaN,
        "Diluted NI Availto Com Stockholders": NaN,
        "Net Income Common Stockholders": NaN,
        "Otherunder Preferred Stock Dividend": NaN,
        "Net Income": NaN,
        "Minority Interests": NaN,
        "Net Income Including Noncontrolling Interests": NaN,
        "Net Income Continuous Operations": NaN,
        "Tax Provision": NaN,
        "Pretax Income": NaN,
        "Other Income Expense": NaN,
        "Other Non Operating Income Expenses": NaN,
        "Special Income Charges": 0.0,
        "Gain On Sale Of Business": 0.0,
        "Restructuring And Mergern Acquisition": 0.0,
        "Earnings From Equity Interest": NaN,
        "Gain On Sale Of Security": -1000000.0,
        "Net Non Operating Interest Income Expense": NaN,
        "Interest Expense Non Operating": NaN,
        "Interest Income Non Operating": 1000000.0,
        "Operating Income": NaN,
        "Operating Expense": NaN,
        "Selling General And Administration": NaN,
        "General And Administrative Expense": 366000000.0,
        "Other Gand A": 366000000.0,
        "Salaries And Wages": 3000000.0,
        "Gross Profit": NaN,
        "Cost Of Revenue": NaN,
        "Total Revenue": NaN,
        "Operating Revenue": NaN
    },
    "2023-03-31": {
        "Tax Effect Of Unusual Items": NaN,
        "Tax Rate For Calcs": NaN,
        "Normalized EBITDA": NaN,
        "Total Unusual Items": 2000000.0,
        "Total Unusual Items Excluding Goodwill": 2000000.0,
        "Net Income From Continuing Operation Net Minority Interest": NaN,
        "Reconciled Cost Of Revenue": NaN,
        "EBITDA": NaN,
        "EBIT": NaN,
        "Net Interest Income": NaN,
        "Interest Expense": NaN,
        "Interest Income": 1000000.0,
        "Normalized Income": NaN,
        "Net Income From Continuing And Discontinued Operation": NaN,
        "Total Expenses": NaN,
        "Total Operating Income As Reported": NaN,
        "Diluted Average Shares": NaN,
        "Basic Average Shares": NaN,
        "Diluted EPS": NaN,
        "Basic EPS": NaN,
        "Diluted NI Availto Com Stockholders": NaN,
        "Net Income Common Stockholders": NaN,
        "Otherunder Preferred Stock Dividend": NaN,
        "Net Income": NaN,
        "Minority Interests": NaN,
        "Net Income Including Noncontrolling Interests": NaN,
        "Net Income Continuous Operations": NaN,
        "Tax Provision": NaN,
        "Pretax Income": NaN,
        "Other Income Expense": NaN,
        "Other Non Operating Income Expenses": NaN,
        "Special Income Charges": 0.0,
        "Gain On Sale Of Business": 0.0,
        "Restructuring And Mergern Acquisition": 0.0,
        "Earnings From Equity Interest": NaN,
        "Gain On Sale Of Security": 2000000.0,
        "Net Non Operating Interest Income Expense": NaN,
        "Interest Expense Non Operating": NaN,
        "Interest Income Non Operating": 1000000.0,
        "Operating Income": NaN,
        "Operating Expense": NaN,
        "Selling General And Administration": NaN,
        "General And Administrative Expense": 357000000.0,
        "Other Gand A": 354000000.0,
        "Salaries And Wages": 3000000.0,
        "Gross Profit": NaN,
        "Cost Of Revenue": NaN,
        "Total Revenue": NaN,
        "Operating Revenue": NaN
    },
    "2022-12-31": {
        "Tax Effect Of Unusual Items": NaN,
        "Tax Rate For Calcs": NaN,
        "Normalized EBITDA": NaN,
        "Total Unusual Items": -23000000.0,
        "Total Unusual Items Excluding Goodwill": -23000000.0,
        "Net Income From Continuing Operation Net Minority Interest": NaN,
        "Reconciled Cost Of Revenue": NaN,
        "EBITDA": NaN,
        "EBIT": NaN,
        "Net Interest Income": NaN,
        "Interest Expense": NaN,
        "Interest Income": 0.0,
        "Normalized Income": NaN,
        "Net Income From Continuing And Discontinued Operation": NaN,
        "Total Expenses": NaN,
        "Total Operating Income As Reported": NaN,
        "Diluted Average Shares": NaN,
        "Basic Average Shares": NaN,
        "Diluted EPS": NaN,
        "Basic EPS": NaN,
        "Diluted NI Availto Com Stockholders": NaN,
        "Net Income Common Stockholders": NaN,
        "Otherunder Preferred Stock Dividend": NaN,
        "Net Income": NaN,
        "Minority Interests": NaN,
        "Net Income Including Noncontrolling Interests": NaN,
        "Net Income Continuous Operations": NaN,
        "Tax Provision": NaN,
        "Pretax Income": NaN,
        "Other Income Expense": NaN,
        "Other Non Operating Income Expenses": NaN,
        "Special Income Charges": -26000000.0,
        "Gain On Sale Of Business": 0.0,
        "Restructuring And Mergern Acquisition": 0.0,
        "Earnings From Equity Interest": 0.0,
        "Gain On Sale Of Security": 3000000.0,
        "Net Non Operating Interest Income Expense": NaN,
        "Interest Expense Non Operating": NaN,
        "Interest Income Non Operating": 0.0,
        "Operating Income": NaN,
        "Operating Expense": NaN,
        "Selling General And Administration": NaN,
        "General And Administrative Expense": NaN,
        "Other Gand A": NaN,
        "Salaries And Wages": 3000000.0,
        "Gross Profit": NaN,
        "Cost Of Revenue": NaN,
        "Total Revenue": NaN,
        "Operating Revenue": NaN
    },
    "2022-09-30": {
        "Tax Effect Of Unusual Items": NaN,
        "Tax Rate For Calcs": NaN,
        "Normalized EBITDA": NaN,
        "Total Unusual Items": NaN,
        "Total Unusual Items Excluding Goodwill": NaN,
        "Net Income From Continuing Operation Net Minority Interest": NaN,
        "Reconciled Cost Of Revenue": NaN,
        "EBITDA": NaN,
        "EBIT": NaN,
        "Net Interest Income": NaN,
        "Interest Expense": NaN,
        "Interest Income": NaN,
        "Normalized Income": NaN,
        "Net Income From Continuing And Discontinued Operation": NaN,
        "Total Expenses": NaN,
        "Total Operating Income As Reported": NaN,
        "Diluted Average Shares": NaN,
        "Basic Average Shares": NaN,
        "Diluted EPS": NaN,
        "Basic EPS": NaN,
        "Diluted NI Availto Com Stockholders": NaN,
        "Net Income Common Stockholders": NaN,
        "Otherunder Preferred Stock Dividend": NaN,
        "Net Income": NaN,
        "Minority Interests": NaN,
        "Net Income Including Noncontrolling Interests": NaN,
        "Net Income Continuous Operations": NaN,
        "Tax Provision": NaN,
        "Pretax Income": NaN,
        "Other Income Expense": NaN,
        "Other Non Operating Income Expenses": NaN,
        "Special Income Charges": NaN,
        "Gain On Sale Of Business": NaN,
        "Restructuring And Mergern Acquisition": NaN,
        "Earnings From Equity Interest": -6000000.0,
        "Gain On Sale Of Security": -4000000.0,
        "Net Non Operating Interest Income Expense": NaN,
        "Interest Expense Non Operating": NaN,
        "Interest Income Non Operating": NaN,
        "Operating Income": NaN,
        "Operating Expense": NaN,
        "Selling General And Administration": NaN,
        "General And Administrative Expense": NaN,
        "Other Gand A": NaN,
        "Salaries And Wages": NaN,
        "Gross Profit": NaN,
        "Cost Of Revenue": NaN,
        "Total Revenue": NaN,
        "Operating Revenue": NaN
    },
    "2022-06-30": {
        "Tax Effect Of Unusual Items": 0.0,
        "Tax Rate For Calcs": 0.25,
        "Normalized EBITDA": 425000000.0,
        "Total Unusual Items": 20000000.0,
        "Total Unusual Items Excluding Goodwill": 20000000.0,
        "Net Income From Continuing Operation Net Minority Interest": 278000000.0,
        "Reconciled Cost Of Revenue": 1583000000.0,
        "EBITDA": 425000000.0,
        "EBIT": 425000000.0,
        "Net Interest Income": -28000000.0,
        "Interest Expense": 28000000.0,
        "Normalized Income": 278000000.0,
        "Net Income From Continuing And Discontinued Operation": 278000000.0,
        "Total Expenses": 1944000000.0,
        "Total Operating Income As Reported": 408000000.0,
        "Diluted Average Shares": 233000000.0,
        "Basic Average Shares": 231000000.0,
        "Diluted EPS": 1.18,
        "Basic EPS": 1.19,
        "Diluted NI Availto Com Stockholders": 278000000.0,
        "Net Income Common Stockholders": 278000000.0,
        "Otherunder Preferred Stock Dividend": 2000000.0,
        "Net Income": 278000000.0,
        "Minority Interests": -16000000.0,
        "Net Income Including Noncontrolling Interests": 294000000.0,
        "Net Income Continuous Operations": 294000000.0,
        "Tax Provision": 103000000.0,
        "Pretax Income": 397000000.0,
        "Other Income Expense": 17000000.0,
        "Other Non Operating Income Expenses": 17000000.0,
        "Special Income Charges": 25000000.0,
        "Gain On Sale Of Business": -3000000.0,
        "Impairment Of Capital Assets": NaN,
        "Restructuring And Mergern Acquisition": -28000000.0,
        "Earnings From Equity Interest": 0.0,
        "Gain On Sale Of Security": -5000000.0,
        "Net Non Operating Interest Income Expense": -28000000.0,
        "Interest Expense Non Operating": 28000000.0,
        "Operating Income": 408000000.0,
        "Operating Expense": 361000000.0,
        "Selling General And Administration": 361000000.0,
        "Gross Profit": 769000000.0,
        "Cost Of Revenue": 1583000000.0,
        "Total Revenue": 2352000000.0,
        "Operating Revenue": 2352000000.0
    },
    "2022-03-31": {
        "Diluted EPS": 0.97,
        "Total Revenue": NaN,
        "Gross Profit": 704,
        "Operating Income": 353,
        "EBIT": 353,
        "Net Income": 233
    },
    "2021-12-31": {
        "Diluted EPS": 0.53,
        "Total Revenue": NaN,
        "Gross Profit": 619,
        "Operating Income": 218,
        "EBIT": 218,
        "Net Income": 135
    },
    "2021-09-30": {
        "Diluted EPS": 0.89,
        "Total Revenue": NaN,
        "Gross Profit": 753,
        "Operating Income": 385,
        "EBIT": 385,
        "Net Income": 219
    },
    "2021-06-30": {
        "Diluted EPS": -0.14,
        "Total Revenue": NaN,
        "Gross Profit": 791,
        "Operating Income": 437,
        "EBIT": 437,
        "Net Income": -36
    },
    "2021-03-31": {
        "Diluted EPS": 0.34,
        "Total Revenue": NaN,
        "Gross Profit": 700,
        "Operating Income": 365,
        "EBIT": 365,
        "Net Income": 88
    },
    "2020-12-31": {
        "Diluted EPS": 0.77,
        "Total Revenue": NaN,
        "Gross Profit": 660,
        "Operating Income": 307,
        "EBIT": 307,
        "Net Income": 191
    },
    "2020-09-30": {
        "Diluted EPS": 1.05,
        "Total Revenue": NaN,
        "Gross Profit": 752,
        "Operating Income": 424,
        "EBIT": 424,
        "Net Income": 274
    },
    "2020-06-30": {
        "Diluted EPS": 0.85,
        "Total Revenue": NaN,
        "Gross Profit": 628,
        "Operating Income": 339,
        "EBIT": 339,
        "Net Income": 224
    },
    "2020-03-31": {
        "Diluted EPS": 1.92,
        "Total Revenue": NaN,
        "Gross Profit": 547,
        "Operating Income": 225,
        "EBIT": 225,
        "Net Income": 526
    },
    "2019-12-31": {
        "Diluted EPS": 1.57,
        "Total Revenue": NaN,
        "Gross Profit": 565,
        "Operating Income": 255,
        "EBIT": 255,
        "Net Income": 450
    },
    "2019-09-30": {
        "Diluted EPS": 0.44,
        "Total Revenue": NaN,
        "Gross Profit": 611,
        "Operating Income": 289,
        "EBIT": 289,
        "Net Income": 125
    },
    "2019-06-30": {
        "Diluted EPS": 0.82,
        "Total Revenue": NaN,
        "Gross Profit": 673,
        "Operating Income": 347,
        "EBIT": 347,
        "Net Income": 238
    },
    "2019-03-31": {
        "Diluted EPS": 0.39,
        "Total Revenue": NaN,
        "Gross Profit": 522,
        "Operating Income": 197,
        "EBIT": 197,
        "Net Income": 116
    },
    "2018-12-31": {
        "Diluted EPS": 0.64,
        "Total Revenue": 533,
        "Gross Profit": 335,
        "Operating Income": 189,
        "EBIT": 189,
        "Net Income": 188
    },
    "2018-09-30": {
        "Diluted EPS": 0.58,
        "Total Revenue": NaN,
        "Gross Profit": 623,
        "Operating Income": 286,
        "EBIT": 286,
        "Net Income": 180
    },
    "2018-06-30": {
        "Diluted EPS": 0.68,
        "Total Revenue": NaN,
        "Gross Profit": 750,
        "Operating Income": 358,
        "EBIT": 358,
        "Net Income": 210
    },
    "2018-03-31": {
        "Diluted EPS": 0.47,
        "Total Revenue": NaN,
        "Gross Profit": 619,
        "Operating Income": 244,
        "EBIT": 244,
        "Net Income": 149
    },
    "2017-12-31": {
        "Diluted EPS": 0.24,
        "Total Revenue": 225,
        "Gross Profit": 212,
        "Operating Income": 91,
        "EBIT": 91,
        "Net Income": 75
    },
    "2017-09-30": {
        "Diluted EPS": 0.48,
        "Total Revenue": NaN,
        "Gross Profit": 657,
        "Operating Income": 309,
        "EBIT": 309,
        "Net Income": 152
    },
    "2017-06-30": {
        "Diluted EPS": 0.51,
        "Total Revenue": NaN,
        "Gross Profit": 746,
        "Operating Income": 372,
        "EBIT": 372,
        "Net Income": 163
    },
    "2017-03-31": {
        "Diluted EPS": 0.43,
        "Total Revenue": NaN,
        "Gross Profit": 605,
        "Operating Income": 257,
        "EBIT": 257,
        "Net Income": 138
    },
    "2016-12-31": {
        "Diluted EPS": 0.31,
        "Total Revenue": NaN,
        "Gross Profit": 579,
        "Operating Income": 249,
        "EBIT": 249,
        "Net Income": 95
    },
    "2016-09-30": {
        "Diluted EPS": 0.4,
        "Total Revenue": NaN,
        "Gross Profit": 614,
        "Operating Income": 269,
        "EBIT": 269,
        "Net Income": 134
    },
    "2016-06-30": {
        "Diluted EPS": 0.45,
        "Total Revenue": NaN,
        "Gross Profit": 700,
        "Operating Income": 335,
        "EBIT": 335,
        "Net Income": 150
    },
    "2016-03-31": {
        "Diluted EPS": 0.32,
        "Total Revenue": NaN,
        "Gross Profit": 569,
        "Operating Income": 234,
        "EBIT": 234,
        "Net Income": 108
    },
    "2015-12-31": {
        "Diluted EPS": 0.22,
        "Total Revenue": NaN,
        "Gross Profit": 532,
        "Operating Income": 212,
        "EBIT": 212,
        "Net Income": 70
    },
    "2015-09-30": {
        "Diluted EPS": 0.32,
        "Total Revenue": NaN,
        "Gross Profit": 589,
        "Operating Income": 258,
        "EBIT": 258,
        "Net Income": 111
    },
    "2015-06-30": {
        "Diluted EPS": 0.3,
        "Total Revenue": NaN,
        "Gross Profit": 637,
        "Operating Income": 279,
        "EBIT": 279,
        "Net Income": 105
    },
    "2015-03-31": {
        "Diluted EPS": 0.18,
        "Total Revenue": NaN,
        "Gross Profit": 495,
        "Operating Income": 165,
        "EBIT": 165,
        "Net Income": 64
    },
    "2014-12-31": {
        "Diluted EPS": 0.28,
        "Total Revenue": NaN,
        "Gross Profit": 568,
        "Operating Income": 194,
        "EBIT": 194,
        "Net Income": 100
    },
    "2014-09-30": {
        "Diluted EPS": 1.51,
        "Total Revenue": NaN,
        "Gross Profit": 522,
        "Operating Income": 181,
        "EBIT": 181,
        "Net Income": 543
    },
    "2014-06-30": {
        "Diluted EPS": 0.39,
        "Total Revenue": NaN,
        "Gross Profit": 575,
        "Operating Income": 221,
        "EBIT": 221,
        "Net Income": 139
    },
    "2014-03-31": {
        "Diluted EPS": 0.21,
        "Total Revenue": NaN,
        "Gross Profit": 547,
        "Operating Income": 152,
        "EBIT": 152,
        "Net Income": 74
    },
    "2013-12-31": {
        "Diluted EPS": 0.13,
        "Total Revenue": NaN,
        "Gross Profit": 531,
        "Operating Income": 141,
        "EBIT": 141,
        "Net Income": 48
    },
    "2013-09-30": {
        "Diluted EPS": 0.3,
        "Total Revenue": NaN,
        "Gross Profit": 607,
        "Operating Income": 212,
        "EBIT": 212,
        "Net Income": 109
    },
    "2013-06-30": {
        "Diluted EPS": 0.22,
        "Total Revenue": NaN,
        "Gross Profit": 609,
        "Operating Income": 188,
        "EBIT": 188,
        "Net Income": 76
    },
    "2013-03-31": {
        "Diluted EPS": 0.15,
        "Total Revenue": NaN,
        "Gross Profit": 508,
        "Operating Income": 132,
        "EBIT": 132,
        "Net Income": 52
    },
    "2012-12-31": {
        "Diluted EPS": -0.24,
        "Total Revenue": NaN,
        "Gross Profit": 451,
        "Operating Income": 31,
        "EBIT": 31,
        "Net Income": -86
    },
    "2012-09-30": {
        "Diluted EPS": 0.04,
        "Total Revenue": NaN,
        "Gross Profit": 500,
        "Operating Income": 108,
        "EBIT": 108,
        "Net Income": 14
    },
    "2012-06-30": {
        "Diluted EPS": -0.22,
        "Total Revenue": NaN,
        "Gross Profit": 521,
        "Operating Income": 54,
        "EBIT": 54,
        "Net Income": -76
    },
    "2012-03-31": {
        "Diluted EPS": 0.09,
        "Total Revenue": NaN,
        "Gross Profit": 484,
        "Operating Income": 109,
        "EBIT": 109,
        "Net Income": 32
    },
    "2011-12-31": {
        "Diluted EPS": -1.65,
        "Total Revenue": NaN,
        "Gross Profit": 335,
        "Operating Income": -451,
        "EBIT": -451,
        "Net Income": -574
    },
    "2011-09-30": {
        "Diluted EPS": 0.1,
        "Total Revenue": NaN,
        "Gross Profit": 495,
        "Operating Income": 114,
        "EBIT": 114,
        "Net Income": 35
    },
    "2011-06-30": {
        "Diluted EPS": 0.02,
        "Total Revenue": NaN,
        "Gross Profit": 532,
        "Operating Income": 96,
        "EBIT": 96,
        "Net Income": 7
    },
    "2011-03-31": {
        "Diluted EPS": -0.13,
        "Total Revenue": NaN,
        "Gross Profit": 425,
        "Operating Income": 26,
        "EBIT": 26,
        "Net Income": -46
    },
    "2010-12-31": {
        "Diluted EPS": -2.97,
        "Total Revenue": NaN,
        "Gross Profit": 301,
        "Operating Income": -762,
        "EBIT": -762,
        "Net Income": NaN
    },
    "2010-09-30": {
        "Diluted EPS": -0.02,
        "Total Revenue": NaN,
        "Gross Profit": 494,
        "Operating Income": 102,
        "EBIT": 102,
        "Net Income": -6
    },
    "2010-06-30": {
        "Diluted EPS": 0.01,
        "Total Revenue": NaN,
        "Gross Profit": 546,
        "Operating Income": 119,
        "EBIT": 119,
        "Net Income": 2
    },
    "2010-03-31": {
        "Diluted EPS": -0.02,
        "Total Revenue": NaN,
        "Gross Profit": 492,
        "Operating Income": 78,
        "EBIT": 78,
        "Net Income": -8
    },
    "2009-12-31": {
        "Diluted EPS": -0.53,
        "Total Revenue": NaN,
        "Gross Profit": 487,
        "Operating Income": -182,
        "EBIT": -182,
        "Net Income": -184
    },
    "2009-09-30": {
        "Diluted EPS": 0.08,
        "Total Revenue": NaN,
        "Gross Profit": 567,
        "Operating Income": 138,
        "EBIT": 138,
        "Net Income": 27
    },
    "2009-06-30": {
        "Diluted EPS": 0.15,
        "Total Revenue": NaN,
        "Gross Profit": 543,
        "Operating Income": 116,
        "EBIT": 116,
        "Net Income": 53
    },
    "2009-03-31": {
        "Diluted EPS": -0.23,
        "Total Revenue": NaN,
        "Gross Profit": 413,
        "Operating Income": -2,
        "EBIT": -2,
        "Net Income": -82
    },
    "2023-09-30": {
        "Tax Effect Of Unusual Items": NaN,
        "Tax Rate For Calcs": NaN,
        "Normalized EBITDA": NaN,
        "Total Unusual Items": -7000000.0,
        "Total Unusual Items Excluding Goodwill": -7000000.0,
        "Net Income From Continuing Operation Net Minority Interest": NaN,
        "Reconciled Cost Of Revenue": NaN,
        "EBITDA": NaN,
        "EBIT": NaN,
        "Net Interest Income": NaN,
        "Interest Expense": NaN,
        "Interest Income": 3000000.0,
        "Normalized Income": NaN,
        "Net Income From Continuing And Discontinued Operation": NaN,
        "Total Expenses": NaN,
        "Total Operating Income As Reported": NaN,
        "Diluted Average Shares": NaN,
        "Basic Average Shares": NaN,
        "Diluted EPS": NaN,
        "Basic EPS": NaN,
        "Diluted NI Availto Com Stockholders": NaN,
        "Net Income Common Stockholders": NaN,
        "Otherunder Preferred Stock Dividend": NaN,
        "Net Income": NaN,
        "Minority Interests": NaN,
        "Net Income Including Noncontrolling Interests": NaN,
        "Net Income Continuous Operations": NaN,
        "Tax Provision": NaN,
        "Pretax Income": NaN,
        "Other Income Expense": NaN,
        "Other Non Operating Income Expenses": NaN,
        "Special Income Charges": 0.0,
        "Gain On Sale Of Business": 0.0,
        "Restructuring And Mergern Acquisition": 0.0,
        "Earnings From Equity Interest": -1000000.0,
        "Gain On Sale Of Security": -7000000.0,
        "Net Non Operating Interest Income Expense": NaN,
        "Interest Expense Non Operating": NaN,
        "Interest Income Non Operating": 3000000.0,
        "Operating Income": NaN,
        "Operating Expense": NaN,
        "Selling General And Administration": NaN,
        "General And Administrative Expense": 364000000.0,
        "Other Gand A": 361000000.0,
        "Salaries And Wages": 3000000.0,
        "Gross Profit": NaN,
        "Cost Of Revenue": NaN,
        "Total Revenue": NaN,
        "Operating Revenue": NaN
    },
    "2023-12-31": {
        "Tax Effect Of Unusual Items": -1236051.502146,
        "Tax Rate For Calcs": 0.137339,
        "Normalized EBITDA": 266000000.0,
        "Total Unusual Items": -9000000.0,
        "Total Unusual Items Excluding Goodwill": -9000000.0,
        "Net Income From Continuing Operation Net Minority Interest": 191000000.0,
        "Reconciled Cost Of Revenue": 1228000000.0,
        "EBITDA": 257000000.0,
        "EBIT": 257000000.0,
        "Net Interest Income": -20000000.0,
        "Interest Expense": 24000000.0,
        "Interest Income": 4000000.0,
        "Normalized Income": 198763948.497854,
        "Net Income From Continuing And Discontinued Operation": 191000000.0,
        "Total Expenses": 1619000000.0,
        "Total Operating Income As Reported": 247000000.0,
        "Diluted Average Shares": 224000000.0,
        "Basic Average Shares": 220600000.0,
        "Diluted EPS": 0.85,
        "Basic EPS": 0.86582,
        "Diluted NI Availto Com Stockholders": 191000000.0,
        "Net Income Common Stockholders": 191000000.0,
        "Otherunder Preferred Stock Dividend": 0.0,
        "Net Income": 191000000.0,
        "Minority Interests": -10000000.0,
        "Net Income Including Noncontrolling Interests": 201000000.0,
        "Net Income Continuous Operations": 201000000.0,
        "Tax Provision": 32000000.0,
        "Pretax Income": 233000000.0,
        "Other Income Expense": -10000000.0,
        "Other Non Operating Income Expenses": -1000000.0,
        "Special Income Charges": -15000000.0,
        "Gain On Sale Of Business": 0.0,
        "Restructuring And Mergern Acquisition": 0.0,
        "Earnings From Equity Interest": 0.0,
        "Gain On Sale Of Security": NaN,
        "Net Non Operating Interest Income Expense": -20000000.0,
        "Interest Expense Non Operating": 24000000.0,
        "Interest Income Non Operating": 4000000.0,
        "Operating Income": 263000000.0,
        "Operating Expense": 391000000.0,
        "Selling General And Administration": 391000000.0,
        "General And Administrative Expense": 391000000.0,
        "Other Gand A": 392000000.0,
        "Salaries And Wages": -1000000.0,
        "Gross Profit": 654000000.0,
        "Cost Of Revenue": 1228000000.0,
        "Total Revenue": 1882000000.0,
        "Operating Revenue": 1882000000.0
    },
    "2024-03-31": {
        "Tax Effect Of Unusual Items": 0.0,
        "Tax Rate For Calcs": 0.21,
        "Normalized EBITDA": 314000000.0,
        "Total Unusual Items": NaN,
        "Total Unusual Items Excluding Goodwill": NaN,
        "Net Income From Continuing Operation Net Minority Interest": 215000000.0,
        "Reconciled Cost Of Revenue": 1241000000.0,
        "EBITDA": 314000000.0,
        "EBIT": 314000000.0,
        "Net Interest Income": -25000000.0,
        "Interest Expense": 25000000.0,
        "Interest Income": NaN,
        "Normalized Income": 215000000.0,
        "Net Income From Continuing And Discontinued Operation": 215000000.0,
        "Total Expenses": 1608000000.0,
        "Total Operating Income As Reported": 318000000.0,
        "Diluted Average Shares": 221000000.0,
        "Basic Average Shares": 221000000.0,
        "Diluted EPS": 0.97,
        "Basic EPS": 0.97,
        "Diluted NI Availto Com Stockholders": 215000000.0,
        "Net Income Common Stockholders": 215000000.0,
        "Otherunder Preferred Stock Dividend": 0.0,
        "Net Income": 215000000.0,
        "Minority Interests": -14000000.0,
        "Net Income Including Noncontrolling Interests": 229000000.0,
        "Net Income Continuous Operations": 229000000.0,
        "Tax Provision": 60000000.0,
        "Pretax Income": 289000000.0,
        "Other Income Expense": -5000000.0,
        "Other Non Operating Income Expenses": -5000000.0,
        "Special Income Charges": NaN,
        "Gain On Sale Of Business": NaN,
        "Restructuring And Mergern Acquisition": NaN,
        "Earnings From Equity Interest": NaN,
        "Gain On Sale Of Security": NaN,
        "Net Non Operating Interest Income Expense": -25000000.0,
        "Interest Expense Non Operating": 25000000.0,
        "Interest Income Non Operating": NaN,
        "Operating Income": 318000000.0,
        "Operating Expense": 367000000.0,
        "Selling General And Administration": 367000000.0,
        "General And Administrative Expense": NaN,
        "Other Gand A": NaN,
        "Salaries And Wages": NaN,
        "Gross Profit": 685000000.0,
        "Cost Of Revenue": 1241000000.0,
        "Total Revenue": 1926000000.0,
        "Operating Revenue": 1926000000.0
    },
    "2024-06-30": {
        "Tax Effect Of Unusual Items": 0.0,
        "Tax Rate For Calcs": 0.26,
        "Normalized EBITDA": 392000000.0,
        "Total Unusual Items": NaN,
        "Total Unusual Items Excluding Goodwill": NaN,
        "Net Income From Continuing Operation Net Minority Interest": 258000000.0,
        "Reconciled Cost Of Revenue": 1306000000.0,
        "EBITDA": 392000000.0,
        "EBIT": 392000000.0,
        "Net Interest Income": -26000000.0,
        "Interest Expense": 26000000.0,
        "Interest Income": NaN,
        "Normalized Income": 258000000.0,
        "Net Income From Continuing And Discontinued Operation": 258000000.0,
        "Total Expenses": 1694000000.0,
        "Total Operating Income As Reported": 397000000.0,
        "Diluted Average Shares": 220000000.0,
        "Basic Average Shares": 219000000.0,
        "Diluted EPS": 1.17,
        "Basic EPS": 1.18,
        "Diluted NI Availto Com Stockholders": 258000000.0,
        "Net Income Common Stockholders": 258000000.0,
        "Otherunder Preferred Stock Dividend": 0.0,
        "Net Income": 258000000.0,
        "Minority Interests": -14000000.0,
        "Net Income Including Noncontrolling Interests": 272000000.0,
        "Net Income Continuous Operations": 272000000.0,
        "Tax Provision": 94000000.0,
        "Pretax Income": 366000000.0,
        "Other Income Expense": -5000000.0,
        "Other Non Operating Income Expenses": -5000000.0,
        "Special Income Charges": NaN,
        "Gain On Sale Of Business": NaN,
        "Restructuring And Mergern Acquisition": NaN,
        "Earnings From Equity Interest": NaN,
        "Gain On Sale Of Security": NaN,
        "Net Non Operating Interest Income Expense": -26000000.0,
        "Interest Expense Non Operating": 26000000.0,
        "Interest Income Non Operating": NaN,
        "Operating Income": 397000000.0,
        "Operating Expense": 388000000.0,
        "Selling General And Administration": 388000000.0,
        "General And Administrative Expense": 388000000.0,
        "Other Gand A": 388000000.0,
        "Salaries And Wages": NaN,
        "Gross Profit": 785000000.0,
        "Cost Of Revenue": 1306000000.0,
        "Total Revenue": 2091000000.0,
        "Operating Revenue": 2091000000.0
    },
    "2024-09-30": {
        "Tax Effect Of Unusual Items": 0.0,
        "Tax Rate For Calcs": 0.27,
        "Normalized EBITDA": 273000000.0,
        "Total Unusual Items": NaN,
        "Total Unusual Items Excluding Goodwill": NaN,
        "Net Income From Continuing Operation Net Minority Interest": 167000000.0,
        "Reconciled Cost Of Revenue": 1258000000.0,
        "EBITDA": 273000000.0,
        "EBIT": 273000000.0,
        "Net Interest Income": -25000000.0,
        "Interest Expense": 25000000.0,
        "Interest Income": NaN,
        "Normalized Income": 167000000.0,
        "Net Income From Continuing And Discontinued Operation": 167000000.0,
        "Total Expenses": 1626000000.0,
        "Total Operating Income As Reported": 357000000.0,
        "Diluted Average Shares": 218000000.0,
        "Basic Average Shares": 217000000.0,
        "Diluted EPS": 0.77,
        "Basic EPS": 0.77,
        "Diluted NI Availto Com Stockholders": 167000000.0,
        "Net Income Common Stockholders": 167000000.0,
        "Otherunder Preferred Stock Dividend": 0.0,
        "Net Income": 167000000.0,
        "Minority Interests": -13000000.0,
        "Net Income Including Noncontrolling Interests": 180000000.0,
        "Net Income Continuous Operations": 180000000.0,
        "Tax Provision": 68000000.0,
        "Pretax Income": 248000000.0,
        "Other Income Expense": -85000000.0,
        "Other Non Operating Income Expenses": -85000000.0,
        "Special Income Charges": NaN,
        "Gain On Sale Of Business": NaN,
        "Restructuring And Mergern Acquisition": NaN,
        "Earnings From Equity Interest": NaN,
        "Gain On Sale Of Security": NaN,
        "Net Non Operating Interest Income Expense": -25000000.0,
        "Interest Expense Non Operating": 25000000.0,
        "Interest Income Non Operating": NaN,
        "Operating Income": 357000000.0,
        "Operating Expense": 368000000.0,
        "Selling General And Administration": 368000000.0,
        "General And Administrative Expense": NaN,
        "Other Gand A": NaN,
        "Salaries And Wages": NaN,
        "Gross Profit": 725000000.0,
        "Cost Of Revenue": 1258000000.0,
        "Total Revenue": 1983000000.0,
        "Operating Revenue": 1983000000.0
    },
    "2024-12-31": {
        "Tax Effect Of Unusual Items": 0.0,
        "Tax Rate For Calcs": 0.251938,
        "Normalized EBITDA": 282000000.0,
        "Total Unusual Items": NaN,
        "Total Unusual Items Excluding Goodwill": NaN,
        "Net Income From Continuing Operation Net Minority Interest": 182000000.0,
        "Reconciled Cost Of Revenue": 1192000000.0,
        "EBITDA": 282000000.0,
        "EBIT": 282000000.0,
        "Net Interest Income": -24000000.0,
        "Interest Expense": 24000000.0,
        "Interest Income": NaN,
        "Normalized Income": 182000000.0,
        "Net Income From Continuing And Discontinued Operation": 182000000.0,
        "Total Expenses": 1537000000.0,
        "Total Operating Income As Reported": 290000000.0,
        "Diluted Average Shares": 215000000.0,
        "Basic Average Shares": 212500000.0,
        "Diluted EPS": 0.85,
        "Basic EPS": 0.856471,
        "Diluted NI Availto Com Stockholders": 182000000.0,
        "Net Income Common Stockholders": 182000000.0,
        "Otherunder Preferred Stock Dividend": 0.0,
        "Net Income": 182000000.0,
        "Minority Interests": -11000000.0,
        "Net Income Including Noncontrolling Interests": 193000000.0,
        "Net Income Continuous Operations": 193000000.0,
        "Tax Provision": 65000000.0,
        "Pretax Income": 258000000.0,
        "Other Income Expense": -8000000.0,
        "Other Non Operating Income Expenses": 80000000.0,
        "Special Income Charges": NaN,
        "Gain On Sale Of Business": NaN,
        "Restructuring And Mergern Acquisition": NaN,
        "Earnings From Equity Interest": NaN,
        "Gain On Sale Of Security": NaN,
        "Net Non Operating Interest Income Expense": -24000000.0,
        "Interest Expense Non Operating": 24000000.0,
        "Interest Income Non Operating": NaN,
        "Operating Income": 291000000.0,
        "Operating Expense": 345000000.0,
        "Selling General And Administration": 345000000.0,
        "General And Administrative Expense": NaN,
        "Other Gand A": NaN,
        "Salaries And Wages": NaN,
        "Gross Profit": 636000000.0,
        "Cost Of Revenue": 1192000000.0,
        "Total Revenue": 1828000000.0,
        "Operating Revenue": 1828000000.0
    }
}