{
    "2023-03-31": {
        "Tax Effect Of Unusual Items": NaN,
        "Tax Rate For Calcs": NaN,
        "Normalized EBITDA": NaN,
        "Net Income From Continuing Operation Net Minority Interest": NaN,
        "Reconciled Depreciation": NaN,
        "Reconciled Cost Of Revenue": NaN,
        "EBITDA": NaN,
        "EBIT": NaN,
        "Net Interest Income": NaN,
        "Interest Expense": 551000.0,
        "Interest Income": NaN,
        "Normalized Income": NaN,
        "Net Income From Continuing And Discontinued Operation": NaN,
        "Total Expenses": NaN,
        "Total Operating Income As Reported": NaN,
        "Diluted Average Shares": NaN,
        "Basic Average Shares": NaN,
        "Diluted EPS": NaN,
        "Basic EPS": NaN,
        "Diluted NI Availto Com Stockholders": NaN,
        "Net Income Common Stockholders": NaN,
        "Net Income": NaN,
        "Net Income Including Noncontrolling Interests": NaN,
        "Net Income Continuous Operations": NaN,
        "Tax Provision": NaN,
        "Pretax Income": NaN,
        "Other Income Expense": NaN,
        "Other Non Operating Income Expenses": NaN,
        "Net Non Operating Interest Income Expense": NaN,
        "Interest Expense Non Operating": 551000.0,
        "Interest Income Non Operating": NaN,
        "Operating Income": NaN,
        "Operating Expense": NaN,
        "Research And Development": NaN,
        "Selling General And Administration": NaN,
        "Gross Profit": NaN,
        "Cost Of Revenue": NaN,
        "Total Revenue": NaN,
        "Operating Revenue": NaN
    },
    "2022-12-31": {
        "Tax Effect Of Unusual Items": NaN,
        "Tax Rate For Calcs": NaN,
        "Normalized EBITDA": NaN,
        "Net Income From Continuing Operation Net Minority Interest": NaN,
        "Reconciled Depreciation": NaN,
        "Reconciled Cost Of Revenue": NaN,
        "EBITDA": NaN,
        "EBIT": NaN,
        "Net Interest Income": NaN,
        "Interest Expense": 61000.0,
        "Interest Income": NaN,
        "Normalized Income": NaN,
        "Net Income From Continuing And Discontinued Operation": NaN,
        "Total Expenses": NaN,
        "Total Operating Income As Reported": NaN,
        "Diluted Average Shares": 31749993.0,
        "Basic Average Shares": 31749993.0,
        "Diluted EPS": -0.31,
        "Basic EPS": -0.31,
        "Diluted NI Availto Com Stockholders": NaN,
        "Net Income Common Stockholders": NaN,
        "Net Income": NaN,
        "Net Income Including Noncontrolling Interests": NaN,
        "Net Income Continuous Operations": NaN,
        "Tax Provision": NaN,
        "Pretax Income": NaN,
        "Other Income Expense": NaN,
        "Other Non Operating Income Expenses": NaN,
        "Net Non Operating Interest Income Expense": NaN,
        "Interest Expense Non Operating": 61000.0,
        "Interest Income Non Operating": NaN,
        "Operating Income": NaN,
        "Operating Expense": NaN,
        "Research And Development": NaN,
        "Selling General And Administration": NaN,
        "Gross Profit": NaN,
        "Cost Of Revenue": NaN,
        "Total Revenue": NaN,
        "Operating Revenue": NaN
    },
    "2022-09-30": {
        "Tax Effect Of Unusual Items": 0.0,
        "Tax Rate For Calcs": 0.0,
        "Normalized EBITDA": -5767000.0,
        "Net Income From Continuing Operation Net Minority Interest": -6259000.0,
        "Reconciled Depreciation": 459000.0,
        "Reconciled Cost Of Revenue": 6459000.0,
        "EBITDA": -5767000.0,
        "EBIT": -6226000.0,
        "Net Interest Income": -33000.0,
        "Interest Expense": 33000.0,
        "Interest Income": NaN,
        "Normalized Income": -6259000.0,
        "Net Income From Continuing And Discontinued Operation": -6259000.0,
        "Total Expenses": 22951000.0,
        "Total Operating Income As Reported": -7154000.0,
        "Diluted Average Shares": 31606484.0,
        "Basic Average Shares": 31606484.0,
        "Diluted EPS": -0.2,
        "Basic EPS": -0.2,
        "Diluted NI Availto Com Stockholders": -6259000.0,
        "Net Income Common Stockholders": -6259000.0,
        "Net Income": -6259000.0,
        "Net Income Including Noncontrolling Interests": -6259000.0,
        "Net Income Continuous Operations": -6259000.0,
        "Tax Provision": NaN,
        "Pretax Income": -6259000.0,
        "Other Income Expense": 928000.0,
        "Other Non Operating Income Expenses": 928000.0,
        "Net Non Operating Interest Income Expense": -33000.0,
        "Interest Expense Non Operating": 33000.0,
        "Interest Income Non Operating": NaN,
        "Operating Income": -7154000.0,
        "Operating Expense": 16492000.0,
        "Research And Development": 4666000.0,
        "Selling General And Administration": 11826000.0,
        "Gross Profit": 9338000.0,
        "Cost Of Revenue": 6459000.0,
        "Total Revenue": 15797000.0,
        "Operating Revenue": 15797000.0
    },
    "2022-06-30": {
        "Tax Effect Of Unusual Items": 0.0,
        "Tax Rate For Calcs": 0.0,
        "Normalized EBITDA": -7773000.0,
        "Net Income From Continuing Operation Net Minority Interest": -8099000.0,
        "Reconciled Depreciation": 311000.0,
        "Reconciled Cost Of Revenue": 4472000.0,
        "EBITDA": -7773000.0,
        "EBIT": -8084000.0,
        "Net Interest Income": -15000.0,
        "Interest Expense": 15000.0,
        "Interest Income": NaN,
        "Normalized Income": -8099000.0,
        "Net Income From Continuing And Discontinued Operation": -8099000.0,
        "Total Expenses": 19475000.0,
        "Total Operating Income As Reported": -8369000.0,
        "Diluted Average Shares": 31413431.0,
        "Basic Average Shares": 31413431.0,
        "Diluted EPS": -0.26,
        "Basic EPS": -0.26,
        "Diluted NI Availto Com Stockholders": -8099000.0,
        "Net Income Common Stockholders": -8099000.0,
        "Net Income": -8099000.0,
        "Net Income Including Noncontrolling Interests": -8099000.0,
        "Net Income Continuous Operations": -8099000.0,
        "Tax Provision": NaN,
        "Pretax Income": -8099000.0,
        "Other Income Expense": 285000.0,
        "Other Non Operating Income Expenses": 285000.0,
        "Net Non Operating Interest Income Expense": -15000.0,
        "Interest Expense Non Operating": 15000.0,
        "Interest Income Non Operating": NaN,
        "Operating Income": -8369000.0,
        "Operating Expense": 15003000.0,
        "Research And Development": 4293000.0,
        "Selling General And Administration": 10710000.0,
        "Gross Profit": 6634000.0,
        "Cost Of Revenue": 4472000.0,
        "Total Revenue": 11106000.0,
        "Operating Revenue": 11106000.0
    },
    "2022-03-31": {
        "Diluted EPS": -0.3,
        "Total Revenue": 8,
        "Gross Profit": 4,
        "Operating Income": -10,
        "EBIT": -9,
        "Net Income": -9
    },
    "2021-12-31": {
        "Diluted EPS": -0.11,
        "Total Revenue": 16,
        "Gross Profit": 9,
        "Operating Income": -4,
        "EBIT": -3,
        "Net Income": -3
    },
    "2021-09-30": {
        "Diluted EPS": -0.19,
        "Total Revenue": 13,
        "Gross Profit": 7,
        "Operating Income": -5,
        "EBIT": -5,
        "Net Income": -5
    },
    "2021-06-30": {
        "Diluted EPS": -0.27,
        "Total Revenue": 8,
        "Gross Profit": 4,
        "Operating Income": -7,
        "EBIT": -7,
        "Net Income": -7
    },
    "2021-03-31": {
        "Diluted EPS": -0.22,
        "Total Revenue": 6,
        "Gross Profit": 3,
        "Operating Income": -6,
        "EBIT": -6,
        "Net Income": -6
    },
    "2020-12-31": {
        "Diluted EPS": -1.48,
        "Total Revenue": 6,
        "Gross Profit": 3,
        "Operating Income": -4,
        "EBIT": -4,
        "Net Income": -10
    },
    "2020-09-30": {
        "Diluted EPS": -0.35,
        "Total Revenue": 6,
        "Gross Profit": 4,
        "Operating Income": -1,
        "EBIT": -1,
        "Net Income": -2
    },
    "2020-06-30": {
        "Diluted EPS": 0.1,
        "Total Revenue": 11,
        "Gross Profit": 6,
        "Operating Income": 2,
        "EBIT": 2,
        "Net Income": 2
    },
    "2020-03-31": {
        "Diluted EPS": -0.6,
        "Total Revenue": 4,
        "Gross Profit": 2,
        "Operating Income": -3,
        "EBIT": -3,
        "Net Income": -3
    },
    "2019-12-31": {
        "Diluted EPS": 0.0,
        "Total Revenue": NaN,
        "Gross Profit": NaN,
        "Operating Income": NaN,
        "EBIT": NaN,
        "Net Income": NaN
    },
    "2023-06-30": {
        "Tax Effect Of Unusual Items": NaN,
        "Tax Rate For Calcs": NaN,
        "Normalized EBITDA": NaN,
        "Total Unusual Items": NaN,
        "Total Unusual Items Excluding Goodwill": NaN,
        "Net Income From Continuing Operation Net Minority Interest": NaN,
        "Reconciled Depreciation": NaN,
        "Reconciled Cost Of Revenue": NaN,
        "EBITDA": NaN,
        "EBIT": NaN,
        "Net Interest Income": NaN,
        "Interest Expense": 0.0,
        "Interest Income": NaN,
        "Normalized Income": NaN,
        "Net Income From Continuing And Discontinued Operation": NaN,
        "Total Expenses": NaN,
        "Total Operating Income As Reported": NaN,
        "Diluted Average Shares": NaN,
        "Basic Average Shares": NaN,
        "Diluted EPS": NaN,
        "Basic EPS": NaN,
        "Diluted NI Availto Com Stockholders": NaN,
        "Net Income Common Stockholders": NaN,
        "Net Income": NaN,
        "Net Income Including Noncontrolling Interests": NaN,
        "Net Income Continuous Operations": NaN,
        "Tax Provision": NaN,
        "Pretax Income": NaN,
        "Other Income Expense": NaN,
        "Other Non Operating Income Expenses": NaN,
        "Special Income Charges": NaN,
        "Impairment Of Capital Assets": NaN,
        "Restructuring And Mergern Acquisition": NaN,
        "Net Non Operating Interest Income Expense": NaN,
        "Interest Expense Non Operating": 0.0,
        "Interest Income Non Operating": NaN,
        "Operating Income": NaN,
        "Operating Expense": NaN,
        "Research And Development": NaN,
        "Selling General And Administration": NaN,
        "Gross Profit": NaN,
        "Cost Of Revenue": NaN,
        "Total Revenue": NaN,
        "Operating Revenue": NaN
    },
    "2023-09-30": {
        "Tax Effect Of Unusual Items": NaN,
        "Tax Rate For Calcs": NaN,
        "Normalized EBITDA": NaN,
        "Total Unusual Items": -104000.0,
        "Total Unusual Items Excluding Goodwill": -104000.0,
        "Net Income From Continuing Operation Net Minority Interest": NaN,
        "Reconciled Depreciation": NaN,
        "Reconciled Cost Of Revenue": NaN,
        "EBITDA": NaN,
        "EBIT": NaN,
        "Net Interest Income": NaN,
        "Interest Expense": NaN,
        "Interest Income": NaN,
        "Normalized Income": NaN,
        "Net Income From Continuing And Discontinued Operation": NaN,
        "Total Expenses": NaN,
        "Total Operating Income As Reported": NaN,
        "Diluted Average Shares": NaN,
        "Basic Average Shares": NaN,
        "Diluted EPS": NaN,
        "Basic EPS": NaN,
        "Diluted NI Availto Com Stockholders": NaN,
        "Net Income Common Stockholders": NaN,
        "Net Income": NaN,
        "Net Income Including Noncontrolling Interests": NaN,
        "Net Income Discontinuous Operations": NaN,
        "Net Income Continuous Operations": NaN,
        "Tax Provision": NaN,
        "Pretax Income": NaN,
        "Other Income Expense": NaN,
        "Other Non Operating Income Expenses": NaN,
        "Special Income Charges": -104000.0,
        "Impairment Of Capital Assets": 0.0,
        "Restructuring And Mergern Acquisition": 104000.0,
        "Net Non Operating Interest Income Expense": NaN,
        "Interest Expense Non Operating": NaN,
        "Interest Income Non Operating": NaN,
        "Operating Income": NaN,
        "Operating Expense": NaN,
        "Research And Development": NaN,
        "Selling General And Administration": NaN,
        "Gross Profit": NaN,
        "Cost Of Revenue": NaN,
        "Total Revenue": NaN,
        "Operating Revenue": NaN
    },
    "2023-12-31": {
        "Tax Effect Of Unusual Items": NaN,
        "Tax Rate For Calcs": NaN,
        "Normalized EBITDA": NaN,
        "Total Unusual Items": NaN,
        "Total Unusual Items Excluding Goodwill": NaN,
        "Net Income From Continuing Operation Net Minority Interest": NaN,
        "Reconciled Depreciation": NaN,
        "Reconciled Cost Of Revenue": NaN,
        "EBITDA": NaN,
        "EBIT": NaN,
        "Net Interest Income": NaN,
        "Interest Expense": 0.0,
        "Interest Income": NaN,
        "Normalized Income": NaN,
        "Net Income From Continuing And Discontinued Operation": NaN,
        "Total Expenses": NaN,
        "Total Operating Income As Reported": NaN,
        "Diluted Average Shares": NaN,
        "Basic Average Shares": NaN,
        "Diluted EPS": NaN,
        "Basic EPS": NaN,
        "Diluted NI Availto Com Stockholders": NaN,
        "Net Income Common Stockholders": NaN,
        "Net Income": NaN,
        "Net Income Including Noncontrolling Interests": NaN,
        "Net Income Discontinuous Operations": NaN,
        "Net Income Continuous Operations": NaN,
        "Tax Provision": NaN,
        "Pretax Income": NaN,
        "Other Income Expense": NaN,
        "Other Non Operating Income Expenses": NaN,
        "Special Income Charges": NaN,
        "Impairment Of Capital Assets": NaN,
        "Restructuring And Mergern Acquisition": NaN,
        "Net Non Operating Interest Income Expense": NaN,
        "Interest Expense Non Operating": 0.0,
        "Interest Income Non Operating": NaN,
        "Operating Income": NaN,
        "Operating Expense": NaN,
        "Research And Development": NaN,
        "Selling General And Administration": NaN,
        "Gross Profit": NaN,
        "Cost Of Revenue": NaN,
        "Total Revenue": NaN,
        "Operating Revenue": NaN
    },
    "2024-03-31": {
        "Tax Effect Of Unusual Items": NaN,
        "Tax Rate For Calcs": NaN,
        "Normalized EBITDA": NaN,
        "Total Unusual Items": NaN,
        "Total Unusual Items Excluding Goodwill": NaN,
        "Net Income From Continuing Operation Net Minority Interest": NaN,
        "Reconciled Depreciation": NaN,
        "Reconciled Cost Of Revenue": NaN,
        "EBITDA": NaN,
        "EBIT": NaN,
        "Net Interest Income": NaN,
        "Interest Expense": 0.0,
        "Interest Income": NaN,
        "Normalized Income": NaN,
        "Net Income From Continuing And Discontinued Operation": NaN,
        "Total Expenses": NaN,
        "Total Operating Income As Reported": NaN,
        "Diluted Average Shares": NaN,
        "Basic Average Shares": NaN,
        "Diluted EPS": NaN,
        "Basic EPS": NaN,
        "Diluted NI Availto Com Stockholders": NaN,
        "Net Income Common Stockholders": NaN,
        "Net Income": NaN,
        "Net Income Including Noncontrolling Interests": NaN,
        "Net Income Discontinuous Operations": -5022000.0,
        "Net Income Continuous Operations": NaN,
        "Tax Provision": -70000.0,
        "Pretax Income": NaN,
        "Other Income Expense": NaN,
        "Other Non Operating Income Expenses": NaN,
        "Special Income Charges": NaN,
        "Impairment Of Capital Assets": NaN,
        "Restructuring And Mergern Acquisition": NaN,
        "Net Non Operating Interest Income Expense": NaN,
        "Interest Expense Non Operating": 0.0,
        "Interest Income Non Operating": NaN,
        "Operating Income": NaN,
        "Operating Expense": NaN,
        "Research And Development": NaN,
        "Selling General And Administration": NaN,
        "Gross Profit": NaN,
        "Cost Of Revenue": NaN,
        "Total Revenue": NaN,
        "Operating Revenue": NaN
    },
    "2024-06-30": {
        "Tax Effect Of Unusual Items": 0.0,
        "Tax Rate For Calcs": 0.0,
        "Normalized EBITDA": -8035000.0,
        "Total Unusual Items": 0.0,
        "Total Unusual Items Excluding Goodwill": 0.0,
        "Net Income From Continuing Operation Net Minority Interest": -7573000.0,
        "Reconciled Depreciation": 504000.0,
        "Reconciled Cost Of Revenue": 5300000.0,
        "EBITDA": -8035000.0,
        "EBIT": -8539000.0,
        "Net Interest Income": 1133000.0,
        "Interest Expense": 0.0,
        "Interest Income": 1133000.0,
        "Normalized Income": -7573000.0,
        "Net Income From Continuing And Discontinued Operation": -12548000.0,
        "Total Expenses": 20001000.0,
        "Total Operating Income As Reported": -8539000.0,
        "Diluted Average Shares": 34061933.0,
        "Basic Average Shares": 34061933.0,
        "Diluted EPS": -0.37,
        "Basic EPS": -0.37,
        "Diluted NI Availto Com Stockholders": -12548000.0,
        "Net Income Common Stockholders": -12548000.0,
        "Net Income": -12548000.0,
        "Net Income Including Noncontrolling Interests": -12548000.0,
        "Net Income Discontinuous Operations": -4975000.0,
        "Net Income Continuous Operations": -7573000.0,
        "Tax Provision": 0.0,
        "Pretax Income": -7573000.0,
        "Other Income Expense": -167000.0,
        "Other Non Operating Income Expenses": -167000.0,
        "Special Income Charges": 0.0,
        "Impairment Of Capital Assets": NaN,
        "Restructuring And Mergern Acquisition": 0.0,
        "Net Non Operating Interest Income Expense": 1133000.0,
        "Interest Expense Non Operating": 0.0,
        "Interest Income Non Operating": 1133000.0,
        "Operating Income": -8539000.0,
        "Operating Expense": 14701000.0,
        "Research And Development": 3591000.0,
        "Selling General And Administration": 11110000.0,
        "Gross Profit": 6162000.0,
        "Cost Of Revenue": 5300000.0,
        "Total Revenue": 11462000.0,
        "Operating Revenue": 11462000.0
    },
    "2024-09-30": {
        "Tax Effect Of Unusual Items": -45067.729084,
        "Tax Rate For Calcs": 0.002452,
        "Normalized EBITDA": -9572000.0,
        "Total Unusual Items": -18382000.0,
        "Total Unusual Items Excluding Goodwill": -18382000.0,
        "Net Income From Continuing Operation Net Minority Interest": -29295000.0,
        "Reconciled Depreciation": 1413000.0,
        "Reconciled Cost Of Revenue": 8441000.0,
        "EBITDA": -27954000.0,
        "EBIT": -29367000.0,
        "Net Interest Income": 879000.0,
        "Interest Expense": 0.0,
        "Interest Income": 879000.0,
        "Normalized Income": -10958067.729084,
        "Net Income From Continuing And Discontinued Operation": -29295000.0,
        "Total Expenses": 28608000.0,
        "Total Operating Income As Reported": -30217000.0,
        "Diluted Average Shares": 34670638.0,
        "Basic Average Shares": 34670638.0,
        "Diluted EPS": -0.84,
        "Basic EPS": -0.84,
        "Diluted NI Availto Com Stockholders": -29295000.0,
        "Net Income Common Stockholders": -29295000.0,
        "Net Income": -29295000.0,
        "Net Income Including Noncontrolling Interests": -29295000.0,
        "Net Income Discontinuous Operations": NaN,
        "Net Income Continuous Operations": -29295000.0,
        "Tax Provision": -72000.0,
        "Pretax Income": -29367000.0,
        "Other Income Expense": -18411000.0,
        "Other Non Operating Income Expenses": -29000.0,
        "Special Income Charges": -18382000.0,
        "Impairment Of Capital Assets": 30523000.0,
        "Restructuring And Mergern Acquisition": -12141000.0,
        "Net Non Operating Interest Income Expense": 879000.0,
        "Interest Expense Non Operating": 0.0,
        "Interest Income Non Operating": 879000.0,
        "Operating Income": -11835000.0,
        "Operating Expense": 20167000.0,
        "Research And Development": 6788000.0,
        "Selling General And Administration": 13379000.0,
        "Gross Profit": 8332000.0,
        "Cost Of Revenue": 8441000.0,
        "Total Revenue": 16773000.0,
        "Operating Revenue": 16773000.0
    },
    "2024-12-31": {
        "Tax Effect Of Unusual Items": -32962.596711,
        "Tax Rate For Calcs": 0.003638,
        "Normalized EBITDA": -9019000.0,
        "Total Unusual Items": -9061000.0,
        "Total Unusual Items Excluding Goodwill": -9061000.0,
        "Net Income From Continuing Operation Net Minority Interest": -19446000.0,
        "Reconciled Depreciation": 1437000.0,
        "Reconciled Cost Of Revenue": 9717000.0,
        "EBITDA": -18080000.0,
        "EBIT": -19517000.0,
        "Net Interest Income": 753000.0,
        "Interest Expense": 0.0,
        "Interest Income": 753000.0,
        "Normalized Income": -10417962.596711,
        "Net Income From Continuing And Discontinued Operation": -19446000.0,
        "Total Expenses": 30012000.0,
        "Total Operating Income As Reported": -20253000.0,
        "Diluted Average Shares": 34670638.0,
        "Basic Average Shares": 34670638.0,
        "Diluted EPS": -0.56,
        "Basic EPS": -0.56,
        "Diluted NI Availto Com Stockholders": -19446000.0,
        "Net Income Common Stockholders": -19446000.0,
        "Net Income": -19446000.0,
        "Net Income Including Noncontrolling Interests": -19446000.0,
        "Net Income Discontinuous Operations": NaN,
        "Net Income Continuous Operations": -19446000.0,
        "Tax Provision": -71000.0,
        "Pretax Income": -19517000.0,
        "Other Income Expense": -9078000.0,
        "Other Non Operating Income Expenses": -17000.0,
        "Special Income Charges": -9061000.0,
        "Impairment Of Capital Assets": 10136000.0,
        "Restructuring And Mergern Acquisition": -1075000.0,
        "Net Non Operating Interest Income Expense": 753000.0,
        "Interest Expense Non Operating": 0.0,
        "Interest Income Non Operating": 753000.0,
        "Operating Income": -11192000.0,
        "Operating Expense": 20295000.0,
        "Research And Development": 6536000.0,
        "Selling General And Administration": 13759000.0,
        "Gross Profit": 9103000.0,
        "Cost Of Revenue": 9717000.0,
        "Total Revenue": 18820000.0,
        "Operating Revenue": 18820000.0
    },
    "2025-03-31": {
        "Tax Effect Of Unusual Items": 0.0,
        "Tax Rate For Calcs": 0.0,
        "Normalized EBITDA": -4737000.0,
        "Total Unusual Items": -2499000.0,
        "Total Unusual Items Excluding Goodwill": -2499000.0,
        "Net Income From Continuing Operation Net Minority Interest": -9837000.0,
        "Reconciled Depreciation": 1291000.0,
        "Reconciled Cost Of Revenue": 6236000.0,
        "EBITDA": -7236000.0,
        "EBIT": -8527000.0,
        "Net Interest Income": 816000.0,
        "Interest Expense": NaN,
        "Interest Income": 816000.0,
        "Normalized Income": -7338000.0,
        "Net Income From Continuing And Discontinued Operation": 43603000.0,
        "Total Expenses": 20304000.0,
        "Total Operating Income As Reported": -11026000.0,
        "Diluted Average Shares": 35386483.0,
        "Basic Average Shares": 35386483.0,
        "Diluted EPS": 1.23,
        "Basic EPS": 1.23,
        "Diluted NI Availto Com Stockholders": 43603000.0,
        "Net Income Common Stockholders": 43603000.0,
        "Net Income": 43603000.0,
        "Net Income Including Noncontrolling Interests": 43603000.0,
        "Net Income Discontinuous Operations": 53440000.0,
        "Net Income Continuous Operations": -9837000.0,
        "Tax Provision": NaN,
        "Pretax Income": -9837000.0,
        "Other Income Expense": -2126000.0,
        "Other Non Operating Income Expenses": 373000.0,
        "Special Income Charges": -2499000.0,
        "Impairment Of Capital Assets": NaN,
        "Restructuring And Mergern Acquisition": 2499000.0,
        "Net Non Operating Interest Income Expense": 816000.0,
        "Interest Expense Non Operating": NaN,
        "Interest Income Non Operating": 816000.0,
        "Operating Income": -8527000.0,
        "Operating Expense": 14068000.0,
        "Research And Development": 3829000.0,
        "Selling General And Administration": 10239000.0,
        "Gross Profit": 5541000.0,
        "Cost Of Revenue": 6236000.0,
        "Total Revenue": 11777000.0,
        "Operating Revenue": 11777000.0
    },
    "2025-06-30": {
        "Tax Effect Of Unusual Items": -1426320.0,
        "Tax Rate For Calcs": 0.21,
        "Normalized EBITDA": -605000.0,
        "Total Unusual Items": -6792000.0,
        "Total Unusual Items Excluding Goodwill": -6792000.0,
        "Net Income From Continuing Operation Net Minority Interest": -12908000.0,
        "Reconciled Depreciation": 972000.0,
        "Reconciled Cost Of Revenue": 6662000.0,
        "EBITDA": -7397000.0,
        "EBIT": -8369000.0,
        "Net Interest Income": 1196000.0,
        "Interest Expense": NaN,
        "Interest Income": 1196000.0,
        "Normalized Income": -7542320.0,
        "Net Income From Continuing And Discontinued Operation": -13306000.0,
        "Total Expenses": 21404000.0,
        "Total Operating Income As Reported": -15161000.0,
        "Diluted Average Shares": 35877947.0,
        "Basic Average Shares": 35877947.0,
        "Diluted EPS": -0.37,
        "Basic EPS": -0.37,
        "Diluted NI Availto Com Stockholders": -13306000.0,
        "Net Income Common Stockholders": -13306000.0,
        "Net Income": -13306000.0,
        "Net Income Including Noncontrolling Interests": -13306000.0,
        "Net Income Discontinuous Operations": -398000.0,
        "Net Income Continuous Operations": -12908000.0,
        "Tax Provision": 71000.0,
        "Pretax Income": -12837000.0,
        "Other Income Expense": -5664000.0,
        "Other Non Operating Income Expenses": 1128000.0,
        "Special Income Charges": -6792000.0,
        "Impairment Of Capital Assets": NaN,
        "Restructuring And Mergern Acquisition": 6792000.0,
        "Net Non Operating Interest Income Expense": 1196000.0,
        "Interest Expense Non Operating": NaN,
        "Interest Income Non Operating": 1196000.0,
        "Operating Income": -8369000.0,
        "Operating Expense": 14742000.0,
        "Research And Development": 4405000.0,
        "Selling General And Administration": 10337000.0,
        "Gross Profit": 6373000.0,
        "Cost Of Revenue": 6662000.0,
        "Total Revenue": 13035000.0,
        "Operating Revenue": 13035000.0
    }
}