{
    "2023-04-30": {
        "Tax Effect Of Unusual Items": NaN,
        "Tax Rate For Calcs": NaN,
        "Normalized EBITDA": NaN,
        "Total Unusual Items": NaN,
        "Total Unusual Items Excluding Goodwill": NaN,
        "Net Income From Continuing Operation Net Minority Interest": NaN,
        "Reconciled Depreciation": NaN,
        "Reconciled Cost Of Revenue": NaN,
        "EBITDA": NaN,
        "EBIT": NaN,
        "Net Interest Income": NaN,
        "Interest Expense": NaN,
        "Normalized Income": NaN,
        "Net Income From Continuing And Discontinued Operation": NaN,
        "Total Expenses": NaN,
        "Total Operating Income As Reported": NaN,
        "Diluted Average Shares": 2015780.0,
        "Basic Average Shares": 2015780.0,
        "Diluted EPS": -0.02,
        "Basic EPS": -0.02,
        "Diluted NI Availto Com Stockholders": NaN,
        "Net Income Common Stockholders": NaN,
        "Net Income": NaN,
        "Net Income Including Noncontrolling Interests": NaN,
        "Net Income Continuous Operations": NaN,
        "Tax Provision": NaN,
        "Pretax Income": NaN,
        "Other Income Expense": NaN,
        "Gain On Sale Of Security": NaN,
        "Net Non Operating Interest Income Expense": NaN,
        "Interest Expense Non Operating": NaN,
        "Operating Income": NaN,
        "Operating Expense": NaN,
        "Depreciation Amortization Depletion Income Statement": NaN,
        "Depreciation And Amortization In Income Statement": NaN,
        "Depreciation Income Statement": NaN,
        "Selling General And Administration": NaN,
        "General And Administrative Expense": NaN,
        "Other Gand A": NaN,
        "Gross Profit": NaN,
        "Cost Of Revenue": NaN,
        "Total Revenue": NaN,
        "Operating Revenue": NaN
    },
    "2023-01-31": {
        "Tax Effect Of Unusual Items": NaN,
        "Tax Rate For Calcs": NaN,
        "Normalized EBITDA": NaN,
        "Total Unusual Items": NaN,
        "Total Unusual Items Excluding Goodwill": NaN,
        "Net Income From Continuing Operation Net Minority Interest": NaN,
        "Reconciled Depreciation": NaN,
        "Reconciled Cost Of Revenue": NaN,
        "EBITDA": NaN,
        "EBIT": NaN,
        "Net Interest Income": NaN,
        "Interest Expense": NaN,
        "Normalized Income": NaN,
        "Net Income From Continuing And Discontinued Operation": NaN,
        "Total Expenses": NaN,
        "Total Operating Income As Reported": NaN,
        "Diluted Average Shares": 2015780.0,
        "Basic Average Shares": 2015780.0,
        "Diluted EPS": 0.02,
        "Basic EPS": 0.02,
        "Diluted NI Availto Com Stockholders": NaN,
        "Net Income Common Stockholders": NaN,
        "Net Income": NaN,
        "Net Income Including Noncontrolling Interests": NaN,
        "Net Income Continuous Operations": NaN,
        "Tax Provision": NaN,
        "Pretax Income": NaN,
        "Other Income Expense": NaN,
        "Gain On Sale Of Security": NaN,
        "Net Non Operating Interest Income Expense": NaN,
        "Interest Expense Non Operating": NaN,
        "Operating Income": NaN,
        "Operating Expense": NaN,
        "Depreciation Amortization Depletion Income Statement": NaN,
        "Depreciation And Amortization In Income Statement": NaN,
        "Depreciation Income Statement": NaN,
        "Selling General And Administration": NaN,
        "General And Administrative Expense": NaN,
        "Other Gand A": NaN,
        "Gross Profit": NaN,
        "Cost Of Revenue": NaN,
        "Total Revenue": NaN,
        "Operating Revenue": NaN
    },
    "2022-10-31": {
        "Tax Effect Of Unusual Items": NaN,
        "Tax Rate For Calcs": NaN,
        "Normalized EBITDA": NaN,
        "Total Unusual Items": NaN,
        "Total Unusual Items Excluding Goodwill": NaN,
        "Net Income From Continuing Operation Net Minority Interest": NaN,
        "Reconciled Depreciation": NaN,
        "Reconciled Cost Of Revenue": NaN,
        "EBITDA": NaN,
        "EBIT": NaN,
        "Net Interest Income": NaN,
        "Interest Expense": NaN,
        "Interest Income": 15.0,
        "Normalized Income": NaN,
        "Net Income From Continuing And Discontinued Operation": NaN,
        "Total Expenses": NaN,
        "Total Operating Income As Reported": NaN,
        "Diluted Average Shares": NaN,
        "Basic Average Shares": NaN,
        "Diluted EPS": NaN,
        "Basic EPS": NaN,
        "Diluted NI Availto Com Stockholders": NaN,
        "Net Income Common Stockholders": NaN,
        "Net Income": NaN,
        "Net Income Including Noncontrolling Interests": NaN,
        "Net Income Continuous Operations": NaN,
        "Tax Provision": NaN,
        "Pretax Income": NaN,
        "Other Income Expense": NaN,
        "Gain On Sale Of Security": NaN,
        "Net Non Operating Interest Income Expense": NaN,
        "Interest Expense Non Operating": NaN,
        "Interest Income Non Operating": 15.0,
        "Operating Income": NaN,
        "Operating Expense": NaN,
        "Depreciation Amortization Depletion Income Statement": NaN,
        "Depreciation And Amortization In Income Statement": NaN,
        "Depreciation Income Statement": NaN,
        "Selling General And Administration": NaN,
        "General And Administrative Expense": NaN,
        "Other Gand A": NaN,
        "Gross Profit": NaN,
        "Cost Of Revenue": NaN,
        "Total Revenue": NaN,
        "Operating Revenue": NaN
    },
    "2022-07-31": {
        "Tax Effect Of Unusual Items": -1790.0,
        "Tax Rate For Calcs": 0.4,
        "Normalized EBITDA": 360355.0,
        "Total Unusual Items": -4475.0,
        "Total Unusual Items Excluding Goodwill": -4475.0,
        "Net Income From Continuing Operation Net Minority Interest": -68754.0,
        "Reconciled Depreciation": 416918.0,
        "Reconciled Cost Of Revenue": 3598941.0,
        "EBITDA": 355880.0,
        "EBIT": -61038.0,
        "Net Interest Income": -59497.0,
        "Interest Expense": 59716.0,
        "Interest Income": 219.0,
        "Normalized Income": -66069.0,
        "Net Income From Continuing And Discontinued Operation": -68754.0,
        "Total Expenses": 5560839.0,
        "Total Operating Income As Reported": -56782.0,
        "Diluted Average Shares": 2015780.0,
        "Basic Average Shares": 2015780.0,
        "Diluted EPS": -0.03,
        "Basic EPS": -0.03,
        "Diluted NI Availto Com Stockholders": -68754.0,
        "Net Income Common Stockholders": -68754.0,
        "Net Income": -68754.0,
        "Net Income Including Noncontrolling Interests": -68754.0,
        "Net Income Continuous Operations": -68754.0,
        "Tax Provision": -52000.0,
        "Pretax Income": -120754.0,
        "Other Income Expense": -4475.0,
        "Gain On Sale Of Security": -4475.0,
        "Net Non Operating Interest Income Expense": -59497.0,
        "Interest Expense Non Operating": 59716.0,
        "Interest Income Non Operating": 219.0,
        "Operating Income": -56782.0,
        "Operating Expense": 1961898.0,
        "Depreciation Amortization Depletion Income Statement": 416918.0,
        "Depreciation And Amortization In Income Statement": 416918.0,
        "Depreciation Income Statement": 416918.0,
        "Selling General And Administration": 1544980.0,
        "General And Administrative Expense": 1544980.0,
        "Other Gand A": 1544980.0,
        "Gross Profit": 1905116.0,
        "Cost Of Revenue": 3598941.0,
        "Total Revenue": 5504057.0,
        "Operating Revenue": 5504057.0
    },
    "2022-04-30": {
        "Diluted EPS": -0.03,
        "Total Revenue": 5,
        "Gross Profit": 2,
        "Operating Income": 0,
        "EBIT": 1,
        "Net Income": 0
    },
    "2022-01-31": {
        "Diluted EPS": -0.1,
        "Total Revenue": 5,
        "Gross Profit": 2,
        "Operating Income": 0,
        "EBIT": 0,
        "Net Income": 0
    },
    "2021-10-31": {
        "Diluted EPS": -0.19,
        "Total Revenue": 5,
        "Gross Profit": 1,
        "Operating Income": 0,
        "EBIT": 0,
        "Net Income": 0
    },
    "2021-07-31": {
        "Diluted EPS": 0.45,
        "Total Revenue": 5,
        "Gross Profit": 2,
        "Operating Income": 0,
        "EBIT": 1,
        "Net Income": 1
    },
    "2021-04-30": {
        "Diluted EPS": -0.02,
        "Total Revenue": 5,
        "Gross Profit": 1,
        "Operating Income": 0,
        "EBIT": 0,
        "Net Income": 0
    },
    "2021-01-31": {
        "Diluted EPS": -0.02,
        "Total Revenue": 5,
        "Gross Profit": 1,
        "Operating Income": 0,
        "EBIT": 0,
        "Net Income": 0
    },
    "2020-10-31": {
        "Diluted EPS": -0.21,
        "Total Revenue": 5,
        "Gross Profit": 1,
        "Operating Income": 0,
        "EBIT": 0,
        "Net Income": 0
    },
    "2020-07-31": {
        "Diluted EPS": -0.2,
        "Total Revenue": 4,
        "Gross Profit": 1,
        "Operating Income": -1,
        "EBIT": 0,
        "Net Income": 0
    },
    "2020-04-30": {
        "Diluted EPS": -0.29,
        "Total Revenue": 5,
        "Gross Profit": 2,
        "Operating Income": 0,
        "EBIT": 0,
        "Net Income": -1
    },
    "2020-01-31": {
        "Diluted EPS": -0.02,
        "Total Revenue": 5,
        "Gross Profit": 1,
        "Operating Income": 0,
        "EBIT": 0,
        "Net Income": 0
    },
    "2019-10-31": {
        "Diluted EPS": 0.06,
        "Total Revenue": 5,
        "Gross Profit": 2,
        "Operating Income": 0,
        "EBIT": 1,
        "Net Income": 0
    },
    "2019-07-31": {
        "Diluted EPS": 0.32,
        "Total Revenue": 5,
        "Gross Profit": 3,
        "Operating Income": 1,
        "EBIT": 1,
        "Net Income": 1
    },
    "2019-04-30": {
        "Diluted EPS": 0.32,
        "Total Revenue": 5,
        "Gross Profit": 2,
        "Operating Income": 1,
        "EBIT": 1,
        "Net Income": 1
    },
    "2019-01-31": {
        "Diluted EPS": 0.15,
        "Total Revenue": 5,
        "Gross Profit": 2,
        "Operating Income": 0,
        "EBIT": 1,
        "Net Income": 0
    },
    "2018-10-31": {
        "Diluted EPS": -0.04,
        "Total Revenue": 5,
        "Gross Profit": 2,
        "Operating Income": 0,
        "EBIT": 1,
        "Net Income": 0
    },
    "2018-07-31": {
        "Diluted EPS": -0.09,
        "Total Revenue": 5,
        "Gross Profit": 2,
        "Operating Income": 1,
        "EBIT": 1,
        "Net Income": 0
    },
    "2018-04-30": {
        "Diluted EPS": 0.16,
        "Total Revenue": 5,
        "Gross Profit": 2,
        "Operating Income": 0,
        "EBIT": 1,
        "Net Income": 0
    },
    "2018-01-31": {
        "Diluted EPS": 1.21,
        "Total Revenue": 5,
        "Gross Profit": 2,
        "Operating Income": 0,
        "EBIT": 1,
        "Net Income": 2
    },
    "2017-10-31": {
        "Diluted EPS": 0.2,
        "Total Revenue": 5,
        "Gross Profit": 2,
        "Operating Income": 1,
        "EBIT": 1,
        "Net Income": 0
    },
    "2017-07-31": {
        "Diluted EPS": 0.27,
        "Total Revenue": 5,
        "Gross Profit": 3,
        "Operating Income": 1,
        "EBIT": 1,
        "Net Income": 1
    },
    "2017-04-30": {
        "Diluted EPS": 0.3,
        "Total Revenue": 5,
        "Gross Profit": 2,
        "Operating Income": 1,
        "EBIT": 1,
        "Net Income": 1
    },
    "2017-01-31": {
        "Diluted EPS": 0.16,
        "Total Revenue": 5,
        "Gross Profit": 2,
        "Operating Income": 1,
        "EBIT": 1,
        "Net Income": 0
    },
    "2016-10-31": {
        "Diluted EPS": 0.23,
        "Total Revenue": 5,
        "Gross Profit": 2,
        "Operating Income": 1,
        "EBIT": 1,
        "Net Income": 0
    },
    "2016-07-31": {
        "Diluted EPS": 0.22,
        "Total Revenue": 5,
        "Gross Profit": 2,
        "Operating Income": 1,
        "EBIT": 1,
        "Net Income": 0
    },
    "2016-04-30": {
        "Diluted EPS": 0.22,
        "Total Revenue": 5,
        "Gross Profit": 2,
        "Operating Income": 1,
        "EBIT": 1,
        "Net Income": 0
    },
    "2016-01-31": {
        "Diluted EPS": 0.11,
        "Total Revenue": 5,
        "Gross Profit": 2,
        "Operating Income": 0,
        "EBIT": 1,
        "Net Income": 0
    },
    "2015-10-31": {
        "Diluted EPS": 0.2,
        "Total Revenue": 5,
        "Gross Profit": 2,
        "Operating Income": 1,
        "EBIT": 1,
        "Net Income": 0
    },
    "2015-07-31": {
        "Diluted EPS": 0.51,
        "Total Revenue": 5,
        "Gross Profit": 3,
        "Operating Income": 1,
        "EBIT": 1,
        "Net Income": 1
    },
    "2015-04-30": {
        "Diluted EPS": 0.21,
        "Total Revenue": 5,
        "Gross Profit": 2,
        "Operating Income": 1,
        "EBIT": 1,
        "Net Income": 0
    },
    "2015-01-31": {
        "Diluted EPS": 0.16,
        "Total Revenue": 5,
        "Gross Profit": 2,
        "Operating Income": 1,
        "EBIT": 1,
        "Net Income": 0
    },
    "2014-10-31": {
        "Diluted EPS": 0.22,
        "Total Revenue": 5,
        "Gross Profit": 2,
        "Operating Income": 1,
        "EBIT": 1,
        "Net Income": 0
    },
    "2014-07-31": {
        "Diluted EPS": 0.07,
        "Total Revenue": 4,
        "Gross Profit": 2,
        "Operating Income": 0,
        "EBIT": 1,
        "Net Income": 0
    },
    "2014-04-30": {
        "Diluted EPS": 0.11,
        "Total Revenue": 4,
        "Gross Profit": 2,
        "Operating Income": 0,
        "EBIT": 1,
        "Net Income": 0
    },
    "2014-01-31": {
        "Diluted EPS": -0.03,
        "Total Revenue": 4,
        "Gross Profit": 2,
        "Operating Income": 0,
        "EBIT": 1,
        "Net Income": 0
    },
    "2013-10-31": {
        "Diluted EPS": 0.22,
        "Total Revenue": 4,
        "Gross Profit": 2,
        "Operating Income": 1,
        "EBIT": 1,
        "Net Income": 0
    },
    "2013-07-31": {
        "Diluted EPS": 0.05,
        "Total Revenue": 4,
        "Gross Profit": 2,
        "Operating Income": 0,
        "EBIT": 1,
        "Net Income": 0
    },
    "2013-04-30": {
        "Diluted EPS": 0.04,
        "Total Revenue": 4,
        "Gross Profit": 2,
        "Operating Income": 0,
        "EBIT": 1,
        "Net Income": 0
    },
    "2013-01-31": {
        "Diluted EPS": -0.01,
        "Total Revenue": 4,
        "Gross Profit": 2,
        "Operating Income": 0,
        "EBIT": 1,
        "Net Income": 0
    },
    "2012-10-31": {
        "Diluted EPS": 0.25,
        "Total Revenue": 4,
        "Gross Profit": 2,
        "Operating Income": 1,
        "EBIT": 1,
        "Net Income": 1
    },
    "2012-07-31": {
        "Diluted EPS": 0.22,
        "Total Revenue": 4,
        "Gross Profit": 2,
        "Operating Income": 1,
        "EBIT": 1,
        "Net Income": 0
    },
    "2012-04-30": {
        "Diluted EPS": 0.07,
        "Total Revenue": 4,
        "Gross Profit": 2,
        "Operating Income": 1,
        "EBIT": 1,
        "Net Income": 0
    },
    "2012-01-31": {
        "Diluted EPS": 0.16,
        "Total Revenue": 4,
        "Gross Profit": 2,
        "Operating Income": 1,
        "EBIT": 1,
        "Net Income": 0
    },
    "2011-10-31": {
        "Diluted EPS": 0.18,
        "Total Revenue": 4,
        "Gross Profit": 2,
        "Operating Income": 1,
        "EBIT": 1,
        "Net Income": 0
    },
    "2011-07-31": {
        "Diluted EPS": 0.15,
        "Total Revenue": 4,
        "Gross Profit": 2,
        "Operating Income": 1,
        "EBIT": 1,
        "Net Income": 0
    },
    "2011-04-30": {
        "Diluted EPS": 0.11,
        "Total Revenue": 4,
        "Gross Profit": 2,
        "Operating Income": 1,
        "EBIT": 1,
        "Net Income": 0
    },
    "2011-01-31": {
        "Diluted EPS": -0.09,
        "Total Revenue": 4,
        "Gross Profit": 2,
        "Operating Income": 0,
        "EBIT": 1,
        "Net Income": 0
    },
    "2010-10-31": {
        "Diluted EPS": 0.09,
        "Total Revenue": 4,
        "Gross Profit": 2,
        "Operating Income": 0,
        "EBIT": 1,
        "Net Income": 0
    },
    "2010-07-31": {
        "Diluted EPS": -0.02,
        "Total Revenue": 4,
        "Gross Profit": 3,
        "Operating Income": 1,
        "EBIT": 2,
        "Net Income": 0
    },
    "2010-04-30": {
        "Diluted EPS": 0.02,
        "Total Revenue": 4,
        "Gross Profit": 2,
        "Operating Income": 1,
        "EBIT": 1,
        "Net Income": 0
    },
    "2010-01-31": {
        "Diluted EPS": 0.06,
        "Total Revenue": 4,
        "Gross Profit": 2,
        "Operating Income": 0,
        "EBIT": 1,
        "Net Income": 0
    },
    "2009-10-31": {
        "Diluted EPS": 0.15,
        "Total Revenue": 4,
        "Gross Profit": 2,
        "Operating Income": 1,
        "EBIT": 1,
        "Net Income": 0
    },
    "2009-07-31": {
        "Diluted EPS": 0.05,
        "Total Revenue": 4,
        "Gross Profit": 2,
        "Operating Income": 1,
        "EBIT": 1,
        "Net Income": 0
    },
    "2009-04-30": {
        "Diluted EPS": 0.17,
        "Total Revenue": 4,
        "Gross Profit": 2,
        "Operating Income": 1,
        "EBIT": 1,
        "Net Income": 0
    },
    "2009-01-31": {
        "Diluted EPS": 0.13,
        "Total Revenue": 4,
        "Gross Profit": 2,
        "Operating Income": 1,
        "EBIT": 1,
        "Net Income": 0
    },
    "2023-07-31": {
        "Tax Effect Of Unusual Items": -16789.81177,
        "Tax Rate For Calcs": 0.330229,
        "Normalized EBITDA": 307155.0,
        "Total Unusual Items": -50843.0,
        "Total Unusual Items Excluding Goodwill": -50843.0,
        "Net Income From Continuing Operation Net Minority Interest": -148059.0,
        "Reconciled Depreciation": 425038.0,
        "Reconciled Cost Of Revenue": 3787956.0,
        "EBITDA": 256312.0,
        "EBIT": -168726.0,
        "Net Interest Income": -52333.0,
        "Interest Expense": 52333.0,
        "Normalized Income": -114005.81177,
        "Net Income From Continuing And Discontinued Operation": -148059.0,
        "Total Expenses": 5523389.0,
        "Total Operating Income As Reported": -117883.0,
        "Diluted Average Shares": NaN,
        "Basic Average Shares": NaN,
        "Diluted EPS": NaN,
        "Basic EPS": NaN,
        "Diluted NI Availto Com Stockholders": -148059.0,
        "Net Income Common Stockholders": -148059.0,
        "Net Income": -148059.0,
        "Net Income Including Noncontrolling Interests": -148059.0,
        "Net Income Continuous Operations": -148059.0,
        "Tax Provision": -73000.0,
        "Pretax Income": -221059.0,
        "Other Income Expense": -50843.0,
        "Gain On Sale Of Security": -50843.0,
        "Net Non Operating Interest Income Expense": -52333.0,
        "Interest Expense Non Operating": 52333.0,
        "Operating Income": -117883.0,
        "Operating Expense": 1735433.0,
        "Depreciation Amortization Depletion Income Statement": 425038.0,
        "Depreciation And Amortization In Income Statement": 425038.0,
        "Depreciation Income Statement": 425038.0,
        "Selling General And Administration": 1310395.0,
        "General And Administrative Expense": 1310395.0,
        "Other Gand A": 1310395.0,
        "Gross Profit": 1617550.0,
        "Cost Of Revenue": 3787956.0,
        "Total Revenue": 5405506.0,
        "Operating Revenue": 5128774.0
    },
    "2023-10-31": {
        "Tax Effect Of Unusual Items": NaN,
        "Tax Rate For Calcs": NaN,
        "Normalized EBITDA": NaN,
        "Total Unusual Items": NaN,
        "Total Unusual Items Excluding Goodwill": NaN,
        "Net Income From Continuing Operation Net Minority Interest": NaN,
        "Reconciled Depreciation": NaN,
        "Reconciled Cost Of Revenue": NaN,
        "EBITDA": NaN,
        "EBIT": NaN,
        "Net Interest Income": NaN,
        "Interest Expense": NaN,
        "Normalized Income": NaN,
        "Net Income From Continuing And Discontinued Operation": NaN,
        "Total Expenses": NaN,
        "Total Operating Income As Reported": NaN,
        "Diluted Average Shares": 2015780.0,
        "Basic Average Shares": 2015780.0,
        "Diluted EPS": -0.1,
        "Basic EPS": -0.1,
        "Diluted NI Availto Com Stockholders": NaN,
        "Net Income Common Stockholders": NaN,
        "Net Income": NaN,
        "Net Income Including Noncontrolling Interests": NaN,
        "Net Income Continuous Operations": NaN,
        "Tax Provision": NaN,
        "Pretax Income": NaN,
        "Other Income Expense": NaN,
        "Gain On Sale Of Security": NaN,
        "Net Non Operating Interest Income Expense": NaN,
        "Interest Expense Non Operating": NaN,
        "Operating Income": NaN,
        "Operating Expense": NaN,
        "Depreciation Amortization Depletion Income Statement": NaN,
        "Depreciation And Amortization In Income Statement": NaN,
        "Depreciation Income Statement": NaN,
        "Selling General And Administration": NaN,
        "General And Administrative Expense": NaN,
        "Other Gand A": NaN,
        "Gross Profit": NaN,
        "Cost Of Revenue": NaN,
        "Total Revenue": NaN,
        "Operating Revenue": NaN
    },
    "2024-01-31": {
        "Tax Effect Of Unusual Items": NaN,
        "Tax Rate For Calcs": NaN,
        "Normalized EBITDA": NaN,
        "Total Unusual Items": NaN,
        "Total Unusual Items Excluding Goodwill": NaN,
        "Net Income From Continuing Operation Net Minority Interest": NaN,
        "Reconciled Depreciation": NaN,
        "Reconciled Cost Of Revenue": NaN,
        "EBITDA": NaN,
        "EBIT": NaN,
        "Net Interest Income": NaN,
        "Interest Expense": NaN,
        "Normalized Income": NaN,
        "Net Income From Continuing And Discontinued Operation": NaN,
        "Total Expenses": NaN,
        "Total Operating Income As Reported": NaN,
        "Diluted Average Shares": 2015780.0,
        "Basic Average Shares": 2015780.0,
        "Diluted EPS": -0.04,
        "Basic EPS": -0.04,
        "Diluted NI Availto Com Stockholders": NaN,
        "Net Income Common Stockholders": NaN,
        "Net Income": NaN,
        "Net Income Including Noncontrolling Interests": NaN,
        "Net Income Continuous Operations": NaN,
        "Tax Provision": NaN,
        "Pretax Income": NaN,
        "Other Income Expense": NaN,
        "Gain On Sale Of Security": NaN,
        "Net Non Operating Interest Income Expense": NaN,
        "Interest Expense Non Operating": NaN,
        "Operating Income": NaN,
        "Operating Expense": NaN,
        "Depreciation Amortization Depletion Income Statement": NaN,
        "Depreciation And Amortization In Income Statement": NaN,
        "Depreciation Income Statement": NaN,
        "Selling General And Administration": NaN,
        "General And Administrative Expense": NaN,
        "Other Gand A": NaN,
        "Gross Profit": NaN,
        "Cost Of Revenue": NaN,
        "Total Revenue": NaN,
        "Operating Revenue": NaN
    },
    "2024-04-30": {
        "Tax Effect Of Unusual Items": NaN,
        "Tax Rate For Calcs": NaN,
        "Normalized EBITDA": NaN,
        "Total Unusual Items": NaN,
        "Total Unusual Items Excluding Goodwill": NaN,
        "Net Income From Continuing Operation Net Minority Interest": NaN,
        "Reconciled Depreciation": NaN,
        "Reconciled Cost Of Revenue": NaN,
        "EBITDA": NaN,
        "EBIT": NaN,
        "Net Interest Income": NaN,
        "Interest Expense": NaN,
        "Normalized Income": NaN,
        "Net Income From Continuing And Discontinued Operation": NaN,
        "Total Expenses": NaN,
        "Total Operating Income As Reported": NaN,
        "Diluted Average Shares": 2015780.0,
        "Basic Average Shares": 2015780.0,
        "Diluted EPS": -0.04,
        "Basic EPS": -0.04,
        "Diluted NI Availto Com Stockholders": NaN,
        "Net Income Common Stockholders": NaN,
        "Net Income": NaN,
        "Net Income Including Noncontrolling Interests": NaN,
        "Net Income Continuous Operations": NaN,
        "Tax Provision": NaN,
        "Pretax Income": NaN,
        "Other Income Expense": NaN,
        "Gain On Sale Of Security": NaN,
        "Net Non Operating Interest Income Expense": NaN,
        "Interest Expense Non Operating": NaN,
        "Operating Income": NaN,
        "Operating Expense": NaN,
        "Depreciation Amortization Depletion Income Statement": NaN,
        "Depreciation And Amortization In Income Statement": NaN,
        "Depreciation Income Statement": NaN,
        "Selling General And Administration": NaN,
        "General And Administrative Expense": NaN,
        "Other Gand A": NaN,
        "Gross Profit": NaN,
        "Cost Of Revenue": NaN,
        "Total Revenue": NaN,
        "Operating Revenue": NaN
    },
    "2024-07-31": {
        "Tax Effect Of Unusual Items": 22848.0,
        "Tax Rate For Calcs": 0.21,
        "Normalized EBITDA": 354843.0,
        "Total Unusual Items": 108800.0,
        "Total Unusual Items Excluding Goodwill": 108800.0,
        "Net Income From Continuing Operation Net Minority Interest": -31085.0,
        "Reconciled Depreciation": 438554.0,
        "Reconciled Cost Of Revenue": 3805293.0,
        "EBITDA": 463643.0,
        "EBIT": 25089.0,
        "Net Interest Income": -31174.0,
        "Interest Expense": 31174.0,
        "Normalized Income": -117037.0,
        "Net Income From Continuing And Discontinued Operation": -31085.0,
        "Total Expenses": 5574007.0,
        "Total Operating Income As Reported": -83711.0,
        "Diluted Average Shares": NaN,
        "Basic Average Shares": NaN,
        "Diluted EPS": NaN,
        "Basic EPS": NaN,
        "Diluted NI Availto Com Stockholders": -31085.0,
        "Net Income Common Stockholders": -31085.0,
        "Net Income": -31085.0,
        "Net Income Including Noncontrolling Interests": -31085.0,
        "Net Income Continuous Operations": -31085.0,
        "Tax Provision": 25000.0,
        "Pretax Income": -6085.0,
        "Other Income Expense": 108800.0,
        "Gain On Sale Of Security": 108800.0,
        "Net Non Operating Interest Income Expense": -31174.0,
        "Interest Expense Non Operating": 31174.0,
        "Operating Income": -83711.0,
        "Operating Expense": 1768714.0,
        "Depreciation Amortization Depletion Income Statement": 438554.0,
        "Depreciation And Amortization In Income Statement": 438554.0,
        "Depreciation Income Statement": 438554.0,
        "Selling General And Administration": 1330160.0,
        "General And Administrative Expense": 1330160.0,
        "Other Gand A": 1330160.0,
        "Gross Profit": 1685003.0,
        "Cost Of Revenue": 3805293.0,
        "Total Revenue": 5490296.0,
        "Operating Revenue": 5211773.0
    },
    "2024-10-31": {
        "Tax Effect Of Unusual Items": 911.841259,
        "Tax Rate For Calcs": 0.183728,
        "Normalized EBITDA": 496237.0,
        "Total Unusual Items": 4963.0,
        "Total Unusual Items Excluding Goodwill": 4963.0,
        "Net Income From Continuing Operation Net Minority Interest": 26657.0,
        "Reconciled Depreciation": 444066.0,
        "Reconciled Cost Of Revenue": 3750139.0,
        "EBITDA": 501200.0,
        "EBIT": 57134.0,
        "Net Interest Income": -24477.0,
        "Interest Expense": 24477.0,
        "Normalized Income": 22605.841259,
        "Net Income From Continuing And Discontinued Operation": 26657.0,
        "Total Expenses": 5486958.0,
        "Total Operating Income As Reported": 52171.0,
        "Diluted Average Shares": 2015780.0,
        "Basic Average Shares": 2015780.0,
        "Diluted EPS": 0.01,
        "Basic EPS": 0.01,
        "Diluted NI Availto Com Stockholders": 26657.0,
        "Net Income Common Stockholders": 26657.0,
        "Net Income": 26657.0,
        "Net Income Including Noncontrolling Interests": 26657.0,
        "Net Income Continuous Operations": 26657.0,
        "Tax Provision": 6000.0,
        "Pretax Income": 32657.0,
        "Other Income Expense": 4963.0,
        "Gain On Sale Of Security": 4963.0,
        "Net Non Operating Interest Income Expense": -24477.0,
        "Interest Expense Non Operating": 24477.0,
        "Operating Income": 52171.0,
        "Operating Expense": 1736819.0,
        "Depreciation Amortization Depletion Income Statement": 444066.0,
        "Depreciation And Amortization In Income Statement": 444066.0,
        "Depreciation Income Statement": 444066.0,
        "Selling General And Administration": 1292753.0,
        "General And Administrative Expense": 1292753.0,
        "Other Gand A": 1292753.0,
        "Gross Profit": 1788990.0,
        "Cost Of Revenue": 3750139.0,
        "Total Revenue": 5539129.0,
        "Operating Revenue": 5238008.0
    },
    "2025-01-31": {
        "Tax Effect Of Unusual Items": 782.321375,
        "Tax Rate For Calcs": 0.225843,
        "Normalized EBITDA": 263154.0,
        "Total Unusual Items": 3464.0,
        "Total Unusual Items Excluding Goodwill": 3464.0,
        "Net Income From Continuing Operation Net Minority Interest": -157681.0,
        "Reconciled Depreciation": 445274.0,
        "Reconciled Cost Of Revenue": 4128415.0,
        "EBITDA": 266618.0,
        "EBIT": -178656.0,
        "Net Interest Income": -25025.0,
        "Interest Expense": 25025.0,
        "Normalized Income": -160362.678625,
        "Net Income From Continuing And Discontinued Operation": -157681.0,
        "Total Expenses": 5825564.0,
        "Total Operating Income As Reported": -182120.0,
        "Diluted Average Shares": 2015780.0,
        "Basic Average Shares": 2015780.0,
        "Diluted EPS": -0.08,
        "Basic EPS": -0.08,
        "Diluted NI Availto Com Stockholders": -157681.0,
        "Net Income Common Stockholders": -157681.0,
        "Net Income": -157681.0,
        "Net Income Including Noncontrolling Interests": -157681.0,
        "Net Income Continuous Operations": -157681.0,
        "Tax Provision": -46000.0,
        "Pretax Income": -203681.0,
        "Other Income Expense": 3464.0,
        "Gain On Sale Of Security": 3464.0,
        "Net Non Operating Interest Income Expense": -25025.0,
        "Interest Expense Non Operating": 25025.0,
        "Operating Income": -182120.0,
        "Operating Expense": 1697149.0,
        "Depreciation Amortization Depletion Income Statement": 445274.0,
        "Depreciation And Amortization In Income Statement": 445274.0,
        "Depreciation Income Statement": 445274.0,
        "Selling General And Administration": 1251875.0,
        "General And Administrative Expense": 1251875.0,
        "Other Gand A": 1251875.0,
        "Gross Profit": 1515029.0,
        "Cost Of Revenue": 4128415.0,
        "Total Revenue": 5643444.0,
        "Operating Revenue": 5335131.0
    },
    "2025-04-30": {
        "Tax Effect Of Unusual Items": 1671.618815,
        "Tax Rate For Calcs": 0.209502,
        "Normalized EBITDA": 570395.0,
        "Total Unusual Items": 7979.0,
        "Total Unusual Items Excluding Goodwill": 7979.0,
        "Net Income From Continuing Operation Net Minority Interest": 86784.0,
        "Reconciled Depreciation": 457285.0,
        "Reconciled Cost Of Revenue": 3822276.0,
        "EBITDA": 578374.0,
        "EBIT": 121089.0,
        "Net Interest Income": -11305.0,
        "Interest Expense": 11305.0,
        "Normalized Income": 80476.618815,
        "Net Income From Continuing And Discontinued Operation": 86784.0,
        "Total Expenses": 5519041.0,
        "Total Operating Income As Reported": 113110.0,
        "Diluted Average Shares": 2015780.0,
        "Basic Average Shares": 2015780.0,
        "Diluted EPS": 0.04,
        "Basic EPS": 0.04,
        "Diluted NI Availto Com Stockholders": 86784.0,
        "Net Income Common Stockholders": 86784.0,
        "Net Income": 86784.0,
        "Net Income Including Noncontrolling Interests": 86784.0,
        "Net Income Continuous Operations": 86784.0,
        "Tax Provision": 23000.0,
        "Pretax Income": 109784.0,
        "Other Income Expense": 7979.0,
        "Gain On Sale Of Security": 7979.0,
        "Net Non Operating Interest Income Expense": -11305.0,
        "Interest Expense Non Operating": 11305.0,
        "Operating Income": 113110.0,
        "Operating Expense": 1696765.0,
        "Depreciation Amortization Depletion Income Statement": 457285.0,
        "Depreciation And Amortization In Income Statement": 457285.0,
        "Depreciation Income Statement": 457285.0,
        "Selling General And Administration": 1239480.0,
        "General And Administrative Expense": 1239480.0,
        "Other Gand A": 1239480.0,
        "Gross Profit": 1809875.0,
        "Cost Of Revenue": 3822276.0,
        "Total Revenue": 5632151.0,
        "Operating Revenue": 5298933.0
    },
    "2025-10-31": {
        "Tax Effect Of Unusual Items": 2770.28226,
        "Tax Rate For Calcs": 0.302697,
        "Normalized EBITDA": -15917.0,
        "Total Unusual Items": 9152.0,
        "Total Unusual Items Excluding Goodwill": 9152.0,
        "Net Income From Continuing Operation Net Minority Interest": -334027.0,
        "Reconciled Depreciation": 472262.0,
        "Reconciled Cost Of Revenue": 4077513.0,
        "EBITDA": -6765.0,
        "EBIT": -479027.0,
        "Net Interest Income": 0.0,
        "Interest Expense": 0.0,
        "Normalized Income": -340408.71774,
        "Net Income From Continuing And Discontinued Operation": -334027.0,
        "Total Expenses": 5739593.0,
        "Total Operating Income As Reported": -488179.0,
        "Diluted Average Shares": 2015780.0,
        "Basic Average Shares": 2015780.0,
        "Diluted EPS": -0.17,
        "Basic EPS": -0.17,
        "Diluted NI Availto Com Stockholders": -334027.0,
        "Net Income Common Stockholders": -334027.0,
        "Net Income": -334027.0,
        "Net Income Including Noncontrolling Interests": -334027.0,
        "Net Income Continuous Operations": -334027.0,
        "Tax Provision": -145000.0,
        "Pretax Income": -479027.0,
        "Other Income Expense": 9152.0,
        "Gain On Sale Of Security": 9152.0,
        "Net Non Operating Interest Income Expense": 0.0,
        "Interest Expense Non Operating": 0.0,
        "Operating Income": -488179.0,
        "Operating Expense": 1662080.0,
        "Depreciation Amortization Depletion Income Statement": 472262.0,
        "Depreciation And Amortization In Income Statement": 472262.0,
        "Depreciation Income Statement": 472262.0,
        "Selling General And Administration": 1189818.0,
        "General And Administrative Expense": 1189818.0,
        "Other Gand A": 1189818.0,
        "Gross Profit": 1173901.0,
        "Cost Of Revenue": 4077513.0,
        "Total Revenue": 5251414.0,
        "Operating Revenue": 4916569.0
    }
}