{
    "2023-03-31": {
        "Tax Effect Of Unusual Items": NaN,
        "Tax Rate For Calcs": NaN,
        "Normalized EBITDA": NaN,
        "Total Unusual Items": NaN,
        "Total Unusual Items Excluding Goodwill": NaN,
        "Net Income From Continuing Operation Net Minority Interest": NaN,
        "Reconciled Depreciation": NaN,
        "Reconciled Cost Of Revenue": NaN,
        "EBITDA": NaN,
        "EBIT": NaN,
        "Net Interest Income": NaN,
        "Interest Expense": NaN,
        "Interest Income": 0.0,
        "Normalized Income": NaN,
        "Net Income From Continuing And Discontinued Operation": NaN,
        "Total Expenses": NaN,
        "Total Operating Income As Reported": NaN,
        "Diluted Average Shares": NaN,
        "Basic Average Shares": NaN,
        "Diluted EPS": NaN,
        "Basic EPS": NaN,
        "Diluted NI Availto Com Stockholders": NaN,
        "Net Income Common Stockholders": NaN,
        "Net Income": NaN,
        "Net Income Including Noncontrolling Interests": NaN,
        "Net Income Continuous Operations": NaN,
        "Tax Provision": NaN,
        "Pretax Income": NaN,
        "Other Income Expense": NaN,
        "Other Non Operating Income Expenses": NaN,
        "Special Income Charges": NaN,
        "Write Off": NaN,
        "Restructuring And Mergern Acquisition": NaN,
        "Net Non Operating Interest Income Expense": NaN,
        "Interest Expense Non Operating": NaN,
        "Interest Income Non Operating": 0.0,
        "Operating Income": NaN,
        "Operating Expense": NaN,
        "Depreciation Amortization Depletion Income Statement": NaN,
        "Depreciation And Amortization In Income Statement": NaN,
        "Amortization": NaN,
        "Amortization Of Intangibles Income Statement": NaN,
        "Selling General And Administration": NaN,
        "Gross Profit": NaN,
        "Cost Of Revenue": NaN,
        "Total Revenue": NaN,
        "Operating Revenue": NaN
    },
    "2022-12-31": {
        "Tax Effect Of Unusual Items": NaN,
        "Tax Rate For Calcs": NaN,
        "Normalized EBITDA": NaN,
        "Total Unusual Items": NaN,
        "Total Unusual Items Excluding Goodwill": NaN,
        "Net Income From Continuing Operation Net Minority Interest": NaN,
        "Reconciled Depreciation": NaN,
        "Reconciled Cost Of Revenue": NaN,
        "EBITDA": NaN,
        "EBIT": NaN,
        "Net Interest Income": NaN,
        "Interest Expense": NaN,
        "Interest Income": 5600000.0,
        "Normalized Income": NaN,
        "Net Income From Continuing And Discontinued Operation": NaN,
        "Total Expenses": NaN,
        "Total Operating Income As Reported": NaN,
        "Diluted Average Shares": NaN,
        "Basic Average Shares": NaN,
        "Diluted EPS": NaN,
        "Basic EPS": NaN,
        "Diluted NI Availto Com Stockholders": NaN,
        "Net Income Common Stockholders": NaN,
        "Net Income": NaN,
        "Net Income Including Noncontrolling Interests": NaN,
        "Net Income Continuous Operations": NaN,
        "Tax Provision": NaN,
        "Pretax Income": NaN,
        "Other Income Expense": NaN,
        "Other Non Operating Income Expenses": NaN,
        "Special Income Charges": NaN,
        "Write Off": 20400000.0,
        "Restructuring And Mergern Acquisition": NaN,
        "Net Non Operating Interest Income Expense": NaN,
        "Interest Expense Non Operating": NaN,
        "Interest Income Non Operating": 5600000.0,
        "Operating Income": NaN,
        "Operating Expense": NaN,
        "Depreciation Amortization Depletion Income Statement": NaN,
        "Depreciation And Amortization In Income Statement": NaN,
        "Amortization": NaN,
        "Amortization Of Intangibles Income Statement": NaN,
        "Selling General And Administration": NaN,
        "Gross Profit": NaN,
        "Cost Of Revenue": NaN,
        "Total Revenue": NaN,
        "Operating Revenue": NaN
    },
    "2022-09-30": {
        "Tax Effect Of Unusual Items": NaN,
        "Tax Rate For Calcs": NaN,
        "Normalized EBITDA": NaN,
        "Total Unusual Items": NaN,
        "Total Unusual Items Excluding Goodwill": NaN,
        "Net Income From Continuing Operation Net Minority Interest": NaN,
        "Reconciled Depreciation": NaN,
        "Reconciled Cost Of Revenue": NaN,
        "EBITDA": NaN,
        "EBIT": NaN,
        "Net Interest Income": NaN,
        "Interest Expense": NaN,
        "Interest Income": NaN,
        "Normalized Income": NaN,
        "Net Income From Continuing And Discontinued Operation": NaN,
        "Total Expenses": NaN,
        "Total Operating Income As Reported": NaN,
        "Diluted Average Shares": NaN,
        "Basic Average Shares": NaN,
        "Diluted EPS": NaN,
        "Basic EPS": NaN,
        "Diluted NI Availto Com Stockholders": NaN,
        "Net Income Common Stockholders": NaN,
        "Net Income": NaN,
        "Net Income Including Noncontrolling Interests": NaN,
        "Net Income Continuous Operations": NaN,
        "Tax Provision": NaN,
        "Pretax Income": NaN,
        "Other Income Expense": NaN,
        "Other Non Operating Income Expenses": NaN,
        "Special Income Charges": NaN,
        "Write Off": 0.0,
        "Restructuring And Mergern Acquisition": NaN,
        "Net Non Operating Interest Income Expense": NaN,
        "Interest Expense Non Operating": NaN,
        "Interest Income Non Operating": NaN,
        "Operating Income": NaN,
        "Operating Expense": NaN,
        "Depreciation Amortization Depletion Income Statement": NaN,
        "Depreciation And Amortization In Income Statement": NaN,
        "Amortization": NaN,
        "Amortization Of Intangibles Income Statement": NaN,
        "Selling General And Administration": NaN,
        "Gross Profit": NaN,
        "Cost Of Revenue": NaN,
        "Total Revenue": NaN,
        "Operating Revenue": NaN
    },
    "2022-03-31": {
        "Diluted EPS": 0.37,
        "Total Revenue": 777,
        "Gross Profit": 211,
        "Operating Income": 62,
        "EBIT": 77,
        "Net Income": 47
    },
    "2021-12-31": {
        "Diluted EPS": 0.0,
        "Total Revenue": NaN,
        "Gross Profit": NaN,
        "Operating Income": NaN,
        "EBIT": NaN,
        "Net Income": NaN
    },
    "2020-12-31": {
        "Diluted EPS": 0.0,
        "Total Revenue": NaN,
        "Gross Profit": NaN,
        "Operating Income": NaN,
        "EBIT": NaN,
        "Net Income": NaN
    },
    "2019-12-31": {
        "Diluted EPS": 0.0,
        "Total Revenue": NaN,
        "Gross Profit": NaN,
        "Operating Income": NaN,
        "EBIT": NaN,
        "Net Income": NaN
    },
    "2023-06-30": {
        "Tax Effect Of Unusual Items": NaN,
        "Tax Rate For Calcs": NaN,
        "Normalized EBITDA": NaN,
        "Total Unusual Items": NaN,
        "Total Unusual Items Excluding Goodwill": NaN,
        "Net Income From Continuing Operation Net Minority Interest": NaN,
        "Reconciled Depreciation": NaN,
        "Reconciled Cost Of Revenue": NaN,
        "EBITDA": NaN,
        "EBIT": NaN,
        "Net Interest Income": NaN,
        "Interest Expense": NaN,
        "Interest Income": 0.0,
        "Normalized Income": NaN,
        "Net Income From Continuing And Discontinued Operation": NaN,
        "Total Expenses": NaN,
        "Total Operating Income As Reported": NaN,
        "Diluted Average Shares": NaN,
        "Basic Average Shares": NaN,
        "Diluted EPS": NaN,
        "Basic EPS": NaN,
        "Diluted NI Availto Com Stockholders": NaN,
        "Net Income Common Stockholders": NaN,
        "Net Income": NaN,
        "Net Income Including Noncontrolling Interests": NaN,
        "Net Income Continuous Operations": NaN,
        "Tax Provision": NaN,
        "Pretax Income": NaN,
        "Other Income Expense": NaN,
        "Other Non Operating Income Expenses": NaN,
        "Special Income Charges": NaN,
        "Write Off": 0.0,
        "Restructuring And Mergern Acquisition": NaN,
        "Net Non Operating Interest Income Expense": NaN,
        "Interest Expense Non Operating": NaN,
        "Interest Income Non Operating": 0.0,
        "Operating Income": NaN,
        "Operating Expense": NaN,
        "Depreciation Amortization Depletion Income Statement": NaN,
        "Depreciation And Amortization In Income Statement": NaN,
        "Amortization": NaN,
        "Amortization Of Intangibles Income Statement": NaN,
        "Selling General And Administration": NaN,
        "Gross Profit": NaN,
        "Cost Of Revenue": NaN,
        "Total Revenue": NaN,
        "Operating Revenue": NaN
    },
    "2022-06-30": {
        "Tax Effect Of Unusual Items": -6622777.777778,
        "Tax Rate For Calcs": 0.242593,
        "Normalized EBITDA": 96500000.0,
        "Total Unusual Items": -27300000.0,
        "Total Unusual Items Excluding Goodwill": -27300000.0,
        "Net Income From Continuing Operation Net Minority Interest": 40900000.0,
        "Reconciled Depreciation": 15200000.0,
        "Reconciled Cost Of Revenue": 595200000.0,
        "EBITDA": 69200000.0,
        "EBIT": 54000000.0,
        "Net Interest Income": 1900000.0,
        "Interest Expense": 0.0,
        "Interest Income": 1900000.0,
        "Normalized Income": 61577222.222222,
        "Net Income From Continuing And Discontinued Operation": 40900000.0,
        "Total Expenses": 776400000.0,
        "Total Operating Income As Reported": 51900000.0,
        "Diluted Average Shares": 128020187.0,
        "Basic Average Shares": 128020187.0,
        "Diluted EPS": 0.319481,
        "Basic EPS": 0.319481,
        "Diluted NI Availto Com Stockholders": 40900000.0,
        "Net Income Common Stockholders": 40900000.0,
        "Net Income": 40900000.0,
        "Net Income Including Noncontrolling Interests": 40900000.0,
        "Net Income Continuous Operations": 40900000.0,
        "Tax Provision": 13100000.0,
        "Pretax Income": 54000000.0,
        "Other Income Expense": -27100000.0,
        "Other Non Operating Income Expenses": 200000.0,
        "Special Income Charges": -27300000.0,
        "Write Off": 26000000.0,
        "Restructuring And Mergern Acquisition": 1300000.0,
        "Net Non Operating Interest Income Expense": 1900000.0,
        "Interest Expense Non Operating": 0.0,
        "Interest Income Non Operating": 1900000.0,
        "Operating Income": 79200000.0,
        "Operating Expense": 170400000.0,
        "Depreciation Amortization Depletion Income Statement": 4400000.0,
        "Depreciation And Amortization In Income Statement": 4400000.0,
        "Amortization": 4400000.0,
        "Amortization Of Intangibles Income Statement": 4400000.0,
        "Selling General And Administration": 166000000.0,
        "Gross Profit": 249600000.0,
        "Cost Of Revenue": 606000000.0,
        "Total Revenue": 855600000.0,
        "Operating Revenue": 855600000.0
    },
    "2023-09-30": {
        "Tax Effect Of Unusual Items": NaN,
        "Tax Rate For Calcs": NaN,
        "Normalized EBITDA": NaN,
        "Total Unusual Items": NaN,
        "Total Unusual Items Excluding Goodwill": NaN,
        "Net Income From Continuing Operation Net Minority Interest": NaN,
        "Reconciled Depreciation": NaN,
        "Reconciled Cost Of Revenue": NaN,
        "EBITDA": NaN,
        "EBIT": NaN,
        "Net Interest Income": NaN,
        "Interest Expense": NaN,
        "Interest Income": 0.0,
        "Normalized Income": NaN,
        "Net Income From Continuing And Discontinued Operation": NaN,
        "Total Expenses": NaN,
        "Total Operating Income As Reported": NaN,
        "Diluted Average Shares": NaN,
        "Basic Average Shares": NaN,
        "Diluted EPS": NaN,
        "Basic EPS": NaN,
        "Diluted NI Availto Com Stockholders": NaN,
        "Net Income Common Stockholders": NaN,
        "Net Income": NaN,
        "Net Income Including Noncontrolling Interests": NaN,
        "Net Income Continuous Operations": NaN,
        "Tax Provision": NaN,
        "Pretax Income": NaN,
        "Other Income Expense": NaN,
        "Other Non Operating Income Expenses": NaN,
        "Special Income Charges": NaN,
        "Write Off": 0.0,
        "Restructuring And Mergern Acquisition": NaN,
        "Net Non Operating Interest Income Expense": NaN,
        "Interest Expense Non Operating": NaN,
        "Interest Income Non Operating": 0.0,
        "Operating Income": NaN,
        "Operating Expense": NaN,
        "Depreciation Amortization Depletion Income Statement": NaN,
        "Depreciation And Amortization In Income Statement": NaN,
        "Amortization": NaN,
        "Amortization Of Intangibles Income Statement": NaN,
        "Selling General And Administration": NaN,
        "Gross Profit": NaN,
        "Cost Of Revenue": NaN,
        "Total Revenue": NaN,
        "Operating Revenue": NaN
    },
    "2023-12-31": {
        "Tax Effect Of Unusual Items": NaN,
        "Tax Rate For Calcs": NaN,
        "Normalized EBITDA": NaN,
        "Total Unusual Items": NaN,
        "Total Unusual Items Excluding Goodwill": NaN,
        "Net Income From Continuing Operation Net Minority Interest": NaN,
        "Reconciled Depreciation": NaN,
        "Reconciled Cost Of Revenue": NaN,
        "EBITDA": NaN,
        "EBIT": NaN,
        "Net Interest Income": NaN,
        "Interest Expense": NaN,
        "Interest Income": 0.0,
        "Normalized Income": NaN,
        "Net Income From Continuing And Discontinued Operation": NaN,
        "Total Expenses": NaN,
        "Total Operating Income As Reported": NaN,
        "Diluted Average Shares": NaN,
        "Basic Average Shares": NaN,
        "Diluted EPS": NaN,
        "Basic EPS": NaN,
        "Diluted NI Availto Com Stockholders": NaN,
        "Net Income Common Stockholders": NaN,
        "Net Income": NaN,
        "Net Income Including Noncontrolling Interests": NaN,
        "Net Income Continuous Operations": NaN,
        "Tax Provision": NaN,
        "Pretax Income": NaN,
        "Other Income Expense": NaN,
        "Other Non Operating Income Expenses": NaN,
        "Special Income Charges": NaN,
        "Write Off": 0.0,
        "Restructuring And Mergern Acquisition": NaN,
        "Net Non Operating Interest Income Expense": NaN,
        "Interest Expense Non Operating": NaN,
        "Interest Income Non Operating": 0.0,
        "Operating Income": NaN,
        "Operating Expense": NaN,
        "Depreciation Amortization Depletion Income Statement": NaN,
        "Depreciation And Amortization In Income Statement": NaN,
        "Amortization": NaN,
        "Amortization Of Intangibles Income Statement": NaN,
        "Selling General And Administration": NaN,
        "Gross Profit": NaN,
        "Cost Of Revenue": NaN,
        "Total Revenue": NaN,
        "Operating Revenue": NaN
    },
    "2024-03-31": {
        "Tax Effect Of Unusual Items": -93877.55102,
        "Tax Rate For Calcs": 0.234694,
        "Normalized EBITDA": 79400000.0,
        "Total Unusual Items": -400000.0,
        "Total Unusual Items Excluding Goodwill": -400000.0,
        "Net Income From Continuing Operation Net Minority Interest": 37500000.0,
        "Reconciled Depreciation": 15900000.0,
        "Reconciled Cost Of Revenue": 421200000.0,
        "EBITDA": 79000000.0,
        "EBIT": 63100000.0,
        "Net Interest Income": -14100000.0,
        "Interest Expense": 14100000.0,
        "Interest Income": NaN,
        "Normalized Income": 37806122.44898,
        "Net Income From Continuing And Discontinued Operation": 37500000.0,
        "Total Expenses": 574900000.0,
        "Total Operating Income As Reported": 62800000.0,
        "Diluted Average Shares": 130500000.0,
        "Basic Average Shares": 127000000.0,
        "Diluted EPS": 0.29,
        "Basic EPS": 0.3,
        "Diluted NI Availto Com Stockholders": 37500000.0,
        "Net Income Common Stockholders": 37500000.0,
        "Net Income": 37500000.0,
        "Net Income Including Noncontrolling Interests": 37500000.0,
        "Net Income Continuous Operations": 37500000.0,
        "Tax Provision": 11500000.0,
        "Pretax Income": 49000000.0,
        "Other Income Expense": -100000.0,
        "Other Non Operating Income Expenses": 300000.0,
        "Special Income Charges": -400000.0,
        "Write Off": NaN,
        "Restructuring And Mergern Acquisition": 400000.0,
        "Net Non Operating Interest Income Expense": -14100000.0,
        "Interest Expense Non Operating": 14100000.0,
        "Interest Income Non Operating": NaN,
        "Operating Income": 63200000.0,
        "Operating Expense": 141500000.0,
        "Depreciation Amortization Depletion Income Statement": 3700000.0,
        "Depreciation And Amortization In Income Statement": 3700000.0,
        "Amortization": 3700000.0,
        "Amortization Of Intangibles Income Statement": 3700000.0,
        "Selling General And Administration": 137800000.0,
        "Gross Profit": 204700000.0,
        "Cost Of Revenue": 433400000.0,
        "Total Revenue": 638100000.0,
        "Operating Revenue": 638100000.0
    },
    "2024-06-30": {
        "Tax Effect Of Unusual Items": -688800.0,
        "Tax Rate For Calcs": 0.246,
        "Normalized EBITDA": 100700000.0,
        "Total Unusual Items": -2800000.0,
        "Total Unusual Items Excluding Goodwill": -2800000.0,
        "Net Income From Continuing Operation Net Minority Interest": 45300000.0,
        "Reconciled Depreciation": 17200000.0,
        "Reconciled Cost Of Revenue": 432000000.0,
        "EBITDA": 97900000.0,
        "EBIT": 80700000.0,
        "Net Interest Income": -20600000.0,
        "Interest Expense": 20600000.0,
        "Interest Income": NaN,
        "Normalized Income": 47411200.0,
        "Net Income From Continuing And Discontinued Operation": 45300000.0,
        "Total Expenses": 595900000.0,
        "Total Operating Income As Reported": 77800000.0,
        "Diluted Average Shares": 130700000.0,
        "Basic Average Shares": 127000000.0,
        "Diluted EPS": 0.35,
        "Basic EPS": 0.36,
        "Diluted NI Availto Com Stockholders": 45300000.0,
        "Net Income Common Stockholders": 45300000.0,
        "Net Income": 45300000.0,
        "Net Income Including Noncontrolling Interests": 45300000.0,
        "Net Income Continuous Operations": 45300000.0,
        "Tax Provision": 14800000.0,
        "Pretax Income": 60100000.0,
        "Other Income Expense": 100000.0,
        "Other Non Operating Income Expenses": 2900000.0,
        "Special Income Charges": -2800000.0,
        "Write Off": NaN,
        "Restructuring And Mergern Acquisition": 2800000.0,
        "Net Non Operating Interest Income Expense": -20600000.0,
        "Interest Expense Non Operating": 20600000.0,
        "Interest Income Non Operating": NaN,
        "Operating Income": 80600000.0,
        "Operating Expense": 150400000.0,
        "Depreciation Amortization Depletion Income Statement": 3700000.0,
        "Depreciation And Amortization In Income Statement": 3700000.0,
        "Amortization": 3700000.0,
        "Amortization Of Intangibles Income Statement": 3700000.0,
        "Selling General And Administration": 146700000.0,
        "Gross Profit": 231000000.0,
        "Cost Of Revenue": 445500000.0,
        "Total Revenue": 676500000.0,
        "Operating Revenue": 676500000.0
    },
    "2024-09-30": {
        "Tax Effect Of Unusual Items": -2035800.0,
        "Tax Rate For Calcs": 0.261,
        "Normalized EBITDA": 87300000.0,
        "Total Unusual Items": -7800000.0,
        "Total Unusual Items Excluding Goodwill": -7800000.0,
        "Net Income From Continuing Operation Net Minority Interest": 29100000.0,
        "Reconciled Depreciation": 20100000.0,
        "Reconciled Cost Of Revenue": 466300000.0,
        "EBITDA": 79500000.0,
        "EBIT": 59400000.0,
        "Net Interest Income": -20000000.0,
        "Interest Expense": 20000000.0,
        "Interest Income": NaN,
        "Normalized Income": 34864200.0,
        "Net Income From Continuing And Discontinued Operation": 29100000.0,
        "Total Expenses": 652700000.0,
        "Total Operating Income As Reported": 57600000.0,
        "Diluted Average Shares": 130800000.0,
        "Basic Average Shares": 127100000.0,
        "Diluted EPS": 0.22,
        "Basic EPS": 0.23,
        "Diluted NI Availto Com Stockholders": 29100000.0,
        "Net Income Common Stockholders": 29100000.0,
        "Net Income": 29100000.0,
        "Net Income Including Noncontrolling Interests": 29100000.0,
        "Net Income Continuous Operations": 29100000.0,
        "Tax Provision": 10300000.0,
        "Pretax Income": 39400000.0,
        "Other Income Expense": -6000000.0,
        "Other Non Operating Income Expenses": 1800000.0,
        "Special Income Charges": -7800000.0,
        "Write Off": NaN,
        "Restructuring And Mergern Acquisition": 7800000.0,
        "Net Non Operating Interest Income Expense": -20000000.0,
        "Interest Expense Non Operating": 20000000.0,
        "Interest Income Non Operating": NaN,
        "Operating Income": 65400000.0,
        "Operating Expense": 172600000.0,
        "Depreciation Amortization Depletion Income Statement": 6300000.0,
        "Depreciation And Amortization In Income Statement": 6300000.0,
        "Amortization": 6300000.0,
        "Amortization Of Intangibles Income Statement": 6300000.0,
        "Selling General And Administration": 166300000.0,
        "Gross Profit": 238000000.0,
        "Cost Of Revenue": 480100000.0,
        "Total Revenue": 718100000.0,
        "Operating Revenue": 718100000.0
    },
    "2024-12-31": {
        "Tax Effect Of Unusual Items": -205050.505051,
        "Tax Rate For Calcs": 0.292929,
        "Normalized EBITDA": 63900000.0,
        "Total Unusual Items": -700000.0,
        "Total Unusual Items Excluding Goodwill": -700000.0,
        "Net Income From Continuing Operation Net Minority Interest": 14000000.0,
        "Reconciled Depreciation": 24100000.0,
        "Reconciled Cost Of Revenue": 446800000.0,
        "EBITDA": 63200000.0,
        "EBIT": 39100000.0,
        "Net Interest Income": -19300000.0,
        "Interest Expense": 19300000.0,
        "Interest Income": NaN,
        "Normalized Income": 14494949.494949,
        "Net Income From Continuing And Discontinued Operation": 14000000.0,
        "Total Expenses": 627300000.0,
        "Total Operating Income As Reported": 37500000.0,
        "Diluted Average Shares": 131200000.0,
        "Basic Average Shares": 127200000.0,
        "Diluted EPS": 0.11,
        "Basic EPS": 0.11,
        "Diluted NI Availto Com Stockholders": 14000000.0,
        "Net Income Common Stockholders": 14000000.0,
        "Net Income": 14000000.0,
        "Net Income Including Noncontrolling Interests": 14000000.0,
        "Net Income Continuous Operations": 14000000.0,
        "Tax Provision": 5800000.0,
        "Pretax Income": 19800000.0,
        "Other Income Expense": -1300000.0,
        "Other Non Operating Income Expenses": -600000.0,
        "Special Income Charges": -2700000.0,
        "Write Off": NaN,
        "Restructuring And Mergern Acquisition": 7000000.0,
        "Net Non Operating Interest Income Expense": -19300000.0,
        "Interest Expense Non Operating": 19300000.0,
        "Interest Income Non Operating": NaN,
        "Operating Income": 40400000.0,
        "Operating Expense": 162900000.0,
        "Depreciation Amortization Depletion Income Statement": 6500000.0,
        "Depreciation And Amortization In Income Statement": 6500000.0,
        "Amortization": 6500000.0,
        "Amortization Of Intangibles Income Statement": 6500000.0,
        "Selling General And Administration": 156400000.0,
        "Gross Profit": 203300000.0,
        "Cost Of Revenue": 464400000.0,
        "Total Revenue": 667700000.0,
        "Operating Revenue": 667700000.0
    },
    "2025-03-31": {
        "Tax Effect Of Unusual Items": -1085700.0,
        "Tax Rate For Calcs": 0.231,
        "Normalized EBITDA": 64200000.0,
        "Total Unusual Items": -4700000.0,
        "Total Unusual Items Excluding Goodwill": -4700000.0,
        "Net Income From Continuing Operation Net Minority Interest": 13300000.0,
        "Reconciled Depreciation": 22800000.0,
        "Reconciled Cost Of Revenue": 441700000.0,
        "EBITDA": 59500000.0,
        "EBIT": 36700000.0,
        "Net Interest Income": -19400000.0,
        "Interest Expense": 19400000.0,
        "Interest Income": NaN,
        "Normalized Income": 16914300.0,
        "Net Income From Continuing And Discontinued Operation": 13300000.0,
        "Total Expenses": 618500000.0,
        "Total Operating Income As Reported": 37100000.0,
        "Diluted Average Shares": 130700000.0,
        "Basic Average Shares": 127500000.0,
        "Diluted EPS": 0.1,
        "Basic EPS": 0.1,
        "Diluted NI Availto Com Stockholders": 13300000.0,
        "Net Income Common Stockholders": 13300000.0,
        "Net Income": 13300000.0,
        "Net Income Including Noncontrolling Interests": 13300000.0,
        "Net Income Continuous Operations": 13300000.0,
        "Tax Provision": 4000000.0,
        "Pretax Income": 17300000.0,
        "Other Income Expense": -5100000.0,
        "Other Non Operating Income Expenses": -400000.0,
        "Special Income Charges": -4700000.0,
        "Write Off": NaN,
        "Restructuring And Mergern Acquisition": 4700000.0,
        "Net Non Operating Interest Income Expense": -19400000.0,
        "Interest Expense Non Operating": 19400000.0,
        "Interest Income Non Operating": NaN,
        "Operating Income": 41800000.0,
        "Operating Expense": 160400000.0,
        "Depreciation Amortization Depletion Income Statement": 6400000.0,
        "Depreciation And Amortization In Income Statement": 6400000.0,
        "Amortization": 6400000.0,
        "Amortization Of Intangibles Income Statement": 6400000.0,
        "Selling General And Administration": 154000000.0,
        "Gross Profit": 202200000.0,
        "Cost Of Revenue": 458100000.0,
        "Total Revenue": 660300000.0,
        "Operating Revenue": 660300000.0
    },
    "2025-06-30": {
        "Tax Effect Of Unusual Items": -1577400.0,
        "Tax Rate For Calcs": 0.239,
        "Normalized EBITDA": 98700000.0,
        "Total Unusual Items": -6600000.0,
        "Total Unusual Items Excluding Goodwill": -6600000.0,
        "Net Income From Continuing Operation Net Minority Interest": 37300000.0,
        "Reconciled Depreciation": 24200000.0,
        "Reconciled Cost Of Revenue": 473400000.0,
        "EBITDA": 92100000.0,
        "EBIT": 67900000.0,
        "Net Interest Income": -18900000.0,
        "Interest Expense": 18900000.0,
        "Interest Income": NaN,
        "Normalized Income": 42322600.0,
        "Net Income From Continuing And Discontinued Operation": 37300000.0,
        "Total Expenses": 657000000.0,
        "Total Operating Income As Reported": 67300000.0,
        "Diluted Average Shares": 129100000.0,
        "Basic Average Shares": 126800000.0,
        "Diluted EPS": 0.29,
        "Basic EPS": 0.29,
        "Diluted NI Availto Com Stockholders": 37300000.0,
        "Net Income Common Stockholders": 37300000.0,
        "Net Income": 37300000.0,
        "Net Income Including Noncontrolling Interests": 37300000.0,
        "Net Income Continuous Operations": 37300000.0,
        "Tax Provision": 11700000.0,
        "Pretax Income": 49000000.0,
        "Other Income Expense": -6000000.0,
        "Other Non Operating Income Expenses": 600000.0,
        "Special Income Charges": -6600000.0,
        "Write Off": NaN,
        "Restructuring And Mergern Acquisition": 6600000.0,
        "Net Non Operating Interest Income Expense": -18900000.0,
        "Interest Expense Non Operating": 18900000.0,
        "Interest Income Non Operating": NaN,
        "Operating Income": 73900000.0,
        "Operating Expense": 165800000.0,
        "Depreciation Amortization Depletion Income Statement": 6400000.0,
        "Depreciation And Amortization In Income Statement": 6400000.0,
        "Amortization": 6400000.0,
        "Amortization Of Intangibles Income Statement": 6400000.0,
        "Selling General And Administration": 159400000.0,
        "Gross Profit": 239700000.0,
        "Cost Of Revenue": 491200000.0,
        "Total Revenue": 730900000.0,
        "Operating Revenue": 730900000.0
    }
}