{
    "2023-03-31": {
        "Tax Effect Of Unusual Items": NaN,
        "Tax Rate For Calcs": NaN,
        "Normalized EBITDA": NaN,
        "Net Income From Continuing Operation Net Minority Interest": NaN,
        "Reconciled Depreciation": NaN,
        "EBITDA": NaN,
        "EBIT": NaN,
        "Net Interest Income": NaN,
        "Interest Income": NaN,
        "Normalized Income": NaN,
        "Net Income From Continuing And Discontinued Operation": NaN,
        "Total Expenses": NaN,
        "Total Operating Income As Reported": NaN,
        "Diluted Average Shares": NaN,
        "Basic Average Shares": NaN,
        "Diluted EPS": NaN,
        "Basic EPS": NaN,
        "Diluted NI Availto Com Stockholders": NaN,
        "Net Income Common Stockholders": NaN,
        "Net Income": NaN,
        "Net Income Including Noncontrolling Interests": NaN,
        "Net Income Continuous Operations": NaN,
        "Pretax Income": NaN,
        "Net Non Operating Interest Income Expense": NaN,
        "Total Other Finance Cost": -66000.0,
        "Interest Income Non Operating": NaN,
        "Operating Income": NaN,
        "Operating Expense": NaN,
        "Research And Development": NaN,
        "Selling General And Administration": NaN,
        "General And Administrative Expense": NaN,
        "Other Gand A": NaN,
        "Total Revenue": NaN,
        "Operating Revenue": NaN
    },
    "2022-12-31": {
        "Tax Effect Of Unusual Items": 0.0,
        "Tax Rate For Calcs": 0.0,
        "Normalized EBITDA": -3035000.0,
        "Net Income From Continuing Operation Net Minority Interest": -2998000.0,
        "Reconciled Depreciation": 33000.0,
        "EBITDA": -3035000.0,
        "EBIT": -3068000.0,
        "Net Interest Income": 11000.0,
        "Interest Income": NaN,
        "Normalized Income": -2998000.0,
        "Net Income From Continuing And Discontinued Operation": -2998000.0,
        "Total Expenses": 3068000.0,
        "Total Operating Income As Reported": -3068000.0,
        "Diluted Average Shares": NaN,
        "Basic Average Shares": NaN,
        "Diluted EPS": NaN,
        "Basic EPS": NaN,
        "Diluted NI Availto Com Stockholders": -2998000.0,
        "Net Income Common Stockholders": -2998000.0,
        "Net Income": -2998000.0,
        "Net Income Including Noncontrolling Interests": -2998000.0,
        "Net Income Continuous Operations": -2998000.0,
        "Pretax Income": -2998000.0,
        "Net Non Operating Interest Income Expense": 11000.0,
        "Total Other Finance Cost": NaN,
        "Interest Income Non Operating": NaN,
        "Operating Income": -3068000.0,
        "Operating Expense": 3068000.0,
        "Research And Development": 1884000.0,
        "Selling General And Administration": 1064000.0,
        "General And Administrative Expense": 1064000.0,
        "Other Gand A": -2847000.0,
        "Total Revenue": 0.0,
        "Operating Revenue": 0.0
    },
    "2022-09-30": {
        "Tax Effect Of Unusual Items": NaN,
        "Tax Rate For Calcs": NaN,
        "Normalized EBITDA": NaN,
        "Net Income From Continuing Operation Net Minority Interest": NaN,
        "Reconciled Depreciation": NaN,
        "EBITDA": NaN,
        "EBIT": NaN,
        "Net Interest Income": NaN,
        "Interest Income": 6000.0,
        "Normalized Income": NaN,
        "Net Income From Continuing And Discontinued Operation": NaN,
        "Total Expenses": NaN,
        "Total Operating Income As Reported": NaN,
        "Diluted Average Shares": 7108133.0,
        "Basic Average Shares": 7108133.0,
        "Diluted EPS": -0.49,
        "Basic EPS": -0.49,
        "Diluted NI Availto Com Stockholders": NaN,
        "Net Income Common Stockholders": NaN,
        "Net Income": NaN,
        "Net Income Including Noncontrolling Interests": NaN,
        "Net Income Continuous Operations": NaN,
        "Pretax Income": NaN,
        "Net Non Operating Interest Income Expense": NaN,
        "Total Other Finance Cost": -6000.0,
        "Interest Income Non Operating": 6000.0,
        "Operating Income": NaN,
        "Operating Expense": NaN,
        "Research And Development": NaN,
        "Selling General And Administration": NaN,
        "General And Administrative Expense": NaN,
        "Other Gand A": NaN,
        "Total Revenue": NaN,
        "Operating Revenue": NaN
    },
    "2022-06-30": {
        "Tax Effect Of Unusual Items": 0.0,
        "Tax Rate For Calcs": 0.0,
        "Normalized EBITDA": -3540000.0,
        "Net Income From Continuing Operation Net Minority Interest": -3513000.0,
        "Reconciled Depreciation": 23000.0,
        "EBITDA": -3540000.0,
        "EBIT": -3563000.0,
        "Net Interest Income": 50000.0,
        "Interest Income": NaN,
        "Normalized Income": -3513000.0,
        "Net Income From Continuing And Discontinued Operation": -3513000.0,
        "Total Expenses": 3563000.0,
        "Total Operating Income As Reported": -3563000.0,
        "Diluted Average Shares": 7108133.0,
        "Basic Average Shares": 7108133.0,
        "Diluted EPS": -0.49,
        "Basic EPS": -0.49,
        "Diluted NI Availto Com Stockholders": -3513000.0,
        "Net Income Common Stockholders": -3513000.0,
        "Net Income": -3513000.0,
        "Net Income Including Noncontrolling Interests": -3513000.0,
        "Net Income Continuous Operations": -3513000.0,
        "Pretax Income": -3513000.0,
        "Net Non Operating Interest Income Expense": 50000.0,
        "Total Other Finance Cost": -50000.0,
        "Interest Income Non Operating": NaN,
        "Operating Income": -3563000.0,
        "Operating Expense": 3563000.0,
        "Research And Development": 2193000.0,
        "Selling General And Administration": 1370000.0,
        "General And Administrative Expense": 1370000.0,
        "Other Gand A": 1370000.0,
        "Total Revenue": 0.0,
        "Operating Revenue": 0.0
    },
    "2022-03-31": {
        "Diluted EPS": -0.45,
        "Total Revenue": NaN,
        "Gross Profit": NaN,
        "Operating Income": -3,
        "EBIT": -3,
        "Net Income": -3
    },
    "2021-12-31": {
        "Diluted EPS": -0.54,
        "Total Revenue": NaN,
        "Gross Profit": NaN,
        "Operating Income": -4,
        "EBIT": -4,
        "Net Income": -4
    },
    "2021-09-30": {
        "Diluted EPS": -0.36,
        "Total Revenue": NaN,
        "Gross Profit": NaN,
        "Operating Income": -3,
        "EBIT": -3,
        "Net Income": -3
    },
    "2021-06-30": {
        "Diluted EPS": -0.35,
        "Total Revenue": NaN,
        "Gross Profit": NaN,
        "Operating Income": -2,
        "EBIT": -2,
        "Net Income": -3
    },
    "2021-03-31": {
        "Diluted EPS": -0.34,
        "Total Revenue": NaN,
        "Gross Profit": NaN,
        "Operating Income": -2,
        "EBIT": -2,
        "Net Income": -2
    },
    "2020-12-31": {
        "Diluted EPS": -0.37,
        "Total Revenue": NaN,
        "Gross Profit": NaN,
        "Operating Income": -3,
        "EBIT": -3,
        "Net Income": -3
    },
    "2020-09-30": {
        "Diluted EPS": -0.35,
        "Total Revenue": NaN,
        "Gross Profit": NaN,
        "Operating Income": -2,
        "EBIT": -2,
        "Net Income": -2
    },
    "2020-06-30": {
        "Diluted EPS": -0.26,
        "Total Revenue": NaN,
        "Gross Profit": NaN,
        "Operating Income": -2,
        "EBIT": -2,
        "Net Income": -2
    },
    "2020-03-31": {
        "Diluted EPS": -0.31,
        "Total Revenue": NaN,
        "Gross Profit": NaN,
        "Operating Income": -2,
        "EBIT": -2,
        "Net Income": -2
    },
    "2019-12-31": {
        "Diluted EPS": -0.42,
        "Total Revenue": NaN,
        "Gross Profit": NaN,
        "Operating Income": -2,
        "EBIT": -2,
        "Net Income": -2
    },
    "2019-09-30": {
        "Diluted EPS": -0.44,
        "Total Revenue": NaN,
        "Gross Profit": NaN,
        "Operating Income": -2,
        "EBIT": -2,
        "Net Income": -2
    },
    "2019-06-30": {
        "Diluted EPS": -0.36,
        "Total Revenue": NaN,
        "Gross Profit": NaN,
        "Operating Income": -2,
        "EBIT": -2,
        "Net Income": -2
    },
    "2019-03-31": {
        "Diluted EPS": -0.48,
        "Total Revenue": NaN,
        "Gross Profit": NaN,
        "Operating Income": -2,
        "EBIT": -2,
        "Net Income": -2
    },
    "2018-12-31": {
        "Diluted EPS": -0.65,
        "Total Revenue": NaN,
        "Gross Profit": NaN,
        "Operating Income": -2,
        "EBIT": -2,
        "Net Income": -2
    },
    "2018-09-30": {
        "Diluted EPS": -0.6,
        "Total Revenue": NaN,
        "Gross Profit": NaN,
        "Operating Income": -2,
        "EBIT": -2,
        "Net Income": -2
    },
    "2018-06-30": {
        "Diluted EPS": -0.66,
        "Total Revenue": NaN,
        "Gross Profit": NaN,
        "Operating Income": -2,
        "EBIT": -2,
        "Net Income": -2
    },
    "2018-03-31": {
        "Diluted EPS": -0.5,
        "Total Revenue": NaN,
        "Gross Profit": NaN,
        "Operating Income": -2,
        "EBIT": -2,
        "Net Income": -1
    },
    "2017-12-31": {
        "Diluted EPS": -0.36,
        "Total Revenue": NaN,
        "Gross Profit": NaN,
        "Operating Income": -2,
        "EBIT": -2,
        "Net Income": 0
    },
    "2017-09-30": {
        "Diluted EPS": -0.45,
        "Total Revenue": NaN,
        "Gross Profit": NaN,
        "Operating Income": -1,
        "EBIT": -1,
        "Net Income": -1
    },
    "2017-06-30": {
        "Diluted EPS": -1.35,
        "Total Revenue": NaN,
        "Gross Profit": NaN,
        "Operating Income": -1,
        "EBIT": -1,
        "Net Income": -4
    },
    "2017-03-31": {
        "Diluted EPS": -0.6,
        "Total Revenue": NaN,
        "Gross Profit": NaN,
        "Operating Income": -1,
        "EBIT": -1,
        "Net Income": -1
    },
    "2016-12-31": {
        "Diluted EPS": -4.5,
        "Total Revenue": NaN,
        "Gross Profit": NaN,
        "Operating Income": -9,
        "EBIT": -9,
        "Net Income": -5
    },
    "2016-09-30": {
        "Diluted EPS": -1.2,
        "Total Revenue": NaN,
        "Gross Profit": NaN,
        "Operating Income": -1,
        "EBIT": 0,
        "Net Income": -1
    },
    "2016-06-30": {
        "Diluted EPS": -0.15,
        "Total Revenue": NaN,
        "Gross Profit": NaN,
        "Operating Income": 0,
        "EBIT": 0,
        "Net Income": 0
    },
    "2016-03-31": {
        "Diluted EPS": -0.15,
        "Total Revenue": NaN,
        "Gross Profit": NaN,
        "Operating Income": 0,
        "EBIT": 0,
        "Net Income": 0
    },
    "2015-12-31": {
        "Diluted EPS": 506.8,
        "Total Revenue": NaN,
        "Gross Profit": NaN,
        "Operating Income": 27,
        "EBIT": 26,
        "Net Income": 27
    },
    "2015-09-30": {
        "Diluted EPS": -144.39,
        "Total Revenue": 0,
        "Gross Profit": 0,
        "Operating Income": -10,
        "EBIT": -10,
        "Net Income": -10
    },
    "2015-06-30": {
        "Diluted EPS": -144.39,
        "Total Revenue": 0,
        "Gross Profit": 0,
        "Operating Income": -9,
        "EBIT": -9,
        "Net Income": -8
    },
    "2015-03-31": {
        "Diluted EPS": -218.61,
        "Total Revenue": 0,
        "Gross Profit": 0,
        "Operating Income": -9,
        "EBIT": -9,
        "Net Income": -9
    },
    "2014-12-31": {
        "Diluted EPS": -210.6,
        "Total Revenue": 1,
        "Gross Profit": 1,
        "Operating Income": -10,
        "EBIT": -7,
        "Net Income": -10
    },
    "2014-09-30": {
        "Diluted EPS": -64.8,
        "Total Revenue": 0,
        "Gross Profit": 0,
        "Operating Income": -6,
        "EBIT": -6,
        "Net Income": -3
    },
    "2014-06-30": {
        "Diluted EPS": -356.4,
        "Total Revenue": 0,
        "Gross Profit": 0,
        "Operating Income": -8,
        "EBIT": -8,
        "Net Income": -12
    },
    "2014-03-31": {
        "Diluted EPS": -226.8,
        "Total Revenue": 0,
        "Gross Profit": 0,
        "Operating Income": -7,
        "EBIT": -6,
        "Net Income": -8
    },
    "2013-12-31": {
        "Diluted EPS": -210.6,
        "Total Revenue": 0,
        "Gross Profit": 0,
        "Operating Income": -9,
        "EBIT": -9,
        "Net Income": -7
    },
    "2013-09-30": {
        "Diluted EPS": -275.4,
        "Total Revenue": 0,
        "Gross Profit": 0,
        "Operating Income": -7,
        "EBIT": -6,
        "Net Income": -7
    },
    "2013-06-30": {
        "Diluted EPS": -243.0,
        "Total Revenue": 0,
        "Gross Profit": 0,
        "Operating Income": -6,
        "EBIT": -6,
        "Net Income": -6
    },
    "2013-03-31": {
        "Diluted EPS": -275.4,
        "Total Revenue": 0,
        "Gross Profit": 0,
        "Operating Income": -6,
        "EBIT": -6,
        "Net Income": -6
    },
    "2012-12-31": {
        "Diluted EPS": -113.4,
        "Total Revenue": 0,
        "Gross Profit": 0,
        "Operating Income": -7,
        "EBIT": -7,
        "Net Income": -3
    },
    "2012-09-30": {
        "Diluted EPS": -874.8,
        "Total Revenue": 0,
        "Gross Profit": 0,
        "Operating Income": -5,
        "EBIT": -5,
        "Net Income": -16
    },
    "2012-06-30": {
        "Diluted EPS": 48.6,
        "Total Revenue": 0,
        "Gross Profit": 0,
        "Operating Income": -5,
        "EBIT": -5,
        "Net Income": 1
    },
    "2012-03-31": {
        "Diluted EPS": -729.0,
        "Total Revenue": 1,
        "Gross Profit": 1,
        "Operating Income": -5,
        "EBIT": -5,
        "Net Income": -10
    },
    "2011-12-31": {
        "Diluted EPS": -777.6,
        "Total Revenue": 1,
        "Gross Profit": 0,
        "Operating Income": -7,
        "EBIT": -6,
        "Net Income": -7
    },
    "2011-09-30": {
        "Diluted EPS": -502.2,
        "Total Revenue": 0,
        "Gross Profit": 0,
        "Operating Income": -6,
        "EBIT": -6,
        "Net Income": -4
    },
    "2011-06-30": {
        "Diluted EPS": -469.8,
        "Total Revenue": 0,
        "Gross Profit": 0,
        "Operating Income": -7,
        "EBIT": -7,
        "Net Income": -4
    },
    "2011-03-31": {
        "Diluted EPS": -680.4,
        "Total Revenue": 0,
        "Gross Profit": 0,
        "Operating Income": -8,
        "EBIT": -7,
        "Net Income": -6
    },
    "2010-12-31": {
        "Diluted EPS": NaN,
        "Total Revenue": 1,
        "Gross Profit": 1,
        "Operating Income": -8,
        "EBIT": -7,
        "Net Income": -9
    },
    "2010-09-30": {
        "Diluted EPS": -712.8,
        "Total Revenue": 0,
        "Gross Profit": 0,
        "Operating Income": -7,
        "EBIT": -7,
        "Net Income": -6
    },
    "2010-06-30": {
        "Diluted EPS": -615.6,
        "Total Revenue": 0,
        "Gross Profit": 0,
        "Operating Income": -7,
        "EBIT": -7,
        "Net Income": -5
    },
    "2010-03-31": {
        "Diluted EPS": -810.0,
        "Total Revenue": 0,
        "Gross Profit": 0,
        "Operating Income": -8,
        "EBIT": -7,
        "Net Income": -6
    },
    "2009-12-31": {
        "Diluted EPS": -810.0,
        "Total Revenue": 0,
        "Gross Profit": 0,
        "Operating Income": -8,
        "EBIT": -8,
        "Net Income": -5
    },
    "2009-09-30": {
        "Diluted EPS": -810.0,
        "Total Revenue": 0,
        "Gross Profit": 0,
        "Operating Income": -7,
        "EBIT": -7,
        "Net Income": -5
    },
    "2009-06-30": {
        "Diluted EPS": NaN,
        "Total Revenue": 0,
        "Gross Profit": 0,
        "Operating Income": -7,
        "EBIT": -7,
        "Net Income": -7
    },
    "2009-03-31": {
        "Diluted EPS": NaN,
        "Total Revenue": 0,
        "Gross Profit": 0,
        "Operating Income": -7,
        "EBIT": -6,
        "Net Income": -9
    },
    "2023-06-30": {
        "Tax Effect Of Unusual Items": NaN,
        "Tax Rate For Calcs": NaN,
        "Normalized EBITDA": NaN,
        "Net Income From Continuing Operation Net Minority Interest": NaN,
        "Reconciled Depreciation": NaN,
        "EBITDA": NaN,
        "EBIT": NaN,
        "Net Interest Income": NaN,
        "Interest Income": 37000.0,
        "Normalized Income": NaN,
        "Net Income From Continuing And Discontinued Operation": NaN,
        "Total Expenses": NaN,
        "Total Operating Income As Reported": NaN,
        "Diluted Average Shares": 9198806.0,
        "Basic Average Shares": 9198806.0,
        "Diluted EPS": -0.25,
        "Basic EPS": -0.25,
        "Diluted NI Availto Com Stockholders": NaN,
        "Net Income Common Stockholders": NaN,
        "Net Income": NaN,
        "Net Income Including Noncontrolling Interests": NaN,
        "Net Income Continuous Operations": NaN,
        "Pretax Income": NaN,
        "Net Non Operating Interest Income Expense": NaN,
        "Total Other Finance Cost": -37000.0,
        "Interest Income Non Operating": 37000.0,
        "Operating Income": NaN,
        "Operating Expense": NaN,
        "Research And Development": NaN,
        "Selling General And Administration": NaN,
        "General And Administrative Expense": NaN,
        "Other Gand A": NaN,
        "Total Revenue": NaN,
        "Operating Revenue": NaN
    },
    "2023-09-30": {
        "Tax Effect Of Unusual Items": NaN,
        "Tax Rate For Calcs": NaN,
        "Normalized EBITDA": NaN,
        "Net Income From Continuing Operation Net Minority Interest": NaN,
        "Reconciled Depreciation": NaN,
        "EBITDA": NaN,
        "EBIT": NaN,
        "Net Interest Income": NaN,
        "Interest Income": 98000.0,
        "Normalized Income": NaN,
        "Net Income From Continuing And Discontinued Operation": NaN,
        "Total Expenses": NaN,
        "Total Operating Income As Reported": NaN,
        "Diluted Average Shares": 11707317.0,
        "Basic Average Shares": 11707317.0,
        "Diluted EPS": -0.21,
        "Basic EPS": -0.21,
        "Diluted NI Availto Com Stockholders": NaN,
        "Net Income Common Stockholders": NaN,
        "Net Income": NaN,
        "Net Income Including Noncontrolling Interests": NaN,
        "Net Income Continuous Operations": NaN,
        "Pretax Income": NaN,
        "Net Non Operating Interest Income Expense": NaN,
        "Total Other Finance Cost": -98000.0,
        "Interest Income Non Operating": 98000.0,
        "Operating Income": NaN,
        "Operating Expense": NaN,
        "Research And Development": NaN,
        "Selling General And Administration": NaN,
        "General And Administrative Expense": NaN,
        "Other Gand A": NaN,
        "Total Revenue": NaN,
        "Operating Revenue": NaN
    },
    "2023-12-31": {
        "Tax Effect Of Unusual Items": 0.0,
        "Tax Rate For Calcs": 0.0,
        "Normalized EBITDA": -2314000.0,
        "Net Income From Continuing Operation Net Minority Interest": -3154000.0,
        "Reconciled Depreciation": 35000.0,
        "EBITDA": -2314000.0,
        "EBIT": -2349000.0,
        "Net Interest Income": 82000.0,
        "Interest Income": NaN,
        "Normalized Income": -3154000.0,
        "Net Income From Continuing And Discontinued Operation": -3154000.0,
        "Total Expenses": 2349000.0,
        "Total Operating Income As Reported": -2068000.0,
        "Diluted Average Shares": NaN,
        "Basic Average Shares": NaN,
        "Diluted EPS": NaN,
        "Basic EPS": NaN,
        "Diluted NI Availto Com Stockholders": -3154000.0,
        "Net Income Common Stockholders": -3154000.0,
        "Net Income": -3154000.0,
        "Net Income Including Noncontrolling Interests": -3154000.0,
        "Net Income Continuous Operations": -3154000.0,
        "Pretax Income": -3154000.0,
        "Net Non Operating Interest Income Expense": 82000.0,
        "Total Other Finance Cost": NaN,
        "Interest Income Non Operating": NaN,
        "Operating Income": -2349000.0,
        "Operating Expense": 2349000.0,
        "Research And Development": 1130000.0,
        "Selling General And Administration": 1124000.0,
        "General And Administrative Expense": 1124000.0,
        "Other Gand A": -1529000.0,
        "Total Revenue": 0.0,
        "Operating Revenue": 0.0
    },
    "2024-03-31": {
        "Tax Effect Of Unusual Items": 0.0,
        "Tax Rate For Calcs": 0.0,
        "Normalized EBITDA": -2356000.0,
        "Net Income From Continuing Operation Net Minority Interest": -2371000.0,
        "Reconciled Depreciation": 28000.0,
        "EBITDA": -2356000.0,
        "EBIT": -2384000.0,
        "Net Interest Income": 13000.0,
        "Interest Income": NaN,
        "Normalized Income": -2371000.0,
        "Net Income From Continuing And Discontinued Operation": -2371000.0,
        "Total Expenses": 2384000.0,
        "Total Operating Income As Reported": -2384000.0,
        "Diluted Average Shares": 14055973.0,
        "Basic Average Shares": 14055973.0,
        "Diluted EPS": -0.17,
        "Basic EPS": -0.17,
        "Diluted NI Availto Com Stockholders": -2371000.0,
        "Net Income Common Stockholders": -2371000.0,
        "Net Income": -2371000.0,
        "Net Income Including Noncontrolling Interests": -2371000.0,
        "Net Income Continuous Operations": -2371000.0,
        "Pretax Income": -2371000.0,
        "Net Non Operating Interest Income Expense": 13000.0,
        "Total Other Finance Cost": -13000.0,
        "Interest Income Non Operating": NaN,
        "Operating Income": -2384000.0,
        "Operating Expense": 2384000.0,
        "Research And Development": 1169000.0,
        "Selling General And Administration": 1215000.0,
        "General And Administrative Expense": 1215000.0,
        "Other Gand A": 1215000.0,
        "Total Revenue": 0.0,
        "Operating Revenue": 0.0
    },
    "2024-06-30": {
        "Tax Effect Of Unusual Items": 0.0,
        "Tax Rate For Calcs": 0.0,
        "Normalized EBITDA": -2497000.0,
        "Net Income From Continuing Operation Net Minority Interest": -2465000.0,
        "Reconciled Depreciation": 14000.0,
        "EBITDA": -2497000.0,
        "EBIT": -2511000.0,
        "Net Interest Income": 46000.0,
        "Interest Income": 46000.0,
        "Normalized Income": -2465000.0,
        "Net Income From Continuing And Discontinued Operation": -2465000.0,
        "Total Expenses": 2511000.0,
        "Total Operating Income As Reported": -2511000.0,
        "Diluted Average Shares": 14846584.0,
        "Basic Average Shares": 14846584.0,
        "Diluted EPS": -0.17,
        "Basic EPS": -0.17,
        "Diluted NI Availto Com Stockholders": -2465000.0,
        "Net Income Common Stockholders": -2465000.0,
        "Net Income": -2465000.0,
        "Net Income Including Noncontrolling Interests": -2465000.0,
        "Net Income Continuous Operations": -2465000.0,
        "Pretax Income": -2465000.0,
        "Net Non Operating Interest Income Expense": 46000.0,
        "Total Other Finance Cost": NaN,
        "Interest Income Non Operating": 46000.0,
        "Operating Income": -2511000.0,
        "Operating Expense": 2511000.0,
        "Research And Development": 1417000.0,
        "Selling General And Administration": 1094000.0,
        "General And Administrative Expense": 1094000.0,
        "Other Gand A": 1094000.0,
        "Total Revenue": 0.0,
        "Operating Revenue": 0.0
    },
    "2024-09-30": {
        "Tax Effect Of Unusual Items": 0.0,
        "Tax Rate For Calcs": 0.0,
        "Normalized EBITDA": -3277000.0,
        "Net Income From Continuing Operation Net Minority Interest": -3215000.0,
        "Reconciled Depreciation": 23000.0,
        "EBITDA": -3277000.0,
        "EBIT": -3300000.0,
        "Net Interest Income": 85000.0,
        "Interest Income": NaN,
        "Normalized Income": -3215000.0,
        "Net Income From Continuing And Discontinued Operation": -3215000.0,
        "Total Expenses": 3300000.0,
        "Total Operating Income As Reported": -3300000.0,
        "Diluted Average Shares": 16471419.0,
        "Basic Average Shares": 16471419.0,
        "Diluted EPS": -0.2,
        "Basic EPS": -0.2,
        "Diluted NI Availto Com Stockholders": -3215000.0,
        "Net Income Common Stockholders": -3215000.0,
        "Net Income": -3215000.0,
        "Net Income Including Noncontrolling Interests": -3215000.0,
        "Net Income Continuous Operations": -3215000.0,
        "Pretax Income": -3215000.0,
        "Net Non Operating Interest Income Expense": 85000.0,
        "Total Other Finance Cost": -85000.0,
        "Interest Income Non Operating": NaN,
        "Operating Income": -3300000.0,
        "Operating Expense": 3300000.0,
        "Research And Development": 2060000.0,
        "Selling General And Administration": 1240000.0,
        "General And Administrative Expense": 1240000.0,
        "Other Gand A": 1240000.0,
        "Total Revenue": 0.0,
        "Operating Revenue": 0.0
    },
    "2024-12-31": {
        "Tax Effect Of Unusual Items": 0.0,
        "Tax Rate For Calcs": 0.0,
        "Normalized EBITDA": -3404000.0,
        "Net Income From Continuing Operation Net Minority Interest": -3392000.0,
        "Reconciled Depreciation": 26000.0,
        "EBITDA": -3404000.0,
        "EBIT": -3430000.0,
        "Net Interest Income": 38000.0,
        "Interest Income": NaN,
        "Normalized Income": -3392000.0,
        "Net Income From Continuing And Discontinued Operation": -3392000.0,
        "Total Expenses": 3430000.0,
        "Total Operating Income As Reported": -3430000.0,
        "Diluted Average Shares": NaN,
        "Basic Average Shares": NaN,
        "Diluted EPS": NaN,
        "Basic EPS": NaN,
        "Diluted NI Availto Com Stockholders": -3392000.0,
        "Net Income Common Stockholders": -3392000.0,
        "Net Income": -3392000.0,
        "Net Income Including Noncontrolling Interests": -3392000.0,
        "Net Income Continuous Operations": -3392000.0,
        "Pretax Income": -3392000.0,
        "Net Non Operating Interest Income Expense": 38000.0,
        "Total Other Finance Cost": -38000.0,
        "Interest Income Non Operating": NaN,
        "Operating Income": -3430000.0,
        "Operating Expense": 3430000.0,
        "Research And Development": 1984000.0,
        "Selling General And Administration": 1372000.0,
        "General And Administrative Expense": 1372000.0,
        "Other Gand A": -2121000.0,
        "Total Revenue": 0.0,
        "Operating Revenue": 0.0
    }
}