{
    "2023-03-31": {
        "Tax Effect Of Unusual Items": NaN,
        "Tax Rate For Calcs": NaN,
        "Normalized EBITDA": NaN,
        "Total Unusual Items": NaN,
        "Total Unusual Items Excluding Goodwill": NaN,
        "Net Income From Continuing Operation Net Minority Interest": NaN,
        "Reconciled Depreciation": NaN,
        "EBITDA": NaN,
        "EBIT": NaN,
        "Net Interest Income": NaN,
        "Interest Income": NaN,
        "Normalized Income": NaN,
        "Net Income From Continuing And Discontinued Operation": NaN,
        "Total Expenses": NaN,
        "Total Operating Income As Reported": NaN,
        "Diluted Average Shares": 1916665.0,
        "Basic Average Shares": 1916665.0,
        "Diluted EPS": -4.13,
        "Basic EPS": -4.13,
        "Diluted NI Availto Com Stockholders": NaN,
        "Net Income Common Stockholders": NaN,
        "Net Income": NaN,
        "Net Income Including Noncontrolling Interests": NaN,
        "Net Income Continuous Operations": NaN,
        "Pretax Income": NaN,
        "Other Income Expense": NaN,
        "Other Non Operating Income Expenses": NaN,
        "Gain On Sale Of Security": NaN,
        "Net Non Operating Interest Income Expense": NaN,
        "Interest Income Non Operating": NaN,
        "Operating Income": NaN,
        "Operating Expense": NaN,
        "Depreciation Amortization Depletion Income Statement": NaN,
        "Depreciation And Amortization In Income Statement": NaN,
        "Research And Development": NaN,
        "Selling General And Administration": NaN,
        "General And Administrative Expense": NaN,
        "Other Gand A": NaN,
        "Total Revenue": NaN,
        "Operating Revenue": NaN
    },
    "2022-12-31": {
        "Tax Effect Of Unusual Items": 0.0,
        "Tax Rate For Calcs": 0.0,
        "Normalized EBITDA": -7167000.0,
        "Total Unusual Items": 151000.0,
        "Total Unusual Items Excluding Goodwill": 151000.0,
        "Net Income From Continuing Operation Net Minority Interest": -6770000.0,
        "Reconciled Depreciation": 32000.0,
        "EBITDA": -7016000.0,
        "EBIT": -7048000.0,
        "Net Interest Income": 126000.0,
        "Interest Income": NaN,
        "Normalized Income": -6921000.0,
        "Net Income From Continuing And Discontinued Operation": -6770000.0,
        "Total Expenses": 7048000.0,
        "Total Operating Income As Reported": -7048000.0,
        "Diluted Average Shares": NaN,
        "Basic Average Shares": NaN,
        "Diluted EPS": NaN,
        "Basic EPS": NaN,
        "Diluted NI Availto Com Stockholders": -6770000.0,
        "Net Income Common Stockholders": -6770000.0,
        "Net Income": -6770000.0,
        "Net Income Including Noncontrolling Interests": -6770000.0,
        "Net Income Continuous Operations": -6770000.0,
        "Pretax Income": -6770000.0,
        "Other Income Expense": 152000.0,
        "Other Non Operating Income Expenses": 1000.0,
        "Gain On Sale Of Security": 151000.0,
        "Net Non Operating Interest Income Expense": 126000.0,
        "Interest Income Non Operating": NaN,
        "Operating Income": -7048000.0,
        "Operating Expense": 7048000.0,
        "Depreciation Amortization Depletion Income Statement": 32000.0,
        "Depreciation And Amortization In Income Statement": 32000.0,
        "Research And Development": 4178000.0,
        "Selling General And Administration": 2838000.0,
        "General And Administrative Expense": 2838000.0,
        "Other Gand A": 2838000.0,
        "Total Revenue": 0.0,
        "Operating Revenue": 0.0
    },
    "2022-09-30": {
        "Tax Effect Of Unusual Items": NaN,
        "Tax Rate For Calcs": NaN,
        "Normalized EBITDA": NaN,
        "Total Unusual Items": NaN,
        "Total Unusual Items Excluding Goodwill": NaN,
        "Net Income From Continuing Operation Net Minority Interest": NaN,
        "Reconciled Depreciation": NaN,
        "EBITDA": NaN,
        "EBIT": NaN,
        "Net Interest Income": NaN,
        "Interest Income": NaN,
        "Normalized Income": NaN,
        "Net Income From Continuing And Discontinued Operation": NaN,
        "Total Expenses": NaN,
        "Total Operating Income As Reported": NaN,
        "Diluted Average Shares": 1908507.0,
        "Basic Average Shares": 1908507.0,
        "Diluted EPS": -4.5,
        "Basic EPS": -4.5,
        "Diluted NI Availto Com Stockholders": NaN,
        "Net Income Common Stockholders": NaN,
        "Net Income": NaN,
        "Net Income Including Noncontrolling Interests": NaN,
        "Net Income Continuous Operations": NaN,
        "Pretax Income": NaN,
        "Other Income Expense": NaN,
        "Other Non Operating Income Expenses": NaN,
        "Gain On Sale Of Security": NaN,
        "Net Non Operating Interest Income Expense": NaN,
        "Total Other Finance Cost": -33000.0,
        "Interest Income Non Operating": NaN,
        "Operating Income": NaN,
        "Operating Expense": NaN,
        "Depreciation Amortization Depletion Income Statement": NaN,
        "Depreciation And Amortization In Income Statement": NaN,
        "Research And Development": NaN,
        "Selling General And Administration": NaN,
        "General And Administrative Expense": NaN,
        "Other Gand A": NaN,
        "Total Revenue": NaN,
        "Operating Revenue": NaN
    },
    "2022-06-30": {
        "Tax Effect Of Unusual Items": 0.0,
        "Tax Rate For Calcs": 0.0,
        "Normalized EBITDA": -8003000.0,
        "Total Unusual Items": 603000.0,
        "Total Unusual Items Excluding Goodwill": 603000.0,
        "Net Income From Continuing Operation Net Minority Interest": -6777000.0,
        "Reconciled Depreciation": 34000.0,
        "EBITDA": -7400000.0,
        "EBIT": -7434000.0,
        "Net Interest Income": 39000.0,
        "Interest Income": 39000.0,
        "Normalized Income": -7380000.0,
        "Net Income From Continuing And Discontinued Operation": -6777000.0,
        "Total Expenses": 7434000.0,
        "Total Operating Income As Reported": -7434000.0,
        "Diluted Average Shares": 28583014.0,
        "Basic Average Shares": 28583014.0,
        "Diluted EPS": -0.24,
        "Basic EPS": -0.24,
        "Diluted NI Availto Com Stockholders": -6777000.0,
        "Net Income Common Stockholders": -6777000.0,
        "Net Income": -6777000.0,
        "Net Income Including Noncontrolling Interests": -6777000.0,
        "Net Income Continuous Operations": -6777000.0,
        "Pretax Income": -6777000.0,
        "Other Income Expense": 618000.0,
        "Other Non Operating Income Expenses": 15000.0,
        "Gain On Sale Of Security": 603000.0,
        "Net Non Operating Interest Income Expense": 39000.0,
        "Total Other Finance Cost": NaN,
        "Interest Income Non Operating": 39000.0,
        "Operating Income": -7434000.0,
        "Operating Expense": 7434000.0,
        "Depreciation Amortization Depletion Income Statement": 34000.0,
        "Depreciation And Amortization In Income Statement": 34000.0,
        "Research And Development": 4204000.0,
        "Selling General And Administration": 3196000.0,
        "General And Administrative Expense": 3196000.0,
        "Other Gand A": 3196000.0,
        "Total Revenue": 0.0,
        "Operating Revenue": 0.0
    },
    "2022-03-31": {
        "Diluted EPS": -0.24,
        "Total Revenue": NaN,
        "Gross Profit": NaN,
        "Operating Income": -7,
        "EBIT": -7,
        "Net Income": -7
    },
    "2021-12-31": {
        "Diluted EPS": -0.09,
        "Total Revenue": NaN,
        "Gross Profit": NaN,
        "Operating Income": -5,
        "EBIT": -5,
        "Net Income": -3
    },
    "2021-09-30": {
        "Diluted EPS": -0.15,
        "Total Revenue": NaN,
        "Gross Profit": NaN,
        "Operating Income": -6,
        "EBIT": -6,
        "Net Income": -4
    },
    "2021-06-30": {
        "Diluted EPS": -0.15,
        "Total Revenue": NaN,
        "Gross Profit": NaN,
        "Operating Income": -6,
        "EBIT": -5,
        "Net Income": -4
    },
    "2021-03-31": {
        "Diluted EPS": -0.2,
        "Total Revenue": NaN,
        "Gross Profit": NaN,
        "Operating Income": -6,
        "EBIT": -6,
        "Net Income": -4
    },
    "2020-12-31": {
        "Diluted EPS": -0.26,
        "Total Revenue": NaN,
        "Gross Profit": NaN,
        "Operating Income": -3,
        "EBIT": -3,
        "Net Income": -3
    },
    "2020-09-30": {
        "Diluted EPS": -0.33,
        "Total Revenue": NaN,
        "Gross Profit": NaN,
        "Operating Income": -6,
        "EBIT": -6,
        "Net Income": -3
    },
    "2020-06-30": {
        "Diluted EPS": -1.02,
        "Total Revenue": NaN,
        "Gross Profit": NaN,
        "Operating Income": -5,
        "EBIT": -5,
        "Net Income": -10
    },
    "2020-03-31": {
        "Diluted EPS": -0.15,
        "Total Revenue": NaN,
        "Gross Profit": NaN,
        "Operating Income": -5,
        "EBIT": -5,
        "Net Income": -1
    },
    "2019-12-31": {
        "Diluted EPS": -0.39,
        "Total Revenue": NaN,
        "Gross Profit": NaN,
        "Operating Income": -5,
        "EBIT": -5,
        "Net Income": -4
    },
    "2019-09-30": {
        "Diluted EPS": -0.54,
        "Total Revenue": NaN,
        "Gross Profit": NaN,
        "Operating Income": -5,
        "EBIT": -4,
        "Net Income": -4
    },
    "2019-06-30": {
        "Diluted EPS": -0.18,
        "Total Revenue": NaN,
        "Gross Profit": NaN,
        "Operating Income": -4,
        "EBIT": -4,
        "Net Income": -1
    },
    "2019-03-31": {
        "Diluted EPS": -0.84,
        "Total Revenue": NaN,
        "Gross Profit": NaN,
        "Operating Income": -5,
        "EBIT": -5,
        "Net Income": -4
    },
    "2018-12-31": {
        "Diluted EPS": -0.6,
        "Total Revenue": NaN,
        "Gross Profit": NaN,
        "Operating Income": -4,
        "EBIT": -4,
        "Net Income": -3
    },
    "2018-09-30": {
        "Diluted EPS": -0.48,
        "Total Revenue": NaN,
        "Gross Profit": NaN,
        "Operating Income": -3,
        "EBIT": -3,
        "Net Income": -2
    },
    "2018-06-30": {
        "Diluted EPS": -1.2,
        "Total Revenue": NaN,
        "Gross Profit": NaN,
        "Operating Income": -5,
        "EBIT": -5,
        "Net Income": -5
    },
    "2018-03-31": {
        "Diluted EPS": -0.48,
        "Total Revenue": NaN,
        "Gross Profit": NaN,
        "Operating Income": -3,
        "EBIT": -3,
        "Net Income": -2
    },
    "2017-12-31": {
        "Diluted EPS": -1.08,
        "Total Revenue": NaN,
        "Gross Profit": NaN,
        "Operating Income": -3,
        "EBIT": -3,
        "Net Income": -3
    },
    "2017-09-30": {
        "Diluted EPS": -0.84,
        "Total Revenue": NaN,
        "Gross Profit": NaN,
        "Operating Income": -2,
        "EBIT": -2,
        "Net Income": -3
    },
    "2017-06-30": {
        "Diluted EPS": -1.14,
        "Total Revenue": NaN,
        "Gross Profit": NaN,
        "Operating Income": -1,
        "EBIT": -1,
        "Net Income": -3
    },
    "2017-03-31": {
        "Diluted EPS": -0.12,
        "Total Revenue": NaN,
        "Gross Profit": NaN,
        "Operating Income": -2,
        "EBIT": -2,
        "Net Income": 0
    },
    "2016-12-31": {
        "Diluted EPS": -0.9,
        "Total Revenue": NaN,
        "Gross Profit": NaN,
        "Operating Income": -1,
        "EBIT": -1,
        "Net Income": -1
    },
    "2016-09-30": {
        "Diluted EPS": -0.72,
        "Total Revenue": NaN,
        "Gross Profit": NaN,
        "Operating Income": -1,
        "EBIT": -1,
        "Net Income": -1
    },
    "2016-06-30": {
        "Diluted EPS": -0.48,
        "Total Revenue": NaN,
        "Gross Profit": NaN,
        "Operating Income": -1,
        "EBIT": -1,
        "Net Income": -1
    },
    "2016-03-31": {
        "Diluted EPS": -0.3,
        "Total Revenue": NaN,
        "Gross Profit": NaN,
        "Operating Income": 0,
        "EBIT": 0,
        "Net Income": 0
    },
    "2015-12-31": {
        "Diluted EPS": 0.0,
        "Total Revenue": NaN,
        "Gross Profit": NaN,
        "Operating Income": NaN,
        "EBIT": NaN,
        "Net Income": NaN
    },
    "2023-06-30": {
        "Tax Effect Of Unusual Items": NaN,
        "Tax Rate For Calcs": NaN,
        "Normalized EBITDA": NaN,
        "Total Unusual Items": NaN,
        "Total Unusual Items Excluding Goodwill": NaN,
        "Net Income From Continuing Operation Net Minority Interest": NaN,
        "Reconciled Depreciation": NaN,
        "EBITDA": NaN,
        "EBIT": NaN,
        "Net Interest Income": NaN,
        "Interest Income": NaN,
        "Normalized Income": NaN,
        "Net Income From Continuing And Discontinued Operation": NaN,
        "Total Expenses": NaN,
        "Total Operating Income As Reported": NaN,
        "Diluted Average Shares": 1979258.0,
        "Basic Average Shares": 1979258.0,
        "Diluted EPS": -3.02,
        "Basic EPS": -3.02,
        "Diluted NI Availto Com Stockholders": NaN,
        "Net Income Common Stockholders": NaN,
        "Net Income": NaN,
        "Net Income Including Noncontrolling Interests": NaN,
        "Net Income Continuous Operations": NaN,
        "Pretax Income": NaN,
        "Other Income Expense": NaN,
        "Other Non Operating Income Expenses": NaN,
        "Gain On Sale Of Security": NaN,
        "Net Non Operating Interest Income Expense": NaN,
        "Interest Income Non Operating": NaN,
        "Operating Income": NaN,
        "Operating Expense": NaN,
        "Depreciation Amortization Depletion Income Statement": NaN,
        "Depreciation And Amortization In Income Statement": NaN,
        "Research And Development": NaN,
        "Selling General And Administration": NaN,
        "General And Administrative Expense": NaN,
        "Other Gand A": NaN,
        "Total Revenue": NaN,
        "Operating Revenue": NaN
    },
    "2023-09-30": {
        "Tax Effect Of Unusual Items": NaN,
        "Tax Rate For Calcs": NaN,
        "Normalized EBITDA": NaN,
        "Total Unusual Items": NaN,
        "Total Unusual Items Excluding Goodwill": NaN,
        "Net Income From Continuing Operation Net Minority Interest": NaN,
        "Reconciled Depreciation": NaN,
        "EBITDA": NaN,
        "EBIT": NaN,
        "Net Interest Income": NaN,
        "Interest Income": NaN,
        "Normalized Income": NaN,
        "Net Income From Continuing And Discontinued Operation": NaN,
        "Total Expenses": NaN,
        "Total Operating Income As Reported": NaN,
        "Diluted Average Shares": 1987282.0,
        "Basic Average Shares": 1987282.0,
        "Diluted EPS": -2.85,
        "Basic EPS": -2.85,
        "Diluted NI Availto Com Stockholders": NaN,
        "Net Income Common Stockholders": NaN,
        "Net Income": NaN,
        "Net Income Including Noncontrolling Interests": NaN,
        "Net Income Continuous Operations": NaN,
        "Pretax Income": NaN,
        "Other Income Expense": NaN,
        "Other Non Operating Income Expenses": NaN,
        "Gain On Sale Of Security": NaN,
        "Net Non Operating Interest Income Expense": NaN,
        "Interest Income Non Operating": NaN,
        "Operating Income": NaN,
        "Operating Expense": NaN,
        "Depreciation Amortization Depletion Income Statement": NaN,
        "Depreciation And Amortization In Income Statement": NaN,
        "Research And Development": NaN,
        "Selling General And Administration": NaN,
        "General And Administrative Expense": NaN,
        "Other Gand A": NaN,
        "Total Revenue": NaN,
        "Operating Revenue": NaN
    },
    "2023-12-31": {
        "Tax Effect Of Unusual Items": 0.0,
        "Tax Rate For Calcs": 0.0,
        "Normalized EBITDA": -7764000.0,
        "Total Unusual Items": -1120000.0,
        "Total Unusual Items Excluding Goodwill": -1120000.0,
        "Net Income From Continuing Operation Net Minority Interest": -10269000.0,
        "Reconciled Depreciation": 35000.0,
        "EBITDA": -8884000.0,
        "EBIT": -8919000.0,
        "Net Interest Income": 262000.0,
        "Interest Income": 262000.0,
        "Normalized Income": -9149000.0,
        "Net Income From Continuing And Discontinued Operation": -10269000.0,
        "Total Expenses": 8919000.0,
        "Total Operating Income As Reported": -8919000.0,
        "Diluted Average Shares": NaN,
        "Basic Average Shares": NaN,
        "Diluted EPS": NaN,
        "Basic EPS": NaN,
        "Diluted NI Availto Com Stockholders": -10269000.0,
        "Net Income Common Stockholders": -10269000.0,
        "Net Income": -10269000.0,
        "Net Income Including Noncontrolling Interests": -10269000.0,
        "Net Income Continuous Operations": -10269000.0,
        "Pretax Income": -10269000.0,
        "Other Income Expense": -1612000.0,
        "Other Non Operating Income Expenses": -492000.0,
        "Gain On Sale Of Security": -1120000.0,
        "Net Non Operating Interest Income Expense": 262000.0,
        "Interest Income Non Operating": 262000.0,
        "Operating Income": -8919000.0,
        "Operating Expense": 8919000.0,
        "Depreciation Amortization Depletion Income Statement": 35000.0,
        "Depreciation And Amortization In Income Statement": 35000.0,
        "Research And Development": 6632000.0,
        "Selling General And Administration": 2252000.0,
        "General And Administrative Expense": 2252000.0,
        "Other Gand A": 2252000.0,
        "Total Revenue": 0.0,
        "Operating Revenue": 0.0
    },
    "2024-03-31": {
        "Tax Effect Of Unusual Items": NaN,
        "Tax Rate For Calcs": NaN,
        "Normalized EBITDA": NaN,
        "Total Unusual Items": NaN,
        "Total Unusual Items Excluding Goodwill": NaN,
        "Net Income From Continuing Operation Net Minority Interest": NaN,
        "Reconciled Depreciation": NaN,
        "EBITDA": NaN,
        "EBIT": NaN,
        "Net Interest Income": NaN,
        "Interest Income": NaN,
        "Normalized Income": NaN,
        "Net Income From Continuing And Discontinued Operation": NaN,
        "Total Expenses": NaN,
        "Total Operating Income As Reported": NaN,
        "Diluted Average Shares": 2466174.0,
        "Basic Average Shares": 2466174.0,
        "Diluted EPS": -2.02,
        "Basic EPS": -2.02,
        "Diluted NI Availto Com Stockholders": NaN,
        "Net Income Common Stockholders": NaN,
        "Net Income": NaN,
        "Net Income Including Noncontrolling Interests": NaN,
        "Net Income Continuous Operations": NaN,
        "Pretax Income": NaN,
        "Other Income Expense": NaN,
        "Other Non Operating Income Expenses": NaN,
        "Gain On Sale Of Security": NaN,
        "Net Non Operating Interest Income Expense": NaN,
        "Interest Income Non Operating": NaN,
        "Operating Income": NaN,
        "Operating Expense": NaN,
        "Depreciation Amortization Depletion Income Statement": NaN,
        "Depreciation And Amortization In Income Statement": NaN,
        "Research And Development": NaN,
        "Selling General And Administration": NaN,
        "General And Administrative Expense": NaN,
        "Other Gand A": NaN,
        "Total Revenue": NaN,
        "Operating Revenue": NaN
    },
    "2024-06-30": {
        "Tax Effect Of Unusual Items": NaN,
        "Tax Rate For Calcs": NaN,
        "Normalized EBITDA": NaN,
        "Total Unusual Items": NaN,
        "Total Unusual Items Excluding Goodwill": NaN,
        "Net Income From Continuing Operation Net Minority Interest": NaN,
        "Reconciled Depreciation": NaN,
        "EBITDA": NaN,
        "EBIT": NaN,
        "Net Interest Income": NaN,
        "Interest Income": NaN,
        "Normalized Income": NaN,
        "Net Income From Continuing And Discontinued Operation": NaN,
        "Total Expenses": NaN,
        "Total Operating Income As Reported": NaN,
        "Diluted Average Shares": 2543244.0,
        "Basic Average Shares": 2543244.0,
        "Diluted EPS": -1.7,
        "Basic EPS": -1.7,
        "Diluted NI Availto Com Stockholders": NaN,
        "Net Income Common Stockholders": NaN,
        "Net Income": NaN,
        "Net Income Including Noncontrolling Interests": NaN,
        "Net Income Continuous Operations": NaN,
        "Pretax Income": NaN,
        "Other Income Expense": NaN,
        "Other Non Operating Income Expenses": NaN,
        "Gain On Sale Of Security": NaN,
        "Net Non Operating Interest Income Expense": NaN,
        "Interest Income Non Operating": NaN,
        "Operating Income": NaN,
        "Operating Expense": NaN,
        "Depreciation Amortization Depletion Income Statement": NaN,
        "Depreciation And Amortization In Income Statement": NaN,
        "Research And Development": NaN,
        "Selling General And Administration": NaN,
        "General And Administrative Expense": NaN,
        "Other Gand A": NaN,
        "Total Revenue": NaN,
        "Operating Revenue": NaN
    },
    "2024-09-30": {
        "Tax Effect Of Unusual Items": 0.0,
        "Tax Rate For Calcs": 0.0,
        "Normalized EBITDA": -7103000.0,
        "Total Unusual Items": -3568000.0,
        "Total Unusual Items Excluding Goodwill": -3568000.0,
        "Net Income From Continuing Operation Net Minority Interest": -7024000.0,
        "Reconciled Depreciation": 32000.0,
        "EBITDA": -7103000.0,
        "EBIT": -7135000.0,
        "Net Interest Income": 102000.0,
        "Interest Income": 102000.0,
        "Normalized Income": -7024000.0,
        "Net Income From Continuing And Discontinued Operation": -7024000.0,
        "Total Expenses": 7135000.0,
        "Total Operating Income As Reported": -7135000.0,
        "Diluted Average Shares": 3714278.0,
        "Basic Average Shares": 3714278.0,
        "Diluted EPS": -1.89,
        "Basic EPS": -1.89,
        "Diluted NI Availto Com Stockholders": -7024000.0,
        "Net Income Common Stockholders": -7024000.0,
        "Net Income": -7024000.0,
        "Net Income Including Noncontrolling Interests": -7024000.0,
        "Net Income Continuous Operations": -7024000.0,
        "Pretax Income": -7024000.0,
        "Other Income Expense": 9000.0,
        "Other Non Operating Income Expenses": 9000.0,
        "Gain On Sale Of Security": -3568000.0,
        "Net Non Operating Interest Income Expense": 102000.0,
        "Interest Income Non Operating": 102000.0,
        "Operating Income": -7135000.0,
        "Operating Expense": 7135000.0,
        "Depreciation Amortization Depletion Income Statement": 31000.0,
        "Depreciation And Amortization In Income Statement": 31000.0,
        "Research And Development": 4932000.0,
        "Selling General And Administration": 2172000.0,
        "General And Administrative Expense": 2172000.0,
        "Other Gand A": 2172000.0,
        "Total Revenue": 0.0,
        "Operating Revenue": 0.0
    },
    "2024-12-31": {
        "Tax Effect Of Unusual Items": 0.0,
        "Tax Rate For Calcs": 0.0,
        "Normalized EBITDA": -11314000.0,
        "Total Unusual Items": 4702000.0,
        "Total Unusual Items Excluding Goodwill": 4702000.0,
        "Net Income From Continuing Operation Net Minority Interest": -1882000.0,
        "Reconciled Depreciation": 31000.0,
        "EBITDA": -6612000.0,
        "EBIT": -6643000.0,
        "Net Interest Income": 47000.0,
        "Interest Income": 47000.0,
        "Normalized Income": -6584000.0,
        "Net Income From Continuing And Discontinued Operation": -1882000.0,
        "Total Expenses": 6643000.0,
        "Total Operating Income As Reported": -6643000.0,
        "Diluted Average Shares": NaN,
        "Basic Average Shares": NaN,
        "Diluted EPS": NaN,
        "Basic EPS": NaN,
        "Diluted NI Availto Com Stockholders": -1882000.0,
        "Net Income Common Stockholders": -1882000.0,
        "Net Income": -1882000.0,
        "Net Income Including Noncontrolling Interests": -1882000.0,
        "Net Income Continuous Operations": -1882000.0,
        "Pretax Income": -1882000.0,
        "Other Income Expense": 4714000.0,
        "Other Non Operating Income Expenses": 12000.0,
        "Gain On Sale Of Security": 4702000.0,
        "Net Non Operating Interest Income Expense": 47000.0,
        "Interest Income Non Operating": 47000.0,
        "Operating Income": -6643000.0,
        "Operating Expense": 6643000.0,
        "Depreciation Amortization Depletion Income Statement": 31000.0,
        "Depreciation And Amortization In Income Statement": 31000.0,
        "Research And Development": 4455000.0,
        "Selling General And Administration": 2157000.0,
        "General And Administrative Expense": 2157000.0,
        "Other Gand A": 2157000.0,
        "Total Revenue": 0.0,
        "Operating Revenue": 0.0
    },
    "2025-03-31": {
        "Tax Effect Of Unusual Items": 0.0,
        "Tax Rate For Calcs": 0.0,
        "Normalized EBITDA": -5380000.0,
        "Total Unusual Items": -532000.0,
        "Total Unusual Items Excluding Goodwill": -532000.0,
        "Net Income From Continuing Operation Net Minority Interest": -6436000.0,
        "Reconciled Depreciation": 31000.0,
        "EBITDA": -5912000.0,
        "EBIT": -5943000.0,
        "Net Interest Income": 30000.0,
        "Interest Income": 30000.0,
        "Normalized Income": -5904000.0,
        "Net Income From Continuing And Discontinued Operation": -6436000.0,
        "Total Expenses": 5943000.0,
        "Total Operating Income As Reported": -5943000.0,
        "Diluted Average Shares": 9343771.0,
        "Basic Average Shares": 9343771.0,
        "Diluted EPS": -0.69,
        "Basic EPS": -0.69,
        "Diluted NI Availto Com Stockholders": -6436000.0,
        "Net Income Common Stockholders": -6436000.0,
        "Net Income": -6436000.0,
        "Net Income Including Noncontrolling Interests": -6436000.0,
        "Net Income Continuous Operations": -6436000.0,
        "Pretax Income": -6436000.0,
        "Other Income Expense": -523000.0,
        "Other Non Operating Income Expenses": 9000.0,
        "Gain On Sale Of Security": -532000.0,
        "Net Non Operating Interest Income Expense": 30000.0,
        "Interest Income Non Operating": 30000.0,
        "Operating Income": -5943000.0,
        "Operating Expense": 5943000.0,
        "Depreciation Amortization Depletion Income Statement": 31000.0,
        "Depreciation And Amortization In Income Statement": 31000.0,
        "Research And Development": 3435000.0,
        "Selling General And Administration": 2477000.0,
        "General And Administrative Expense": 2477000.0,
        "Other Gand A": 2477000.0,
        "Total Revenue": 0.0,
        "Operating Revenue": 0.0
    },
    "2025-06-30": {
        "Tax Effect Of Unusual Items": 0.0,
        "Tax Rate For Calcs": 0.0,
        "Normalized EBITDA": -3741000.0,
        "Total Unusual Items": -1950000.0,
        "Total Unusual Items Excluding Goodwill": -1950000.0,
        "Net Income From Continuing Operation Net Minority Interest": -7640000.0,
        "Reconciled Depreciation": 28000.0,
        "EBITDA": -5691000.0,
        "EBIT": -5720000.0,
        "Net Interest Income": 26000.0,
        "Interest Income": 26000.0,
        "Normalized Income": -5690000.0,
        "Net Income From Continuing And Discontinued Operation": -7640000.0,
        "Total Expenses": 5720000.0,
        "Total Operating Income As Reported": -5720000.0,
        "Diluted Average Shares": 15526401.0,
        "Basic Average Shares": 15526401.0,
        "Diluted EPS": -0.49,
        "Basic EPS": -0.49,
        "Diluted NI Availto Com Stockholders": -7640000.0,
        "Net Income Common Stockholders": -7640000.0,
        "Net Income": -7640000.0,
        "Net Income Including Noncontrolling Interests": -7640000.0,
        "Net Income Continuous Operations": -7640000.0,
        "Pretax Income": -7640000.0,
        "Other Income Expense": -1946000.0,
        "Other Non Operating Income Expenses": 4000.0,
        "Gain On Sale Of Security": -1950000.0,
        "Net Non Operating Interest Income Expense": 26000.0,
        "Interest Income Non Operating": 26000.0,
        "Operating Income": -5720000.0,
        "Operating Expense": 5720000.0,
        "Depreciation Amortization Depletion Income Statement": 29000.0,
        "Depreciation And Amortization In Income Statement": 29000.0,
        "Research And Development": 3600000.0,
        "Selling General And Administration": 2091000.0,
        "General And Administrative Expense": 2091000.0,
        "Other Gand A": 2091000.0,
        "Total Revenue": 0.0,
        "Operating Revenue": 0.0
    },
    "2025-09-30": {
        "Tax Effect Of Unusual Items": 0.0,
        "Tax Rate For Calcs": 0.0,
        "Normalized EBITDA": 13664000.0,
        "Total Unusual Items": -19548000.0,
        "Total Unusual Items Excluding Goodwill": -19548000.0,
        "Net Income From Continuing Operation Net Minority Interest": -25399000.0,
        "Reconciled Depreciation": 22000.0,
        "EBITDA": -5884000.0,
        "EBIT": -5906000.0,
        "Net Interest Income": 39000.0,
        "Interest Income": 39000.0,
        "Normalized Income": -5851000.0,
        "Net Income From Continuing And Discontinued Operation": -25399000.0,
        "Total Expenses": 5906000.0,
        "Total Operating Income As Reported": -5906000.0,
        "Diluted Average Shares": 37304455.0,
        "Basic Average Shares": 37304455.0,
        "Diluted EPS": -0.68,
        "Basic EPS": -0.68,
        "Diluted NI Availto Com Stockholders": -25399000.0,
        "Net Income Common Stockholders": -25399000.0,
        "Net Income": -25399000.0,
        "Net Income Including Noncontrolling Interests": -25399000.0,
        "Net Income Continuous Operations": -25399000.0,
        "Pretax Income": -25399000.0,
        "Other Income Expense": -19532000.0,
        "Other Non Operating Income Expenses": 16000.0,
        "Gain On Sale Of Security": -19548000.0,
        "Net Non Operating Interest Income Expense": 39000.0,
        "Interest Income Non Operating": 39000.0,
        "Operating Income": -5906000.0,
        "Operating Expense": 5906000.0,
        "Depreciation Amortization Depletion Income Statement": 21000.0,
        "Depreciation And Amortization In Income Statement": 21000.0,
        "Research And Development": 3738000.0,
        "Selling General And Administration": 2147000.0,
        "General And Administrative Expense": 2147000.0,
        "Other Gand A": 2147000.0,
        "Total Revenue": 0.0,
        "Operating Revenue": 0.0
    }
}