{
    "2023-06-30": {
        "Tax Effect Of Unusual Items": 0.0,
        "Tax Rate For Calcs": 0.129412,
        "Normalized EBITDA": -7650000.0,
        "Net Income From Continuing Operation Net Minority Interest": -11974000.0,
        "Reconciled Depreciation": 1936000.0,
        "Reconciled Cost Of Revenue": 145794000.0,
        "EBITDA": -7650000.0,
        "EBIT": -9586000.0,
        "Normalized Income": -11974000.0,
        "Net Income From Continuing And Discontinued Operation": -11974000.0,
        "Total Expenses": 189457000.0,
        "Rent Expense Supplemental": 6872000.0,
        "Total Operating Income As Reported": -9586000.0,
        "Diluted Average Shares": 68504772.0,
        "Basic Average Shares": 68504772.0,
        "Diluted EPS": -0.17,
        "Basic EPS": -0.17,
        "Diluted NI Availto Com Stockholders": -11974000.0,
        "Net Income Common Stockholders": -11974000.0,
        "Net Income": -11974000.0,
        "Minority Interests": 1272000.0,
        "Net Income Including Noncontrolling Interests": -13246000.0,
        "Net Income Continuous Operations": -13246000.0,
        "Tax Provision": -1969000.0,
        "Pretax Income": -15215000.0,
        "Other Income Expense": -5629000.0,
        "Other Non Operating Income Expenses": -5629000.0,
        "Operating Income": -9586000.0,
        "Operating Expense": 43663000.0,
        "Other Operating Expenses": 16733000.0,
        "Depreciation Amortization Depletion Income Statement": 1936000.0,
        "Depreciation And Amortization In Income Statement": 1936000.0,
        "Selling General And Administration": 24994000.0,
        "General And Administrative Expense": 24994000.0,
        "Other Gand A": 18122000.0,
        "Rent And Landing Fees": 6872000.0,
        "Gross Profit": 34077000.0,
        "Cost Of Revenue": 145794000.0,
        "Total Revenue": 179871000.0,
        "Operating Revenue": 179871000.0
    },
    "2023-03-31": {
        "Tax Effect Of Unusual Items": 0.0,
        "Tax Rate For Calcs": 0.21,
        "Normalized EBITDA": 682000.0,
        "Net Income From Continuing Operation Net Minority Interest": 3666000.0,
        "Reconciled Depreciation": 2073000.0,
        "Reconciled Cost Of Revenue": 148239000.0,
        "EBITDA": 682000.0,
        "EBIT": -1391000.0,
        "Normalized Income": 3666000.0,
        "Net Income From Continuing And Discontinued Operation": 3666000.0,
        "Total Expenses": 189211000.0,
        "Rent Expense Supplemental": 5834000.0,
        "Total Operating Income As Reported": -1391000.0,
        "Diluted Average Shares": 71462547.0,
        "Basic Average Shares": 67008526.0,
        "Diluted EPS": 0.05,
        "Basic EPS": 0.05,
        "Diluted NI Availto Com Stockholders": 3666000.0,
        "Net Income Common Stockholders": 3666000.0,
        "Net Income": 3666000.0,
        "Minority Interests": 103000.0,
        "Net Income Including Noncontrolling Interests": 3563000.0,
        "Net Income Continuous Operations": 3563000.0,
        "Tax Provision": -3208000.0,
        "Pretax Income": 355000.0,
        "Other Income Expense": 1746000.0,
        "Other Non Operating Income Expenses": 1746000.0,
        "Operating Income": -1391000.0,
        "Operating Expense": 40972000.0,
        "Other Operating Expenses": 17285000.0,
        "Depreciation Amortization Depletion Income Statement": 2073000.0,
        "Depreciation And Amortization In Income Statement": 2073000.0,
        "Selling General And Administration": 21614000.0,
        "General And Administrative Expense": 21614000.0,
        "Other Gand A": 15780000.0,
        "Rent And Landing Fees": 5834000.0,
        "Gross Profit": 39581000.0,
        "Cost Of Revenue": 148239000.0,
        "Total Revenue": 187820000.0,
        "Operating Revenue": 187820000.0
    },
    "2022-12-31": {
        "Tax Effect Of Unusual Items": 0.0,
        "Tax Rate For Calcs": 0.298102,
        "Normalized EBITDA": 31602000.0,
        "Net Income From Continuing Operation Net Minority Interest": 20055000.0,
        "Reconciled Depreciation": 2177000.0,
        "Reconciled Cost Of Revenue": 141029000.0,
        "EBITDA": 31602000.0,
        "EBIT": 29425000.0,
        "Normalized Income": 20055000.0,
        "Net Income From Continuing And Discontinued Operation": 20055000.0,
        "Total Expenses": 177758000.0,
        "Rent Expense Supplemental": 6144000.0,
        "Total Operating Income As Reported": 29425000.0,
        "Diluted Average Shares": 70414247.0,
        "Basic Average Shares": 65874665.0,
        "Diluted EPS": 0.28,
        "Basic EPS": 0.3,
        "Diluted NI Availto Com Stockholders": 20055000.0,
        "Net Income Common Stockholders": 20055000.0,
        "Net Income": 20055000.0,
        "Minority Interests": -2617000.0,
        "Net Income Including Noncontrolling Interests": 22672000.0,
        "Net Income Continuous Operations": 22672000.0,
        "Tax Provision": 9629000.0,
        "Pretax Income": 32301000.0,
        "Other Income Expense": 2876000.0,
        "Other Non Operating Income Expenses": 2876000.0,
        "Operating Income": 29425000.0,
        "Operating Expense": 36729000.0,
        "Other Operating Expenses": 12918000.0,
        "Depreciation Amortization Depletion Income Statement": 2177000.0,
        "Depreciation And Amortization In Income Statement": 2177000.0,
        "Selling General And Administration": 21634000.0,
        "General And Administrative Expense": 21634000.0,
        "Other Gand A": 15490000.0,
        "Rent And Landing Fees": 6144000.0,
        "Gross Profit": 66154000.0,
        "Cost Of Revenue": 141029000.0,
        "Total Revenue": 207183000.0,
        "Operating Revenue": 207183000.0
    },
    "2022-09-30": {
        "Tax Effect Of Unusual Items": 0.0,
        "Tax Rate For Calcs": 0.241944,
        "Normalized EBITDA": 36967000.0,
        "Net Income From Continuing Operation Net Minority Interest": 25612000.0,
        "Reconciled Depreciation": 1918000.0,
        "Reconciled Cost Of Revenue": 160437000.0,
        "EBITDA": 36967000.0,
        "EBIT": 35049000.0,
        "Normalized Income": 25612000.0,
        "Net Income From Continuing And Discontinued Operation": 25612000.0,
        "Total Expenses": 198457000.0,
        "Rent Expense Supplemental": 6022000.0,
        "Total Operating Income As Reported": 35049000.0,
        "Diluted Average Shares": 69829338.0,
        "Basic Average Shares": 65873976.0,
        "Diluted EPS": 0.37,
        "Basic EPS": 0.39,
        "Diluted NI Availto Com Stockholders": 25612000.0,
        "Net Income Common Stockholders": 25612000.0,
        "Net Income": 25612000.0,
        "Minority Interests": -2947000.0,
        "Net Income Including Noncontrolling Interests": 28559000.0,
        "Net Income Continuous Operations": 28559000.0,
        "Tax Provision": 9115000.0,
        "Pretax Income": 37674000.0,
        "Other Income Expense": 2625000.0,
        "Other Non Operating Income Expenses": 2625000.0,
        "Operating Income": 35049000.0,
        "Operating Expense": 38020000.0,
        "Other Operating Expenses": 14061000.0,
        "Depreciation Amortization Depletion Income Statement": 1918000.0,
        "Depreciation And Amortization In Income Statement": 1918000.0,
        "Selling General And Administration": 22041000.0,
        "General And Administrative Expense": 22041000.0,
        "Other Gand A": 16019000.0,
        "Rent And Landing Fees": 6022000.0,
        "Gross Profit": 73069000.0,
        "Cost Of Revenue": 160437000.0,
        "Total Revenue": 233506000.0,
        "Operating Revenue": 233506000.0
    },
    "2022-06-30": {
        "Tax Effect Of Unusual Items": 0.0,
        "Tax Rate For Calcs": 0.258584,
        "Normalized EBITDA": 64040000.0,
        "Net Income From Continuing Operation Net Minority Interest": 38963000.0,
        "Reconciled Depreciation": 1841000.0,
        "Reconciled Cost Of Revenue": 140092000.0,
        "EBITDA": 64040000.0,
        "EBIT": 62199000.0,
        "Normalized Income": 38963000.0,
        "Net Income From Continuing And Discontinued Operation": 38963000.0,
        "Total Expenses": 180321000.0,
        "Rent Expense Supplemental": 6267000.0,
        "Total Operating Income As Reported": 62199000.0,
        "Diluted Average Shares": 69811979.0,
        "Basic Average Shares": 66290442.0,
        "Diluted EPS": 0.56,
        "Basic EPS": 0.59,
        "Diluted NI Availto Com Stockholders": 38963000.0,
        "Net Income Common Stockholders": 38963000.0,
        "Net Income": 38963000.0,
        "Minority Interests": -4894000.0,
        "Net Income Including Noncontrolling Interests": 43857000.0,
        "Net Income Continuous Operations": 43857000.0,
        "Tax Provision": 15296000.0,
        "Pretax Income": 59153000.0,
        "Other Income Expense": -3046000.0,
        "Other Non Operating Income Expenses": -3046000.0,
        "Operating Income": 62199000.0,
        "Operating Expense": 40229000.0,
        "Other Operating Expenses": 16443000.0,
        "Depreciation Amortization Depletion Income Statement": 1841000.0,
        "Depreciation And Amortization In Income Statement": 1841000.0,
        "Selling General And Administration": 21945000.0,
        "General And Administrative Expense": 21945000.0,
        "Other Gand A": 15678000.0,
        "Rent And Landing Fees": 6267000.0,
        "Gross Profit": 102428000.0,
        "Cost Of Revenue": 140092000.0,
        "Total Revenue": 242520000.0,
        "Operating Revenue": 242520000.0
    },
    "2023-09-30": {
        "Tax Effect Of Unusual Items": NaN,
        "Tax Rate For Calcs": NaN,
        "Normalized EBITDA": NaN,
        "Net Income From Continuing Operation Net Minority Interest": NaN,
        "Reconciled Depreciation": NaN,
        "Reconciled Cost Of Revenue": NaN,
        "EBITDA": NaN,
        "EBIT": NaN,
        "Normalized Income": NaN,
        "Net Income From Continuing And Discontinued Operation": NaN,
        "Total Expenses": NaN,
        "Rent Expense Supplemental": NaN,
        "Total Operating Income As Reported": NaN,
        "Diluted Average Shares": 68752061.0,
        "Basic Average Shares": 68752061.0,
        "Diluted EPS": -0.16,
        "Basic EPS": -0.16,
        "Diluted NI Availto Com Stockholders": NaN,
        "Net Income Common Stockholders": NaN,
        "Net Income": NaN,
        "Minority Interests": NaN,
        "Net Income Including Noncontrolling Interests": NaN,
        "Net Income Continuous Operations": NaN,
        "Tax Provision": NaN,
        "Pretax Income": NaN,
        "Other Income Expense": NaN,
        "Other Non Operating Income Expenses": NaN,
        "Operating Income": NaN,
        "Operating Expense": NaN,
        "Other Operating Expenses": NaN,
        "Depreciation Amortization Depletion Income Statement": NaN,
        "Depreciation And Amortization In Income Statement": NaN,
        "Selling General And Administration": NaN,
        "General And Administrative Expense": NaN,
        "Other Gand A": NaN,
        "Rent And Landing Fees": NaN,
        "Gross Profit": NaN,
        "Cost Of Revenue": NaN,
        "Total Revenue": NaN,
        "Operating Revenue": NaN
    },
    "2023-12-31": {
        "Tax Effect Of Unusual Items": 0.0,
        "Tax Rate For Calcs": 0.21,
        "Normalized EBITDA": -7055000.0,
        "Net Income From Continuing Operation Net Minority Interest": -5660000.0,
        "Reconciled Depreciation": 2294000.0,
        "Reconciled Cost Of Revenue": 178485000.0,
        "EBITDA": -7055000.0,
        "EBIT": -9349000.0,
        "Normalized Income": -5660000.0,
        "Net Income From Continuing And Discontinued Operation": -5660000.0,
        "Total Expenses": 224227000.0,
        "Rent Expense Supplemental": 8721000.0,
        "Total Operating Income As Reported": -9349000.0,
        "Diluted Average Shares": 68880740.0,
        "Basic Average Shares": 68880740.0,
        "Diluted EPS": -0.08,
        "Basic EPS": -0.08,
        "Diluted NI Availto Com Stockholders": -5660000.0,
        "Net Income Common Stockholders": -5660000.0,
        "Net Income": -5660000.0,
        "Minority Interests": 804000.0,
        "Net Income Including Noncontrolling Interests": -6464000.0,
        "Net Income Continuous Operations": -6464000.0,
        "Tax Provision": 2260000.0,
        "Pretax Income": -4204000.0,
        "Other Income Expense": 5145000.0,
        "Other Non Operating Income Expenses": 5145000.0,
        "Operating Income": -9349000.0,
        "Operating Expense": 45742000.0,
        "Other Operating Expenses": 15089000.0,
        "Depreciation Amortization Depletion Income Statement": 2294000.0,
        "Depreciation And Amortization In Income Statement": 2294000.0,
        "Selling General And Administration": 28359000.0,
        "General And Administrative Expense": 28359000.0,
        "Other Gand A": 19638000.0,
        "Rent And Landing Fees": 8721000.0,
        "Gross Profit": 36393000.0,
        "Cost Of Revenue": 178485000.0,
        "Total Revenue": 214878000.0,
        "Operating Revenue": 214878000.0
    },
    "2024-03-31": {
        "Tax Effect Of Unusual Items": 0.0,
        "Tax Rate For Calcs": 0.21,
        "Normalized EBITDA": 8177000.0,
        "Net Income From Continuing Operation Net Minority Interest": 16566000.0,
        "Reconciled Depreciation": 2375000.0,
        "Reconciled Cost Of Revenue": 164475000.0,
        "EBITDA": 8177000.0,
        "EBIT": 5802000.0,
        "Normalized Income": 16566000.0,
        "Net Income From Continuing And Discontinued Operation": 16566000.0,
        "Total Expenses": 211683000.0,
        "Rent Expense Supplemental": 7089000.0,
        "Total Operating Income As Reported": 5802000.0,
        "Diluted Average Shares": 75102099.0,
        "Basic Average Shares": 70228589.0,
        "Diluted EPS": 0.22,
        "Basic EPS": 0.24,
        "Diluted NI Availto Com Stockholders": 16566000.0,
        "Net Income Common Stockholders": 16566000.0,
        "Net Income": 16566000.0,
        "Minority Interests": -919000.0,
        "Net Income Including Noncontrolling Interests": 17485000.0,
        "Net Income Continuous Operations": 17485000.0,
        "Tax Provision": -7454000.0,
        "Pretax Income": 10031000.0,
        "Other Income Expense": 4229000.0,
        "Other Non Operating Income Expenses": 4229000.0,
        "Operating Income": 5802000.0,
        "Operating Expense": 47208000.0,
        "Other Operating Expenses": 19335000.0,
        "Depreciation Amortization Depletion Income Statement": 2375000.0,
        "Depreciation And Amortization In Income Statement": 2375000.0,
        "Selling General And Administration": 25498000.0,
        "General And Administrative Expense": 25498000.0,
        "Other Gand A": 18409000.0,
        "Rent And Landing Fees": 7089000.0,
        "Gross Profit": 53010000.0,
        "Cost Of Revenue": 164475000.0,
        "Total Revenue": 217485000.0,
        "Operating Revenue": 217485000.0
    },
    "2024-06-30": {
        "Tax Effect Of Unusual Items": 0.0,
        "Tax Rate For Calcs": 0.314796,
        "Normalized EBITDA": 22502000.0,
        "Net Income From Continuing Operation Net Minority Interest": 13161000.0,
        "Reconciled Depreciation": 2434000.0,
        "Reconciled Cost Of Revenue": 197873000.0,
        "EBITDA": 22502000.0,
        "EBIT": 20068000.0,
        "Normalized Income": 13161000.0,
        "Net Income From Continuing And Discontinued Operation": 13161000.0,
        "Total Expenses": 244518000.0,
        "Rent Expense Supplemental": 7073000.0,
        "Total Operating Income As Reported": 20068000.0,
        "Diluted Average Shares": 75788525.0,
        "Basic Average Shares": 72148948.0,
        "Diluted EPS": 0.17,
        "Basic EPS": 0.18,
        "Diluted NI Availto Com Stockholders": 13161000.0,
        "Net Income Common Stockholders": 13161000.0,
        "Net Income": 13161000.0,
        "Minority Interests": -1760000.0,
        "Net Income Including Noncontrolling Interests": 14921000.0,
        "Net Income Continuous Operations": 14921000.0,
        "Tax Provision": 6855000.0,
        "Pretax Income": 21776000.0,
        "Other Income Expense": 1708000.0,
        "Other Non Operating Income Expenses": 1708000.0,
        "Operating Income": 20068000.0,
        "Operating Expense": 46645000.0,
        "Other Operating Expenses": 19187000.0,
        "Depreciation Amortization Depletion Income Statement": 2434000.0,
        "Depreciation And Amortization In Income Statement": 2434000.0,
        "Selling General And Administration": 25024000.0,
        "General And Administrative Expense": 25024000.0,
        "Other Gand A": 17951000.0,
        "Rent And Landing Fees": 7073000.0,
        "Gross Profit": 66713000.0,
        "Cost Of Revenue": 197873000.0,
        "Total Revenue": 264586000.0,
        "Operating Revenue": 264586000.0
    },
    "2024-09-30": {
        "Tax Effect Of Unusual Items": 0.0,
        "Tax Rate For Calcs": 0.278293,
        "Normalized EBITDA": 18366000.0,
        "Net Income From Continuing Operation Net Minority Interest": 16894000.0,
        "Reconciled Depreciation": 2802000.0,
        "Reconciled Cost Of Revenue": 210658000.0,
        "EBITDA": 18366000.0,
        "EBIT": 15564000.0,
        "Normalized Income": 16894000.0,
        "Net Income From Continuing And Discontinued Operation": 16894000.0,
        "Total Expenses": 258191000.0,
        "Rent Expense Supplemental": 7409000.0,
        "Total Operating Income As Reported": 15564000.0,
        "Diluted Average Shares": NaN,
        "Basic Average Shares": NaN,
        "Diluted EPS": NaN,
        "Basic EPS": NaN,
        "Diluted NI Availto Com Stockholders": 16894000.0,
        "Net Income Common Stockholders": 16894000.0,
        "Net Income": 16894000.0,
        "Minority Interests": -2346000.0,
        "Net Income Including Noncontrolling Interests": 19240000.0,
        "Net Income Continuous Operations": 19240000.0,
        "Tax Provision": 7419000.0,
        "Pretax Income": 26659000.0,
        "Other Income Expense": 11095000.0,
        "Other Non Operating Income Expenses": 11095000.0,
        "Operating Income": 15564000.0,
        "Operating Expense": 47533000.0,
        "Other Operating Expenses": 16003000.0,
        "Depreciation Amortization Depletion Income Statement": 2802000.0,
        "Depreciation And Amortization In Income Statement": 2802000.0,
        "Selling General And Administration": 28728000.0,
        "General And Administrative Expense": 28728000.0,
        "Other Gand A": 21319000.0,
        "Rent And Landing Fees": 7409000.0,
        "Gross Profit": 63097000.0,
        "Cost Of Revenue": 210658000.0,
        "Total Revenue": 273755000.0,
        "Operating Revenue": 273755000.0
    },
    "2024-12-31": {
        "Tax Effect Of Unusual Items": 0.0,
        "Tax Rate For Calcs": 0.274097,
        "Normalized EBITDA": 134344000.0,
        "Net Income From Continuing Operation Net Minority Interest": 89399000.0,
        "Reconciled Depreciation": 2833000.0,
        "Reconciled Cost Of Revenue": 257145000.0,
        "EBITDA": 134344000.0,
        "EBIT": 131511000.0,
        "Normalized Income": 89399000.0,
        "Net Income From Continuing And Discontinued Operation": 89399000.0,
        "Total Expenses": 307208000.0,
        "Rent Expense Supplemental": 8337000.0,
        "Total Operating Income As Reported": 131511000.0,
        "Diluted Average Shares": 77734437.0,
        "Basic Average Shares": 72467399.0,
        "Diluted EPS": 1.15,
        "Basic EPS": 1.23,
        "Diluted NI Availto Com Stockholders": 89399000.0,
        "Net Income Common Stockholders": 89399000.0,
        "Net Income": 89399000.0,
        "Minority Interests": -10446000.0,
        "Net Income Including Noncontrolling Interests": 99845000.0,
        "Net Income Continuous Operations": 99845000.0,
        "Tax Provision": 37701000.0,
        "Pretax Income": 137546000.0,
        "Other Income Expense": 6035000.0,
        "Other Non Operating Income Expenses": 6035000.0,
        "Operating Income": 131511000.0,
        "Operating Expense": 50063000.0,
        "Other Operating Expenses": 18943000.0,
        "Depreciation Amortization Depletion Income Statement": 2833000.0,
        "Depreciation And Amortization In Income Statement": 2833000.0,
        "Selling General And Administration": 28287000.0,
        "General And Administrative Expense": 28287000.0,
        "Other Gand A": 19950000.0,
        "Rent And Landing Fees": 8337000.0,
        "Gross Profit": 181574000.0,
        "Cost Of Revenue": 257145000.0,
        "Total Revenue": 438719000.0,
        "Operating Revenue": 438719000.0
    },
    "2025-03-31": {
        "Tax Effect Of Unusual Items": 0.0,
        "Tax Rate For Calcs": 0.21,
        "Normalized EBITDA": 39691000.0,
        "Net Income From Continuing Operation Net Minority Interest": 50268000.0,
        "Reconciled Depreciation": 2779000.0,
        "Reconciled Cost Of Revenue": 211549000.0,
        "EBITDA": 39691000.0,
        "EBIT": 36912000.0,
        "Normalized Income": 50268000.0,
        "Net Income From Continuing And Discontinued Operation": 50268000.0,
        "Total Expenses": 269681000.0,
        "Rent Expense Supplemental": 8117000.0,
        "Total Operating Income As Reported": 36912000.0,
        "Diluted Average Shares": 78556091.0,
        "Basic Average Shares": 73870456.0,
        "Diluted EPS": 0.64,
        "Basic EPS": 0.68,
        "Diluted NI Availto Com Stockholders": 50268000.0,
        "Net Income Common Stockholders": 50268000.0,
        "Net Income": 50268000.0,
        "Minority Interests": -3507000.0,
        "Net Income Including Noncontrolling Interests": 53775000.0,
        "Net Income Continuous Operations": 53775000.0,
        "Tax Provision": -10722000.0,
        "Pretax Income": 43053000.0,
        "Other Income Expense": 6141000.0,
        "Other Non Operating Income Expenses": 6141000.0,
        "Operating Income": 36912000.0,
        "Operating Expense": 58132000.0,
        "Other Operating Expenses": 27001000.0,
        "Depreciation Amortization Depletion Income Statement": 2779000.0,
        "Depreciation And Amortization In Income Statement": 2779000.0,
        "Selling General And Administration": 28352000.0,
        "General And Administrative Expense": 28352000.0,
        "Other Gand A": 20235000.0,
        "Rent And Landing Fees": 8117000.0,
        "Gross Profit": 95044000.0,
        "Cost Of Revenue": 211549000.0,
        "Total Revenue": 306593000.0,
        "Operating Revenue": 306593000.0
    },
    "2025-06-30": {
        "Tax Effect Of Unusual Items": 0.0,
        "Tax Rate For Calcs": 0.271036,
        "Normalized EBITDA": 63389000.0,
        "Net Income From Continuing Operation Net Minority Interest": 41538000.0,
        "Reconciled Depreciation": 2760000.0,
        "Reconciled Cost Of Revenue": 252110000.0,
        "EBITDA": 63389000.0,
        "EBIT": 60629000.0,
        "Normalized Income": 41538000.0,
        "Net Income From Continuing And Discontinued Operation": 41538000.0,
        "Total Expenses": 304747000.0,
        "Rent Expense Supplemental": 8726000.0,
        "Total Operating Income As Reported": 60629000.0,
        "Diluted Average Shares": 78644806.0,
        "Basic Average Shares": 75615922.0,
        "Diluted EPS": 0.53,
        "Basic EPS": 0.55,
        "Diluted NI Availto Com Stockholders": 41538000.0,
        "Net Income Common Stockholders": 41538000.0,
        "Net Income": 41538000.0,
        "Minority Interests": -5217000.0,
        "Net Income Including Noncontrolling Interests": 46755000.0,
        "Net Income Continuous Operations": 46755000.0,
        "Tax Provision": 17384000.0,
        "Pretax Income": 64139000.0,
        "Other Income Expense": 3510000.0,
        "Other Non Operating Income Expenses": 3510000.0,
        "Operating Income": 60629000.0,
        "Operating Expense": 52637000.0,
        "Other Operating Expenses": 19857000.0,
        "Depreciation Amortization Depletion Income Statement": 2760000.0,
        "Depreciation And Amortization In Income Statement": 2760000.0,
        "Selling General And Administration": 30020000.0,
        "General And Administrative Expense": 30020000.0,
        "Other Gand A": 21294000.0,
        "Rent And Landing Fees": 8726000.0,
        "Gross Profit": 113266000.0,
        "Cost Of Revenue": 252110000.0,
        "Total Revenue": 365376000.0,
        "Operating Revenue": 365376000.0
    },
    "2025-09-30": {
        "Tax Effect Of Unusual Items": 0.0,
        "Tax Rate For Calcs": 0.270212,
        "Normalized EBITDA": 51290000.0,
        "Net Income From Continuing Operation Net Minority Interest": 53366000.0,
        "Reconciled Depreciation": 2976000.0,
        "Reconciled Cost Of Revenue": 255410000.0,
        "EBITDA": 51290000.0,
        "EBIT": 48314000.0,
        "Normalized Income": 53366000.0,
        "Net Income From Continuing And Discontinued Operation": 53366000.0,
        "Total Expenses": 308578000.0,
        "Rent Expense Supplemental": 8072000.0,
        "Total Operating Income As Reported": 48314000.0,
        "Diluted Average Shares": 79668717.0,
        "Basic Average Shares": 75438951.0,
        "Diluted EPS": 0.67,
        "Basic EPS": 0.71,
        "Diluted NI Availto Com Stockholders": 53366000.0,
        "Net Income Common Stockholders": 53366000.0,
        "Net Income": 53366000.0,
        "Minority Interests": -6705000.0,
        "Net Income Including Noncontrolling Interests": 60071000.0,
        "Net Income Continuous Operations": 60071000.0,
        "Tax Provision": 22242000.0,
        "Pretax Income": 82313000.0,
        "Other Income Expense": 33999000.0,
        "Other Non Operating Income Expenses": 33999000.0,
        "Operating Income": 48314000.0,
        "Operating Expense": 53168000.0,
        "Other Operating Expenses": 21755000.0,
        "Depreciation Amortization Depletion Income Statement": 2976000.0,
        "Depreciation And Amortization In Income Statement": 2976000.0,
        "Selling General And Administration": 28437000.0,
        "General And Administrative Expense": 28437000.0,
        "Other Gand A": 20365000.0,
        "Rent And Landing Fees": 8072000.0,
        "Gross Profit": 101482000.0,
        "Cost Of Revenue": 255410000.0,
        "Total Revenue": 356892000.0,
        "Operating Revenue": 356892000.0
    },
    "2025-12-31": {
        "Tax Effect Of Unusual Items": NaN,
        "Tax Rate For Calcs": NaN,
        "Normalized EBITDA": NaN,
        "Net Income From Continuing Operation Net Minority Interest": NaN,
        "Reconciled Depreciation": NaN,
        "Reconciled Cost Of Revenue": NaN,
        "EBITDA": NaN,
        "EBIT": NaN,
        "Normalized Income": NaN,
        "Net Income From Continuing And Discontinued Operation": NaN,
        "Total Expenses": NaN,
        "Rent Expense Supplemental": NaN,
        "Total Operating Income As Reported": NaN,
        "Diluted Average Shares": 79615876.0,
        "Basic Average Shares": 75095647.0,
        "Diluted EPS": 1.1,
        "Basic EPS": 1.17,
        "Diluted NI Availto Com Stockholders": NaN,
        "Net Income Common Stockholders": NaN,
        "Net Income": NaN,
        "Minority Interests": NaN,
        "Net Income Including Noncontrolling Interests": NaN,
        "Net Income Continuous Operations": NaN,
        "Tax Provision": NaN,
        "Pretax Income": NaN,
        "Other Income Expense": NaN,
        "Other Non Operating Income Expenses": NaN,
        "Operating Income": NaN,
        "Operating Expense": NaN,
        "Other Operating Expenses": NaN,
        "Depreciation Amortization Depletion Income Statement": NaN,
        "Depreciation And Amortization In Income Statement": NaN,
        "Selling General And Administration": NaN,
        "General And Administrative Expense": NaN,
        "Other Gand A": NaN,
        "Rent And Landing Fees": NaN,
        "Gross Profit": NaN,
        "Cost Of Revenue": NaN,
        "Total Revenue": NaN,
        "Operating Revenue": NaN
    }
}