{
    "2023-06-30": {
        "Tax Effect Of Unusual Items": 1440000.0,
        "Tax Rate For Calcs": 0.18,
        "Normalized EBITDA": 3631000000.0,
        "Total Unusual Items": 8000000.0,
        "Total Unusual Items Excluding Goodwill": 8000000.0,
        "Net Income From Continuing Operation Net Minority Interest": 2310000000.0,
        "Reconciled Depreciation": 492000000.0,
        "Reconciled Cost Of Revenue": 2369000000.0,
        "EBITDA": 3639000000.0,
        "EBIT": 3147000000.0,
        "Net Interest Income": -293000000.0,
        "Interest Expense": 330000000.0,
        "Interest Income": 37000000.0,
        "Normalized Income": 2303440000.0,
        "Net Income From Continuing And Discontinued Operation": 2310000000.0,
        "Total Expenses": 3428000000.0,
        "Rent Expense Supplemental": 618000000.0,
        "Total Operating Income As Reported": 3104000000.0,
        "Diluted Average Shares": 734300000.0,
        "Basic Average Shares": 729600000.0,
        "Diluted EPS": 3.15,
        "Basic EPS": 3.17,
        "Diluted NI Availto Com Stockholders": 2310000000.0,
        "Net Income Common Stockholders": 2310000000.0,
        "Net Income": 2310000000.0,
        "Net Income Including Noncontrolling Interests": 2311000000.0,
        "Net Income Continuous Operations": 2311000000.0,
        "Tax Provision": 506000000.0,
        "Pretax Income": 2817000000.0,
        "Other Income Expense": 40000000.0,
        "Other Non Operating Income Expenses": -1000000.0,
        "Special Income Charges": 2000000.0,
        "Gain On Sale Of Ppe": -5000000.0,
        "Gain On Sale Of Business": 25000000.0,
        "Write Off": 18000000.0,
        "Earnings From Equity Interest": 33000000.0,
        "Gain On Sale Of Security": 6000000.0,
        "Net Non Operating Interest Income Expense": -293000000.0,
        "Interest Expense Non Operating": 330000000.0,
        "Interest Income Non Operating": 37000000.0,
        "Operating Income": 3069000000.0,
        "Operating Expense": 662000000.0,
        "Depreciation Amortization Depletion Income Statement": 95000000.0,
        "Depreciation And Amortization In Income Statement": 95000000.0,
        "Selling General And Administration": 567000000.0,
        "General And Administrative Expense": NaN,
        "Other Gand A": NaN,
        "Gross Profit": 3731000000.0,
        "Cost Of Revenue": 2766000000.0,
        "Total Revenue": 6497000000.0,
        "Operating Revenue": 6420000000.0
    },
    "2023-03-31": {
        "Tax Effect Of Unusual Items": NaN,
        "Tax Rate For Calcs": NaN,
        "Normalized EBITDA": NaN,
        "Total Unusual Items": NaN,
        "Total Unusual Items Excluding Goodwill": NaN,
        "Net Income From Continuing Operation Net Minority Interest": NaN,
        "Reconciled Depreciation": NaN,
        "Reconciled Cost Of Revenue": NaN,
        "EBITDA": NaN,
        "EBIT": NaN,
        "Net Interest Income": NaN,
        "Interest Expense": NaN,
        "Interest Income": NaN,
        "Normalized Income": NaN,
        "Net Income From Continuing And Discontinued Operation": NaN,
        "Total Expenses": NaN,
        "Rent Expense Supplemental": NaN,
        "Total Operating Income As Reported": NaN,
        "Diluted Average Shares": NaN,
        "Basic Average Shares": NaN,
        "Diluted EPS": NaN,
        "Basic EPS": NaN,
        "Diluted NI Availto Com Stockholders": NaN,
        "Net Income Common Stockholders": NaN,
        "Net Income": NaN,
        "Net Income Including Noncontrolling Interests": NaN,
        "Net Income Continuous Operations": NaN,
        "Tax Provision": NaN,
        "Pretax Income": NaN,
        "Other Income Expense": NaN,
        "Other Non Operating Income Expenses": NaN,
        "Special Income Charges": NaN,
        "Gain On Sale Of Ppe": NaN,
        "Gain On Sale Of Business": NaN,
        "Write Off": NaN,
        "Earnings From Equity Interest": NaN,
        "Gain On Sale Of Security": NaN,
        "Net Non Operating Interest Income Expense": NaN,
        "Interest Expense Non Operating": NaN,
        "Interest Income Non Operating": NaN,
        "Operating Income": NaN,
        "Operating Expense": NaN,
        "Depreciation Amortization Depletion Income Statement": NaN,
        "Depreciation And Amortization In Income Statement": NaN,
        "Selling General And Administration": NaN,
        "General And Administrative Expense": 553300000.0,
        "Other Gand A": 553300000.0,
        "Gross Profit": NaN,
        "Cost Of Revenue": NaN,
        "Total Revenue": NaN,
        "Operating Revenue": NaN
    },
    "2022-12-31": {
        "Tax Effect Of Unusual Items": 1135811.706358,
        "Tax Rate For Calcs": 0.186199,
        "Normalized EBITDA": 3118800000.0,
        "Total Unusual Items": 6100000.0,
        "Total Unusual Items Excluding Goodwill": 6100000.0,
        "Net Income From Continuing Operation Net Minority Interest": 1903400000.0,
        "Reconciled Depreciation": 463100000.0,
        "Reconciled Cost Of Revenue": 2145900000.0,
        "EBITDA": 3124900000.0,
        "EBIT": 2661800000.0,
        "Net Interest Income": -296900000.0,
        "Interest Expense": 322900000.0,
        "Interest Income": 26000000.0,
        "Normalized Income": 1898435811.706358,
        "Net Income From Continuing And Discontinued Operation": 1903400000.0,
        "Total Expenses": 3329300000.0,
        "Rent Expense Supplemental": 2614300000.0,
        "Total Operating Income As Reported": 2582700000.0,
        "Diluted Average Shares": 736000000.0,
        "Basic Average Shares": 731300000.0,
        "Diluted EPS": 2.59,
        "Basic EPS": 2.602762,
        "Diluted NI Availto Com Stockholders": 1903400000.0,
        "Net Income Common Stockholders": 1903400000.0,
        "Net Income": 1903400000.0,
        "Net Income Including Noncontrolling Interests": 1903400000.0,
        "Net Income Continuous Operations": 1903400000.0,
        "Tax Provision": 435500000.0,
        "Pretax Income": 2338900000.0,
        "Other Income Expense": 38200000.0,
        "Other Non Operating Income Expenses": 7400000.0,
        "Special Income Charges": -39200000.0,
        "Gain On Sale Of Ppe": -66000000.0,
        "Gain On Sale Of Business": 26800000.0,
        "Write Off": 0.0,
        "Earnings From Equity Interest": 24700000.0,
        "Gain On Sale Of Security": 45300000.0,
        "Net Non Operating Interest Income Expense": -296900000.0,
        "Interest Expense Non Operating": 322900000.0,
        "Interest Income Non Operating": 26000000.0,
        "Operating Income": 2597200000.0,
        "Operating Expense": 811700000.0,
        "Depreciation Amortization Depletion Income Statement": 91400000.0,
        "Depreciation And Amortization In Income Statement": 91400000.0,
        "Selling General And Administration": 720300000.0,
        "General And Administrative Expense": NaN,
        "Other Gand A": NaN,
        "Gross Profit": 3408900000.0,
        "Cost Of Revenue": 2517600000.0,
        "Total Revenue": 5926500000.0,
        "Operating Revenue": 5853400000.0
    },
    "2022-09-30": {
        "Tax Effect Of Unusual Items": 0.0,
        "Tax Rate For Calcs": 0.218674,
        "Normalized EBITDA": 2935700000.0,
        "Total Unusual Items": 600000.0,
        "Total Unusual Items Excluding Goodwill": 600000.0,
        "Net Income From Continuing Operation Net Minority Interest": 1981600000.0,
        "Reconciled Depreciation": 93300000.0,
        "Reconciled Cost Of Revenue": 2426000000.0,
        "EBITDA": 2935700000.0,
        "EBIT": 2842400000.0,
        "Net Interest Income": -306200000.0,
        "Interest Expense": 306200000.0,
        "Interest Income": 10800000.0,
        "Normalized Income": 1981600000.0,
        "Net Income From Continuing And Discontinued Operation": 1981600000.0,
        "Total Expenses": 3108200000.0,
        "Rent Expense Supplemental": 589000000.0,
        "Total Operating Income As Reported": 2763900000.0,
        "Diluted Average Shares": 739500000.0,
        "Basic Average Shares": 734900000.0,
        "Diluted EPS": 2.68,
        "Basic EPS": 2.7,
        "Diluted NI Availto Com Stockholders": 1981600000.0,
        "Net Income Common Stockholders": 1981600000.0,
        "Net Income": 1981600000.0,
        "Net Income Including Noncontrolling Interests": 1981600000.0,
        "Net Income Continuous Operations": 1981600000.0,
        "Tax Provision": 554600000.0,
        "Pretax Income": 2536200000.0,
        "Other Income Expense": 78500000.0,
        "Other Non Operating Income Expenses": 78500000.0,
        "Special Income Charges": -49800000.0,
        "Gain On Sale Of Ppe": -68100000.0,
        "Gain On Sale Of Business": 18300000.0,
        "Write Off": 0.0,
        "Earnings From Equity Interest": 37300000.0,
        "Gain On Sale Of Security": 50400000.0,
        "Net Non Operating Interest Income Expense": -306200000.0,
        "Interest Expense Non Operating": 306200000.0,
        "Interest Income Non Operating": 10800000.0,
        "Operating Income": 2763900000.0,
        "Operating Expense": 682200000.0,
        "Other Operating Expenses": 12500000.0,
        "Depreciation Amortization Depletion Income Statement": 93300000.0,
        "Depreciation And Amortization In Income Statement": 93300000.0,
        "Selling General And Administration": 576400000.0,
        "General And Administrative Expense": NaN,
        "Other Gand A": NaN,
        "Gross Profit": 3446100000.0,
        "Cost Of Revenue": 2426000000.0,
        "Total Revenue": 5872100000.0,
        "Operating Revenue": 5796000000.0
    },
    "2022-06-30": {
        "Tax Effect Of Unusual Items": 0.0,
        "Tax Rate For Calcs": 0.157,
        "Normalized EBITDA": 1792700000.0,
        "Total Unusual Items": -879000000.0,
        "Total Unusual Items Excluding Goodwill": -879000000.0,
        "Net Income From Continuing Operation Net Minority Interest": 1188000000.0,
        "Reconciled Depreciation": 93000000.0,
        "Reconciled Cost Of Revenue": 2416300000.0,
        "EBITDA": 1792700000.0,
        "EBIT": 1699700000.0,
        "Net Interest Income": -290600000.0,
        "Interest Expense": 290600000.0,
        "Interest Income": 4600000.0,
        "Normalized Income": 1188000000.0,
        "Net Income From Continuing And Discontinued Operation": 1188000000.0,
        "Total Expenses": 4006600000.0,
        "Rent Expense Supplemental": 588600000.0,
        "Total Operating Income As Reported": 1711800000.0,
        "Diluted Average Shares": 742000000.0,
        "Basic Average Shares": 737500000.0,
        "Diluted EPS": 1.6,
        "Basic EPS": 1.61,
        "Diluted NI Availto Com Stockholders": 1188000000.0,
        "Net Income Common Stockholders": 1188000000.0,
        "Net Income": 1188000000.0,
        "Net Income Including Noncontrolling Interests": 1188000000.0,
        "Net Income Continuous Operations": 1188000000.0,
        "Tax Provision": 221100000.0,
        "Pretax Income": 1409100000.0,
        "Other Income Expense": -12100000.0,
        "Other Non Operating Income Expenses": -12100000.0,
        "Special Income Charges": -906000000.0,
        "Gain On Sale Of Ppe": -32200000.0,
        "Gain On Sale Of Business": 8900000.0,
        "Write Off": 882700000.0,
        "Earnings From Equity Interest": 19900000.0,
        "Gain On Sale Of Security": 27000000.0,
        "Net Non Operating Interest Income Expense": -290600000.0,
        "Interest Expense Non Operating": 290600000.0,
        "Interest Income Non Operating": 4600000.0,
        "Operating Income": 1711800000.0,
        "Operating Expense": 1590300000.0,
        "Other Operating Expenses": 886100000.0,
        "Depreciation Amortization Depletion Income Statement": 93000000.0,
        "Depreciation And Amortization In Income Statement": 93000000.0,
        "Selling General And Administration": 611200000.0,
        "General And Administrative Expense": NaN,
        "Other Gand A": NaN,
        "Gross Profit": 3302100000.0,
        "Cost Of Revenue": 2416300000.0,
        "Total Revenue": 5718400000.0,
        "Operating Revenue": 5639600000.0
    },
    "2022-03-31": {
        "Diluted EPS": 1.48,
        "Total Revenue": NaN,
        "Gross Profit": NaN,
        "Operating Income": NaN,
        "EBIT": NaN,
        "Net Income": NaN
    },
    "2021-12-31": {
        "Diluted EPS": 2.18,
        "Total Revenue": NaN,
        "Gross Profit": NaN,
        "Operating Income": NaN,
        "EBIT": NaN,
        "Net Income": NaN
    },
    "2021-09-30": {
        "Diluted EPS": 2.86,
        "Total Revenue": NaN,
        "Gross Profit": NaN,
        "Operating Income": NaN,
        "EBIT": NaN,
        "Net Income": NaN
    },
    "2021-06-30": {
        "Diluted EPS": 2.95,
        "Total Revenue": NaN,
        "Gross Profit": NaN,
        "Operating Income": NaN,
        "EBIT": NaN,
        "Net Income": NaN
    },
    "2021-03-31": {
        "Diluted EPS": 2.05,
        "Total Revenue": NaN,
        "Gross Profit": NaN,
        "Operating Income": NaN,
        "EBIT": NaN,
        "Net Income": NaN
    },
    "2020-12-31": {
        "Diluted EPS": 1.84,
        "Total Revenue": NaN,
        "Gross Profit": NaN,
        "Operating Income": NaN,
        "EBIT": NaN,
        "Net Income": NaN
    },
    "2020-09-30": {
        "Diluted EPS": 2.35,
        "Total Revenue": NaN,
        "Gross Profit": NaN,
        "Operating Income": NaN,
        "EBIT": NaN,
        "Net Income": NaN
    },
    "2020-06-30": {
        "Diluted EPS": 0.65,
        "Total Revenue": NaN,
        "Gross Profit": NaN,
        "Operating Income": 961,
        "EBIT": NaN,
        "Net Income": 484
    },
    "2020-03-31": {
        "Diluted EPS": 1.47,
        "Total Revenue": NaN,
        "Gross Profit": NaN,
        "Operating Income": NaN,
        "EBIT": NaN,
        "Net Income": NaN
    },
    "2019-12-31": {
        "Diluted EPS": 2.08,
        "Total Revenue": NaN,
        "Gross Profit": NaN,
        "Operating Income": NaN,
        "EBIT": NaN,
        "Net Income": NaN
    },
    "2019-09-30": {
        "Diluted EPS": 2.11,
        "Total Revenue": NaN,
        "Gross Profit": NaN,
        "Operating Income": NaN,
        "EBIT": NaN,
        "Net Income": NaN
    },
    "2019-06-30": {
        "Diluted EPS": 1.97,
        "Total Revenue": NaN,
        "Gross Profit": NaN,
        "Operating Income": NaN,
        "EBIT": NaN,
        "Net Income": NaN
    },
    "2019-03-31": {
        "Diluted EPS": 1.72,
        "Total Revenue": NaN,
        "Gross Profit": NaN,
        "Operating Income": NaN,
        "EBIT": NaN,
        "Net Income": NaN
    },
    "2018-12-31": {
        "Diluted EPS": 1.82,
        "Total Revenue": NaN,
        "Gross Profit": NaN,
        "Operating Income": NaN,
        "EBIT": NaN,
        "Net Income": NaN
    },
    "2018-09-30": {
        "Diluted EPS": 2.1,
        "Total Revenue": NaN,
        "Gross Profit": NaN,
        "Operating Income": NaN,
        "EBIT": NaN,
        "Net Income": NaN
    },
    "2018-06-30": {
        "Diluted EPS": 1.9,
        "Total Revenue": NaN,
        "Gross Profit": NaN,
        "Operating Income": NaN,
        "EBIT": NaN,
        "Net Income": NaN
    },
    "2018-03-31": {
        "Diluted EPS": 1.72,
        "Total Revenue": NaN,
        "Gross Profit": NaN,
        "Operating Income": NaN,
        "EBIT": NaN,
        "Net Income": NaN
    },
    "2017-12-31": {
        "Diluted EPS": 0.88,
        "Total Revenue": NaN,
        "Gross Profit": NaN,
        "Operating Income": NaN,
        "EBIT": NaN,
        "Net Income": 699
    },
    "2017-09-30": {
        "Diluted EPS": 2.32,
        "Total Revenue": NaN,
        "Gross Profit": NaN,
        "Operating Income": NaN,
        "EBIT": NaN,
        "Net Income": NaN
    },
    "2017-06-30": {
        "Diluted EPS": 1.7,
        "Total Revenue": NaN,
        "Gross Profit": NaN,
        "Operating Income": NaN,
        "EBIT": NaN,
        "Net Income": NaN
    },
    "2017-03-31": {
        "Diluted EPS": 1.47,
        "Total Revenue": NaN,
        "Gross Profit": NaN,
        "Operating Income": NaN,
        "EBIT": NaN,
        "Net Income": NaN
    },
    "2016-12-31": {
        "Diluted EPS": 1.44,
        "Total Revenue": NaN,
        "Gross Profit": NaN,
        "Operating Income": NaN,
        "EBIT": NaN,
        "Net Income": NaN
    },
    "2016-09-30": {
        "Diluted EPS": 1.5,
        "Total Revenue": NaN,
        "Gross Profit": NaN,
        "Operating Income": NaN,
        "EBIT": NaN,
        "Net Income": NaN
    },
    "2016-06-30": {
        "Diluted EPS": 1.25,
        "Total Revenue": NaN,
        "Gross Profit": NaN,
        "Operating Income": NaN,
        "EBIT": NaN,
        "Net Income": NaN
    },
    "2016-03-31": {
        "Diluted EPS": 1.25,
        "Total Revenue": NaN,
        "Gross Profit": NaN,
        "Operating Income": NaN,
        "EBIT": NaN,
        "Net Income": NaN
    },
    "2015-12-31": {
        "Diluted EPS": 1.3,
        "Total Revenue": NaN,
        "Gross Profit": NaN,
        "Operating Income": NaN,
        "EBIT": NaN,
        "Net Income": NaN
    },
    "2015-09-30": {
        "Diluted EPS": 1.4,
        "Total Revenue": NaN,
        "Gross Profit": NaN,
        "Operating Income": NaN,
        "EBIT": NaN,
        "Net Income": NaN
    },
    "2015-06-30": {
        "Diluted EPS": 1.26,
        "Total Revenue": NaN,
        "Gross Profit": NaN,
        "Operating Income": NaN,
        "EBIT": NaN,
        "Net Income": NaN
    },
    "2015-03-31": {
        "Diluted EPS": 0.84,
        "Total Revenue": NaN,
        "Gross Profit": NaN,
        "Operating Income": NaN,
        "EBIT": NaN,
        "Net Income": 812
    },
    "2014-12-31": {
        "Diluted EPS": 1.12,
        "Total Revenue": NaN,
        "Gross Profit": NaN,
        "Operating Income": NaN,
        "EBIT": NaN,
        "Net Income": NaN
    },
    "2014-09-30": {
        "Diluted EPS": 1.09,
        "Total Revenue": NaN,
        "Gross Profit": NaN,
        "Operating Income": NaN,
        "EBIT": NaN,
        "Net Income": NaN
    },
    "2014-06-30": {
        "Diluted EPS": 1.4,
        "Total Revenue": NaN,
        "Gross Profit": NaN,
        "Operating Income": NaN,
        "EBIT": NaN,
        "Net Income": NaN
    },
    "2014-03-31": {
        "Diluted EPS": 1.21,
        "Total Revenue": NaN,
        "Gross Profit": NaN,
        "Operating Income": NaN,
        "EBIT": NaN,
        "Net Income": NaN
    },
    "2013-12-31": {
        "Diluted EPS": 1.39,
        "Total Revenue": NaN,
        "Gross Profit": NaN,
        "Operating Income": NaN,
        "EBIT": NaN,
        "Net Income": NaN
    },
    "2013-09-30": {
        "Diluted EPS": 1.52,
        "Total Revenue": NaN,
        "Gross Profit": NaN,
        "Operating Income": NaN,
        "EBIT": NaN,
        "Net Income": NaN
    },
    "2013-06-30": {
        "Diluted EPS": 1.38,
        "Total Revenue": NaN,
        "Gross Profit": NaN,
        "Operating Income": NaN,
        "EBIT": NaN,
        "Net Income": NaN
    },
    "2013-03-31": {
        "Diluted EPS": 1.26,
        "Total Revenue": NaN,
        "Gross Profit": NaN,
        "Operating Income": NaN,
        "EBIT": NaN,
        "Net Income": NaN
    },
    "2012-12-31": {
        "Diluted EPS": 1.38,
        "Total Revenue": NaN,
        "Gross Profit": NaN,
        "Operating Income": NaN,
        "EBIT": NaN,
        "Net Income": NaN
    },
    "2012-09-30": {
        "Diluted EPS": 1.43,
        "Total Revenue": NaN,
        "Gross Profit": NaN,
        "Operating Income": NaN,
        "EBIT": NaN,
        "Net Income": NaN
    },
    "2012-06-30": {
        "Diluted EPS": 1.32,
        "Total Revenue": NaN,
        "Gross Profit": NaN,
        "Operating Income": NaN,
        "EBIT": NaN,
        "Net Income": NaN
    },
    "2012-03-31": {
        "Diluted EPS": 1.23,
        "Total Revenue": NaN,
        "Gross Profit": NaN,
        "Operating Income": NaN,
        "EBIT": NaN,
        "Net Income": NaN
    },
    "2011-12-31": {
        "Diluted EPS": 1.32,
        "Total Revenue": NaN,
        "Gross Profit": NaN,
        "Operating Income": NaN,
        "EBIT": NaN,
        "Net Income": NaN
    },
    "2011-09-30": {
        "Diluted EPS": 1.45,
        "Total Revenue": NaN,
        "Gross Profit": NaN,
        "Operating Income": NaN,
        "EBIT": NaN,
        "Net Income": NaN
    },
    "2011-06-30": {
        "Diluted EPS": 1.35,
        "Total Revenue": NaN,
        "Gross Profit": NaN,
        "Operating Income": NaN,
        "EBIT": NaN,
        "Net Income": NaN
    },
    "2011-03-31": {
        "Diluted EPS": 1.15,
        "Total Revenue": NaN,
        "Gross Profit": NaN,
        "Operating Income": NaN,
        "EBIT": NaN,
        "Net Income": NaN
    },
    "2010-12-31": {
        "Diluted EPS": 1.16,
        "Total Revenue": NaN,
        "Gross Profit": NaN,
        "Operating Income": NaN,
        "EBIT": NaN,
        "Net Income": NaN
    },
    "2010-09-30": {
        "Diluted EPS": 1.29,
        "Total Revenue": NaN,
        "Gross Profit": NaN,
        "Operating Income": NaN,
        "EBIT": NaN,
        "Net Income": NaN
    },
    "2010-06-30": {
        "Diluted EPS": 1.13,
        "Total Revenue": NaN,
        "Gross Profit": NaN,
        "Operating Income": NaN,
        "EBIT": NaN,
        "Net Income": NaN
    },
    "2010-03-31": {
        "Diluted EPS": 1.0,
        "Total Revenue": NaN,
        "Gross Profit": NaN,
        "Operating Income": NaN,
        "EBIT": NaN,
        "Net Income": NaN
    },
    "2009-12-31": {
        "Diluted EPS": 1.11,
        "Total Revenue": NaN,
        "Gross Profit": NaN,
        "Operating Income": NaN,
        "EBIT": NaN,
        "Net Income": NaN
    },
    "2009-09-30": {
        "Diluted EPS": 1.15,
        "Total Revenue": NaN,
        "Gross Profit": NaN,
        "Operating Income": NaN,
        "EBIT": NaN,
        "Net Income": NaN
    },
    "2009-06-30": {
        "Diluted EPS": 0.98,
        "Total Revenue": NaN,
        "Gross Profit": NaN,
        "Operating Income": NaN,
        "EBIT": NaN,
        "Net Income": NaN
    },
    "2009-03-31": {
        "Diluted EPS": 0.87,
        "Total Revenue": NaN,
        "Gross Profit": NaN,
        "Operating Income": NaN,
        "EBIT": NaN,
        "Net Income": 980
    },
    "2023-09-30": {
        "Tax Effect Of Unusual Items": NaN,
        "Tax Rate For Calcs": NaN,
        "Normalized EBITDA": NaN,
        "Total Unusual Items": NaN,
        "Total Unusual Items Excluding Goodwill": NaN,
        "Net Income From Continuing Operation Net Minority Interest": NaN,
        "Reconciled Depreciation": NaN,
        "Reconciled Cost Of Revenue": NaN,
        "EBITDA": NaN,
        "EBIT": NaN,
        "Net Interest Income": NaN,
        "Interest Expense": NaN,
        "Interest Income": NaN,
        "Normalized Income": NaN,
        "Net Income From Continuing And Discontinued Operation": NaN,
        "Total Expenses": NaN,
        "Rent Expense Supplemental": NaN,
        "Total Operating Income As Reported": NaN,
        "Diluted Average Shares": NaN,
        "Basic Average Shares": NaN,
        "Diluted EPS": NaN,
        "Basic EPS": NaN,
        "Diluted NI Availto Com Stockholders": NaN,
        "Net Income Common Stockholders": NaN,
        "Net Income": NaN,
        "Net Income Including Noncontrolling Interests": NaN,
        "Net Income Continuous Operations": NaN,
        "Tax Provision": NaN,
        "Pretax Income": NaN,
        "Other Income Expense": NaN,
        "Other Non Operating Income Expenses": NaN,
        "Special Income Charges": NaN,
        "Gain On Sale Of Ppe": NaN,
        "Gain On Sale Of Business": NaN,
        "Write Off": 26000000.0,
        "Earnings From Equity Interest": NaN,
        "Gain On Sale Of Security": NaN,
        "Net Non Operating Interest Income Expense": NaN,
        "Interest Expense Non Operating": NaN,
        "Interest Income Non Operating": NaN,
        "Operating Income": NaN,
        "Operating Expense": NaN,
        "Depreciation Amortization Depletion Income Statement": NaN,
        "Depreciation And Amortization In Income Statement": NaN,
        "Selling General And Administration": NaN,
        "Gross Profit": NaN,
        "Cost Of Revenue": NaN,
        "Total Revenue": NaN,
        "Operating Revenue": NaN
    },
    "2023-12-31": {
        "Tax Effect Of Unusual Items": NaN,
        "Tax Rate For Calcs": NaN,
        "Normalized EBITDA": NaN,
        "Total Unusual Items": NaN,
        "Total Unusual Items Excluding Goodwill": NaN,
        "Net Income From Continuing Operation Net Minority Interest": NaN,
        "Reconciled Depreciation": NaN,
        "Reconciled Cost Of Revenue": NaN,
        "EBITDA": NaN,
        "EBIT": NaN,
        "Net Interest Income": NaN,
        "Interest Expense": NaN,
        "Interest Income": NaN,
        "Normalized Income": NaN,
        "Net Income From Continuing And Discontinued Operation": NaN,
        "Total Expenses": NaN,
        "Rent Expense Supplemental": NaN,
        "Total Operating Income As Reported": NaN,
        "Diluted Average Shares": NaN,
        "Basic Average Shares": NaN,
        "Diluted EPS": NaN,
        "Basic EPS": NaN,
        "Diluted NI Availto Com Stockholders": NaN,
        "Net Income Common Stockholders": NaN,
        "Net Income": NaN,
        "Net Income Including Noncontrolling Interests": NaN,
        "Net Income Continuous Operations": NaN,
        "Tax Provision": NaN,
        "Pretax Income": NaN,
        "Other Income Expense": NaN,
        "Other Non Operating Income Expenses": NaN,
        "Special Income Charges": NaN,
        "Gain On Sale Of Ppe": NaN,
        "Gain On Sale Of Business": NaN,
        "Write Off": 138000000.0,
        "Earnings From Equity Interest": NaN,
        "Gain On Sale Of Security": NaN,
        "Net Non Operating Interest Income Expense": NaN,
        "Interest Expense Non Operating": NaN,
        "Interest Income Non Operating": NaN,
        "Operating Income": NaN,
        "Operating Expense": NaN,
        "Depreciation Amortization Depletion Income Statement": NaN,
        "Depreciation And Amortization In Income Statement": NaN,
        "Selling General And Administration": NaN,
        "Gross Profit": NaN,
        "Cost Of Revenue": NaN,
        "Total Revenue": NaN,
        "Operating Revenue": NaN
    },
    "2024-03-31": {
        "Tax Effect Of Unusual Items": -6561643.835616,
        "Tax Rate For Calcs": 0.198838,
        "Normalized EBITDA": 3324000000.0,
        "Total Unusual Items": -33000000.0,
        "Total Unusual Items Excluding Goodwill": -33000000.0,
        "Net Income From Continuing Operation Net Minority Interest": 1929000000.0,
        "Reconciled Depreciation": 510000000.0,
        "Reconciled Cost Of Revenue": 2319000000.0,
        "EBITDA": 3291000000.0,
        "EBIT": 2781000000.0,
        "Net Interest Income": -325000000.0,
        "Interest Expense": 372000000.0,
        "Interest Income": 47000000.0,
        "Normalized Income": 1955438356.164384,
        "Net Income From Continuing And Discontinued Operation": 1929000000.0,
        "Total Expenses": 3451000000.0,
        "Rent Expense Supplemental": 627000000.0,
        "Total Operating Income As Reported": 2736000000.0,
        "Diluted Average Shares": 725900000.0,
        "Basic Average Shares": 721800000.0,
        "Diluted EPS": 2.66,
        "Basic EPS": 2.67,
        "Diluted NI Availto Com Stockholders": 1929000000.0,
        "Net Income Common Stockholders": 1929000000.0,
        "Net Income": 1929000000.0,
        "Net Income Including Noncontrolling Interests": 1930000000.0,
        "Net Income Continuous Operations": 1930000000.0,
        "Tax Provision": 479000000.0,
        "Pretax Income": 2409000000.0,
        "Other Income Expense": 15000000.0,
        "Other Non Operating Income Expenses": 3000000.0,
        "Special Income Charges": -28000000.0,
        "Gain On Sale Of Ppe": -2000000.0,
        "Gain On Sale Of Business": 9000000.0,
        "Write Off": 35000000.0,
        "Earnings From Equity Interest": 45000000.0,
        "Gain On Sale Of Security": -5000000.0,
        "Net Non Operating Interest Income Expense": -325000000.0,
        "Interest Expense Non Operating": 372000000.0,
        "Interest Income Non Operating": 47000000.0,
        "Operating Income": 2718000000.0,
        "Operating Expense": 721000000.0,
        "Depreciation Amortization Depletion Income Statement": 99000000.0,
        "Depreciation And Amortization In Income Statement": 99000000.0,
        "Selling General And Administration": 622000000.0,
        "Gross Profit": 3439000000.0,
        "Cost Of Revenue": 2730000000.0,
        "Total Revenue": 6169000000.0,
        "Operating Revenue": 6078000000.0
    },
    "2024-06-30": {
        "Tax Effect Of Unusual Items": -32395000.0,
        "Tax Rate For Calcs": 0.209,
        "Normalized EBITDA": 3585000000.0,
        "Total Unusual Items": -155000000.0,
        "Total Unusual Items Excluding Goodwill": -155000000.0,
        "Net Income From Continuing Operation Net Minority Interest": 2022000000.0,
        "Reconciled Depreciation": 502000000.0,
        "Reconciled Cost Of Revenue": 2371000000.0,
        "EBITDA": 3430000000.0,
        "EBIT": 2928000000.0,
        "Net Interest Income": -353000000.0,
        "Interest Expense": 373000000.0,
        "Interest Income": 20000000.0,
        "Normalized Income": 2144605000.0,
        "Net Income From Continuing And Discontinued Operation": 2022000000.0,
        "Total Expenses": 3463000000.0,
        "Rent Expense Supplemental": 629000000.0,
        "Total Operating Income As Reported": 2920000000.0,
        "Diluted Average Shares": 722000000.0,
        "Basic Average Shares": 718800000.0,
        "Diluted EPS": 2.8,
        "Basic EPS": 2.81,
        "Diluted NI Availto Com Stockholders": 2022000000.0,
        "Net Income Common Stockholders": 2022000000.0,
        "Net Income": 2022000000.0,
        "Net Income Including Noncontrolling Interests": 2022000000.0,
        "Net Income Continuous Operations": 2022000000.0,
        "Tax Provision": 533000000.0,
        "Pretax Income": 2555000000.0,
        "Other Income Expense": -120000000.0,
        "Other Non Operating Income Expenses": -10000000.0,
        "Special Income Charges": -153000000.0,
        "Gain On Sale Of Ppe": -3000000.0,
        "Gain On Sale Of Business": 4000000.0,
        "Write Off": 154000000.0,
        "Earnings From Equity Interest": 45000000.0,
        "Gain On Sale Of Security": -2000000.0,
        "Net Non Operating Interest Income Expense": -353000000.0,
        "Interest Expense Non Operating": 373000000.0,
        "Interest Income Non Operating": 20000000.0,
        "Operating Income": 3027000000.0,
        "Operating Expense": 691000000.0,
        "Depreciation Amortization Depletion Income Statement": 101000000.0,
        "Depreciation And Amortization In Income Statement": 101000000.0,
        "Selling General And Administration": 590000000.0,
        "Gross Profit": 3718000000.0,
        "Cost Of Revenue": 2772000000.0,
        "Total Revenue": 6490000000.0,
        "Operating Revenue": 6401000000.0
    },
    "2024-09-30": {
        "Tax Effect Of Unusual Items": -20907000.0,
        "Tax Rate For Calcs": 0.207,
        "Normalized EBITDA": 3857000000.0,
        "Total Unusual Items": -101000000.0,
        "Total Unusual Items Excluding Goodwill": -101000000.0,
        "Net Income From Continuing Operation Net Minority Interest": 2255000000.0,
        "Reconciled Depreciation": 532000000.0,
        "Reconciled Cost Of Revenue": 2577000000.0,
        "EBITDA": 3756000000.0,
        "EBIT": 3224000000.0,
        "Net Interest Income": -363000000.0,
        "Interest Expense": 381000000.0,
        "Interest Income": 18000000.0,
        "Normalized Income": 2335093000.0,
        "Net Income From Continuing And Discontinued Operation": 2255000000.0,
        "Total Expenses": 3645000000.0,
        "Rent Expense Supplemental": 646000000.0,
        "Total Operating Income As Reported": 3188000000.0,
        "Diluted Average Shares": 720000000.0,
        "Basic Average Shares": 716700000.0,
        "Diluted EPS": 3.13,
        "Basic EPS": 3.15,
        "Diluted NI Availto Com Stockholders": 2255000000.0,
        "Net Income Common Stockholders": 2255000000.0,
        "Net Income": 2255000000.0,
        "Net Income Including Noncontrolling Interests": 2255000000.0,
        "Net Income Continuous Operations": 2255000000.0,
        "Tax Provision": 588000000.0,
        "Pretax Income": 2843000000.0,
        "Other Income Expense": -22000000.0,
        "Other Non Operating Income Expenses": 27000000.0,
        "Special Income Charges": -91000000.0,
        "Gain On Sale Of Ppe": -2000000.0,
        "Gain On Sale Of Business": 9000000.0,
        "Write Off": 98000000.0,
        "Earnings From Equity Interest": 52000000.0,
        "Gain On Sale Of Security": -10000000.0,
        "Net Non Operating Interest Income Expense": -363000000.0,
        "Interest Expense Non Operating": 381000000.0,
        "Interest Income Non Operating": 18000000.0,
        "Operating Income": 3229000000.0,
        "Operating Expense": 647000000.0,
        "Depreciation Amortization Depletion Income Statement": 111000000.0,
        "Depreciation And Amortization In Income Statement": 111000000.0,
        "Selling General And Administration": 536000000.0,
        "Gross Profit": 3876000000.0,
        "Cost Of Revenue": 2998000000.0,
        "Total Revenue": 6874000000.0,
        "Operating Revenue": 6750000000.0
    },
    "2024-12-31": {
        "Tax Effect Of Unusual Items": -3079196.217494,
        "Tax Rate For Calcs": 0.20528,
        "Normalized EBITDA": 3486000000.0,
        "Total Unusual Items": -15000000.0,
        "Total Unusual Items Excluding Goodwill": -15000000.0,
        "Net Income From Continuing Operation Net Minority Interest": 2016000000.0,
        "Reconciled Depreciation": 553000000.0,
        "Reconciled Cost Of Revenue": 2292000000.0,
        "EBITDA": 3471000000.0,
        "EBIT": 2918000000.0,
        "Net Interest Income": -362000000.0,
        "Interest Expense": 380000000.0,
        "Interest Income": 18000000.0,
        "Normalized Income": 2027920803.782506,
        "Net Income From Continuing And Discontinued Operation": 2016000000.0,
        "Total Expenses": 3509000000.0,
        "Rent Expense Supplemental": 3015000000.0,
        "Total Operating Income As Reported": 2868000000.0,
        "Diluted Average Shares": 719700000.0,
        "Basic Average Shares": 715200000.0,
        "Diluted EPS": 2.8,
        "Basic EPS": 2.82019,
        "Diluted NI Availto Com Stockholders": 2016000000.0,
        "Net Income Common Stockholders": 2016000000.0,
        "Net Income": 2016000000.0,
        "Net Income Including Noncontrolling Interests": 2017000000.0,
        "Net Income Continuous Operations": 2017000000.0,
        "Tax Provision": 521000000.0,
        "Pretax Income": 2538000000.0,
        "Other Income Expense": 20000000.0,
        "Other Non Operating Income Expenses": 21000000.0,
        "Special Income Charges": -25000000.0,
        "Gain On Sale Of Ppe": -163000000.0,
        "Gain On Sale Of Business": 72000000.0,
        "Write Off": NaN,
        "Earnings From Equity Interest": 14000000.0,
        "Gain On Sale Of Security": 10000000.0,
        "Net Non Operating Interest Income Expense": -362000000.0,
        "Interest Expense Non Operating": 380000000.0,
        "Interest Income Non Operating": 18000000.0,
        "Operating Income": 2879000000.0,
        "Operating Expense": 800000000.0,
        "Depreciation Amortization Depletion Income Statement": 136000000.0,
        "Depreciation And Amortization In Income Statement": 136000000.0,
        "Selling General And Administration": 664000000.0,
        "Gross Profit": 3679000000.0,
        "Cost Of Revenue": 2709000000.0,
        "Total Revenue": 6388000000.0,
        "Operating Revenue": 6269000000.0
    },
    "2025-03-31": {
        "Tax Effect Of Unusual Items": -10098000.0,
        "Tax Rate For Calcs": 0.198,
        "Normalized EBITDA": 3277000000.0,
        "Total Unusual Items": -51000000.0,
        "Total Unusual Items Excluding Goodwill": -51000000.0,
        "Net Income From Continuing Operation Net Minority Interest": 1868000000.0,
        "Reconciled Depreciation": 520000000.0,
        "Reconciled Cost Of Revenue": 2206000000.0,
        "EBITDA": 3226000000.0,
        "EBIT": 2706000000.0,
        "Net Interest Income": -359000000.0,
        "Interest Expense": 376000000.0,
        "Interest Income": 17000000.0,
        "Normalized Income": 1908902000.0,
        "Net Income From Continuing And Discontinued Operation": 1868000000.0,
        "Total Expenses": 3301000000.0,
        "Rent Expense Supplemental": 620000000.0,
        "Total Operating Income As Reported": 2648000000.0,
        "Diluted Average Shares": 718200000.0,
        "Basic Average Shares": 714900000.0,
        "Diluted EPS": 2.6,
        "Basic EPS": 2.61,
        "Diluted NI Availto Com Stockholders": 1868000000.0,
        "Net Income Common Stockholders": 1868000000.0,
        "Net Income": 1868000000.0,
        "Net Income Including Noncontrolling Interests": 1869000000.0,
        "Net Income Continuous Operations": 1869000000.0,
        "Tax Provision": 461000000.0,
        "Pretax Income": 2330000000.0,
        "Other Income Expense": 34000000.0,
        "Other Non Operating Income Expenses": 23000000.0,
        "Special Income Charges": -69000000.0,
        "Gain On Sale Of Ppe": -11000000.0,
        "Gain On Sale Of Business": 8000000.0,
        "Write Off": 66000000.0,
        "Earnings From Equity Interest": 62000000.0,
        "Gain On Sale Of Security": 18000000.0,
        "Net Non Operating Interest Income Expense": -359000000.0,
        "Interest Expense Non Operating": 376000000.0,
        "Interest Income Non Operating": 17000000.0,
        "Operating Income": 2654000000.0,
        "Operating Expense": 682000000.0,
        "Depreciation Amortization Depletion Income Statement": 107000000.0,
        "Depreciation And Amortization In Income Statement": 107000000.0,
        "Selling General And Administration": 575000000.0,
        "Gross Profit": 3336000000.0,
        "Cost Of Revenue": 2619000000.0,
        "Total Revenue": 5955000000.0,
        "Operating Revenue": 5793000000.0
    }
}