{
    "2023-03-31": {
        "Tax Effect Of Unusual Items": NaN,
        "Tax Rate For Calcs": NaN,
        "Normalized EBITDA": NaN,
        "Total Unusual Items": NaN,
        "Total Unusual Items Excluding Goodwill": NaN,
        "Net Income From Continuing Operation Net Minority Interest": NaN,
        "Reconciled Depreciation": NaN,
        "Reconciled Cost Of Revenue": NaN,
        "EBITDA": NaN,
        "EBIT": NaN,
        "Net Interest Income": NaN,
        "Interest Expense": NaN,
        "Normalized Income": NaN,
        "Net Income From Continuing And Discontinued Operation": NaN,
        "Total Expenses": NaN,
        "Total Operating Income As Reported": NaN,
        "Diluted Average Shares": NaN,
        "Basic Average Shares": NaN,
        "Diluted EPS": NaN,
        "Basic EPS": NaN,
        "Diluted NI Availto Com Stockholders": NaN,
        "Net Income Common Stockholders": NaN,
        "Net Income": NaN,
        "Minority Interests": NaN,
        "Net Income Including Noncontrolling Interests": NaN,
        "Net Income Discontinuous Operations": 0.0,
        "Net Income Continuous Operations": NaN,
        "Tax Provision": NaN,
        "Pretax Income": NaN,
        "Other Income Expense": NaN,
        "Other Non Operating Income Expenses": NaN,
        "Special Income Charges": NaN,
        "Other Special Charges": -3000000.0,
        "Impairment Of Capital Assets": -13000000.0,
        "Restructuring And Mergern Acquisition": NaN,
        "Net Non Operating Interest Income Expense": NaN,
        "Interest Expense Non Operating": NaN,
        "Operating Income": NaN,
        "Operating Expense": NaN,
        "Selling General And Administration": NaN,
        "Gross Profit": NaN,
        "Cost Of Revenue": NaN,
        "Total Revenue": NaN,
        "Operating Revenue": NaN
    },
    "2022-12-31": {
        "Tax Effect Of Unusual Items": NaN,
        "Tax Rate For Calcs": NaN,
        "Normalized EBITDA": NaN,
        "Total Unusual Items": NaN,
        "Total Unusual Items Excluding Goodwill": NaN,
        "Net Income From Continuing Operation Net Minority Interest": NaN,
        "Reconciled Depreciation": NaN,
        "Reconciled Cost Of Revenue": NaN,
        "EBITDA": NaN,
        "EBIT": NaN,
        "Net Interest Income": NaN,
        "Interest Expense": NaN,
        "Normalized Income": NaN,
        "Net Income From Continuing And Discontinued Operation": NaN,
        "Total Expenses": NaN,
        "Total Operating Income As Reported": NaN,
        "Diluted Average Shares": NaN,
        "Basic Average Shares": NaN,
        "Diluted EPS": NaN,
        "Basic EPS": NaN,
        "Diluted NI Availto Com Stockholders": NaN,
        "Net Income Common Stockholders": NaN,
        "Net Income": NaN,
        "Minority Interests": NaN,
        "Net Income Including Noncontrolling Interests": NaN,
        "Net Income Discontinuous Operations": NaN,
        "Net Income Continuous Operations": NaN,
        "Tax Provision": NaN,
        "Pretax Income": NaN,
        "Other Income Expense": NaN,
        "Other Non Operating Income Expenses": NaN,
        "Special Income Charges": NaN,
        "Other Special Charges": -1000000.0,
        "Impairment Of Capital Assets": NaN,
        "Restructuring And Mergern Acquisition": NaN,
        "Net Non Operating Interest Income Expense": NaN,
        "Interest Expense Non Operating": NaN,
        "Operating Income": NaN,
        "Operating Expense": NaN,
        "Selling General And Administration": NaN,
        "Gross Profit": NaN,
        "Cost Of Revenue": NaN,
        "Total Revenue": NaN,
        "Operating Revenue": NaN
    },
    "2022-09-30": {
        "Tax Effect Of Unusual Items": NaN,
        "Tax Rate For Calcs": NaN,
        "Normalized EBITDA": NaN,
        "Total Unusual Items": NaN,
        "Total Unusual Items Excluding Goodwill": NaN,
        "Net Income From Continuing Operation Net Minority Interest": NaN,
        "Reconciled Depreciation": NaN,
        "Reconciled Cost Of Revenue": NaN,
        "EBITDA": NaN,
        "EBIT": NaN,
        "Net Interest Income": NaN,
        "Interest Expense": NaN,
        "Normalized Income": NaN,
        "Net Income From Continuing And Discontinued Operation": NaN,
        "Total Expenses": NaN,
        "Total Operating Income As Reported": NaN,
        "Diluted Average Shares": NaN,
        "Basic Average Shares": NaN,
        "Diluted EPS": NaN,
        "Basic EPS": NaN,
        "Diluted NI Availto Com Stockholders": NaN,
        "Net Income Common Stockholders": NaN,
        "Net Income": NaN,
        "Minority Interests": NaN,
        "Net Income Including Noncontrolling Interests": NaN,
        "Net Income Discontinuous Operations": NaN,
        "Net Income Continuous Operations": NaN,
        "Tax Provision": NaN,
        "Pretax Income": NaN,
        "Other Income Expense": NaN,
        "Other Non Operating Income Expenses": NaN,
        "Special Income Charges": NaN,
        "Other Special Charges": -9000000.0,
        "Impairment Of Capital Assets": NaN,
        "Restructuring And Mergern Acquisition": NaN,
        "Net Non Operating Interest Income Expense": NaN,
        "Interest Expense Non Operating": NaN,
        "Operating Income": NaN,
        "Operating Expense": NaN,
        "Selling General And Administration": NaN,
        "Gross Profit": NaN,
        "Cost Of Revenue": NaN,
        "Total Revenue": NaN,
        "Operating Revenue": NaN
    },
    "2022-06-30": {
        "Tax Effect Of Unusual Items": -5538767.395626,
        "Tax Rate For Calcs": 0.197813,
        "Normalized EBITDA": 1227000000.0,
        "Total Unusual Items": -28000000.0,
        "Total Unusual Items Excluding Goodwill": -28000000.0,
        "Net Income From Continuing Operation Net Minority Interest": 766000000.0,
        "Reconciled Depreciation": 148000000.0,
        "Reconciled Cost Of Revenue": 64131000000.0,
        "EBITDA": 1199000000.0,
        "EBIT": 1051000000.0,
        "Net Interest Income": -45000000.0,
        "Interest Expense": 45000000.0,
        "Normalized Income": 788461232.604374,
        "Net Income From Continuing And Discontinued Operation": 768000000.0,
        "Total Expenses": 66090000000.0,
        "Total Operating Income As Reported": 1036000000.0,
        "Diluted Average Shares": 145900000.0,
        "Basic Average Shares": 144200000.0,
        "Diluted EPS": 5.26,
        "Basic EPS": 5.32,
        "Diluted NI Availto Com Stockholders": 768000000.0,
        "Net Income Common Stockholders": 768000000.0,
        "Net Income": 768000000.0,
        "Minority Interests": -41000000.0,
        "Net Income Including Noncontrolling Interests": 809000000.0,
        "Net Income Discontinuous Operations": 2000000.0,
        "Net Income Continuous Operations": 807000000.0,
        "Tax Provision": 199000000.0,
        "Pretax Income": 1006000000.0,
        "Other Income Expense": -13000000.0,
        "Other Non Operating Income Expenses": 15000000.0,
        "Special Income Charges": -28000000.0,
        "Other Special Charges": 5000000.0,
        "Impairment Of Capital Assets": 0.0,
        "Restructuring And Mergern Acquisition": 23000000.0,
        "Net Non Operating Interest Income Expense": -45000000.0,
        "Interest Expense Non Operating": 45000000.0,
        "Operating Income": 1064000000.0,
        "Operating Expense": 1959000000.0,
        "Selling General And Administration": 1959000000.0,
        "Gross Profit": 3023000000.0,
        "Cost Of Revenue": 64131000000.0,
        "Total Revenue": 67154000000.0,
        "Operating Revenue": 67154000000.0
    },
    "2023-06-30": {
        "Tax Effect Of Unusual Items": NaN,
        "Tax Rate For Calcs": NaN,
        "Normalized EBITDA": NaN,
        "Total Unusual Items": NaN,
        "Total Unusual Items Excluding Goodwill": NaN,
        "Net Income From Continuing Operation Net Minority Interest": NaN,
        "Reconciled Depreciation": NaN,
        "Reconciled Cost Of Revenue": NaN,
        "EBITDA": NaN,
        "EBIT": NaN,
        "Net Interest Income": NaN,
        "Interest Expense": NaN,
        "Normalized Income": NaN,
        "Net Income From Continuing And Discontinued Operation": NaN,
        "Total Expenses": NaN,
        "Total Operating Income As Reported": NaN,
        "Diluted Average Shares": NaN,
        "Basic Average Shares": NaN,
        "Diluted EPS": NaN,
        "Basic EPS": NaN,
        "Diluted NI Availto Com Stockholders": NaN,
        "Net Income Common Stockholders": NaN,
        "Net Income": NaN,
        "Minority Interests": NaN,
        "Net Income Including Noncontrolling Interests": NaN,
        "Net Income Discontinuous Operations": 0.0,
        "Net Income Continuous Operations": NaN,
        "Tax Provision": NaN,
        "Pretax Income": NaN,
        "Other Income Expense": NaN,
        "Other Non Operating Income Expenses": NaN,
        "Special Income Charges": NaN,
        "Other Special Charges": NaN,
        "Impairment Of Capital Assets": 28000000.0,
        "Restructuring And Mergern Acquisition": NaN,
        "Net Non Operating Interest Income Expense": NaN,
        "Interest Expense Non Operating": NaN,
        "Operating Income": NaN,
        "Operating Expense": NaN,
        "Selling General And Administration": NaN,
        "Gross Profit": NaN,
        "Cost Of Revenue": NaN,
        "Total Revenue": NaN,
        "Operating Revenue": NaN
    },
    "2022-03-31": {
        "Diluted EPS": 2.49,
        "Total Revenue": NaN,
        "Gross Profit": NaN,
        "Operating Income": 633,
        "EBIT": 970,
        "Net Income": 368
    },
    "2021-12-31": {
        "Diluted EPS": -0.04,
        "Total Revenue": NaN,
        "Gross Profit": NaN,
        "Operating Income": 298,
        "EBIT": 483,
        "Net Income": -7
    },
    "2021-09-30": {
        "Diluted EPS": 1.71,
        "Total Revenue": NaN,
        "Gross Profit": NaN,
        "Operating Income": 539,
        "EBIT": 734,
        "Net Income": 267
    },
    "2021-06-30": {
        "Diluted EPS": 3.07,
        "Total Revenue": NaN,
        "Gross Profit": NaN,
        "Operating Income": 568,
        "EBIT": 786,
        "Net Income": 486
    },
    "2021-03-31": {
        "Diluted EPS": 4.51,
        "Total Revenue": NaN,
        "Gross Profit": NaN,
        "Operating Income": NaN,
        "EBIT": NaN,
        "Net Income": 666
    },
    "2020-12-31": {
        "Diluted EPS": -39.03,
        "Total Revenue": NaN,
        "Gross Profit": NaN,
        "Operating Income": NaN,
        "EBIT": NaN,
        "Net Income": NaN
    },
    "2020-09-30": {
        "Diluted EPS": 3.54,
        "Total Revenue": NaN,
        "Gross Profit": NaN,
        "Operating Income": 634,
        "EBIT": 960,
        "Net Income": 577
    },
    "2020-06-30": {
        "Diluted EPS": 2.72,
        "Total Revenue": NaN,
        "Gross Profit": NaN,
        "Operating Income": 678,
        "EBIT": 895,
        "Net Income": 444
    },
    "2020-03-31": {
        "Diluted EPS": 5.67,
        "Total Revenue": NaN,
        "Gross Profit": NaN,
        "Operating Income": 869,
        "EBIT": NaN,
        "Net Income": NaN
    },
    "2019-12-31": {
        "Diluted EPS": 1.03,
        "Total Revenue": NaN,
        "Gross Profit": NaN,
        "Operating Income": 360,
        "EBIT": 689,
        "Net Income": 186
    },
    "2019-09-30": {
        "Diluted EPS": -3.99,
        "Total Revenue": NaN,
        "Gross Profit": NaN,
        "Operating Income": 626,
        "EBIT": 867,
        "Net Income": -730
    },
    "2019-06-30": {
        "Diluted EPS": 2.24,
        "Total Revenue": NaN,
        "Gross Profit": NaN,
        "Operating Income": 634,
        "EBIT": 868,
        "Net Income": 423
    },
    "2019-03-31": {
        "Diluted EPS": -4.06,
        "Total Revenue": NaN,
        "Gross Profit": NaN,
        "Operating Income": -569,
        "EBIT": NaN,
        "Net Income": -796
    },
    "2018-12-31": {
        "Diluted EPS": 2.4,
        "Total Revenue": NaN,
        "Gross Profit": NaN,
        "Operating Income": 683,
        "EBIT": 982,
        "Net Income": 469
    },
    "2018-09-30": {
        "Diluted EPS": 2.51,
        "Total Revenue": NaN,
        "Gross Profit": NaN,
        "Operating Income": 689,
        "EBIT": 930,
        "Net Income": 499
    },
    "2018-06-30": {
        "Diluted EPS": -0.68,
        "Total Revenue": NaN,
        "Gross Profit": NaN,
        "Operating Income": 83,
        "EBIT": 928,
        "Net Income": -138
    },
    "2018-03-31": {
        "Diluted EPS": -5.47,
        "Total Revenue": NaN,
        "Gross Profit": NaN,
        "Operating Income": -944,
        "EBIT": 988,
        "Net Income": NaN
    },
    "2017-12-31": {
        "Diluted EPS": 4.33,
        "Total Revenue": NaN,
        "Gross Profit": NaN,
        "Operating Income": 834,
        "EBIT": NaN,
        "Net Income": 903
    },
    "2017-09-30": {
        "Diluted EPS": 0.01,
        "Total Revenue": NaN,
        "Gross Profit": NaN,
        "Operating Income": 239,
        "EBIT": NaN,
        "Net Income": 1
    },
    "2017-06-30": {
        "Diluted EPS": 1.45,
        "Total Revenue": NaN,
        "Gross Profit": NaN,
        "Operating Income": 633,
        "EBIT": 860,
        "Net Income": 309
    },
    "2017-03-31": {
        "Diluted EPS": 16.16,
        "Total Revenue": NaN,
        "Gross Profit": NaN,
        "Operating Income": NaN,
        "EBIT": NaN,
        "Net Income": NaN
    },
    "2016-12-31": {
        "Diluted EPS": 2.85,
        "Total Revenue": NaN,
        "Gross Profit": NaN,
        "Operating Income": 831,
        "EBIT": NaN,
        "Net Income": 633
    },
    "2016-09-30": {
        "Diluted EPS": 1.34,
        "Total Revenue": NaN,
        "Gross Profit": NaN,
        "Operating Income": 580,
        "EBIT": NaN,
        "Net Income": 307
    },
    "2016-06-30": {
        "Diluted EPS": 2.38,
        "Total Revenue": NaN,
        "Gross Profit": NaN,
        "Operating Income": 972,
        "EBIT": NaN,
        "Net Income": 542
    },
    "2016-03-31": {
        "Diluted EPS": 1.89,
        "Total Revenue": NaN,
        "Gross Profit": NaN,
        "Operating Income": 740,
        "EBIT": 962,
        "Net Income": 431
    },
    "2015-12-31": {
        "Diluted EPS": 2.73,
        "Total Revenue": NaN,
        "Gross Profit": NaN,
        "Operating Income": 920,
        "EBIT": NaN,
        "Net Income": 634
    },
    "2015-09-30": {
        "Diluted EPS": 2.63,
        "Total Revenue": NaN,
        "Gross Profit": NaN,
        "Operating Income": 954,
        "EBIT": NaN,
        "Net Income": 617
    },
    "2015-06-30": {
        "Diluted EPS": 2.45,
        "Total Revenue": NaN,
        "Gross Profit": NaN,
        "Operating Income": 931,
        "EBIT": NaN,
        "Net Income": 576
    },
    "2015-03-31": {
        "Diluted EPS": 0.56,
        "Total Revenue": NaN,
        "Gross Profit": NaN,
        "Operating Income": 700,
        "EBIT": NaN,
        "Net Income": 132
    },
    "2014-12-31": {
        "Diluted EPS": 2.0,
        "Total Revenue": NaN,
        "Gross Profit": NaN,
        "Operating Income": 800,
        "EBIT": NaN,
        "Net Income": 472
    },
    "2014-09-30": {
        "Diluted EPS": 1.99,
        "Total Revenue": NaN,
        "Gross Profit": NaN,
        "Operating Income": 787,
        "EBIT": NaN,
        "Net Income": 469
    },
    "2014-06-30": {
        "Diluted EPS": 1.72,
        "Total Revenue": NaN,
        "Gross Profit": NaN,
        "Operating Income": 681,
        "EBIT": 961,
        "Net Income": 403
    },
    "2014-03-31": {
        "Diluted EPS": 1.56,
        "Total Revenue": NaN,
        "Gross Profit": NaN,
        "Operating Income": 605,
        "EBIT": 845,
        "Net Income": 370
    },
    "2013-12-31": {
        "Diluted EPS": 0.28,
        "Total Revenue": NaN,
        "Gross Profit": NaN,
        "Operating Income": 493,
        "EBIT": 656,
        "Net Income": 65
    },
    "2013-09-30": {
        "Diluted EPS": 1.74,
        "Total Revenue": NaN,
        "Gross Profit": NaN,
        "Operating Income": 686,
        "EBIT": 856,
        "Net Income": 404
    },
    "2013-06-30": {
        "Diluted EPS": 1.83,
        "Total Revenue": NaN,
        "Gross Profit": NaN,
        "Operating Income": 655,
        "EBIT": 817,
        "Net Income": 424
    },
    "2013-03-31": {
        "Diluted EPS": 1.1,
        "Total Revenue": NaN,
        "Gross Profit": NaN,
        "Operating Income": 667,
        "EBIT": 865,
        "Net Income": 259
    },
    "2012-12-31": {
        "Diluted EPS": 1.24,
        "Total Revenue": NaN,
        "Gross Profit": NaN,
        "Operating Income": 498,
        "EBIT": 629,
        "Net Income": 298
    },
    "2012-09-30": {
        "Diluted EPS": 1.67,
        "Total Revenue": NaN,
        "Gross Profit": NaN,
        "Operating Income": 606,
        "EBIT": 733,
        "Net Income": 401
    },
    "2012-06-30": {
        "Diluted EPS": 1.58,
        "Total Revenue": NaN,
        "Gross Profit": NaN,
        "Operating Income": 576,
        "EBIT": 701,
        "Net Income": 380
    },
    "2012-03-31": {
        "Diluted EPS": 2.08,
        "Total Revenue": NaN,
        "Gross Profit": NaN,
        "Operating Income": 682,
        "EBIT": 767,
        "Net Income": 521
    },
    "2011-12-31": {
        "Diluted EPS": 1.2,
        "Total Revenue": NaN,
        "Gross Profit": NaN,
        "Operating Income": 492,
        "EBIT": 629,
        "Net Income": 300
    },
    "2011-09-30": {
        "Diluted EPS": 1.18,
        "Total Revenue": NaN,
        "Gross Profit": NaN,
        "Operating Income": 478,
        "EBIT": 614,
        "Net Income": 296
    },
    "2011-06-30": {
        "Diluted EPS": 1.13,
        "Total Revenue": NaN,
        "Gross Profit": NaN,
        "Operating Income": 472,
        "EBIT": 607,
        "Net Income": 286
    },
    "2011-03-31": {
        "Diluted EPS": 1.62,
        "Total Revenue": NaN,
        "Gross Profit": NaN,
        "Operating Income": 623,
        "EBIT": 767,
        "Net Income": 422
    },
    "2010-12-31": {
        "Diluted EPS": 0.6,
        "Total Revenue": NaN,
        "Gross Profit": NaN,
        "Operating Income": 307,
        "EBIT": 421,
        "Net Income": 155
    },
    "2010-09-30": {
        "Diluted EPS": 1.25,
        "Total Revenue": NaN,
        "Gross Profit": NaN,
        "Operating Income": 417,
        "EBIT": 535,
        "Net Income": 327
    },
    "2010-06-30": {
        "Diluted EPS": 1.1,
        "Total Revenue": NaN,
        "Gross Profit": NaN,
        "Operating Income": 474,
        "EBIT": 594,
        "Net Income": 298
    },
    "2010-03-31": {
        "Diluted EPS": 1.26,
        "Total Revenue": NaN,
        "Gross Profit": NaN,
        "Operating Income": 573,
        "EBIT": 697,
        "Net Income": 348
    },
    "2009-12-31": {
        "Diluted EPS": 1.19,
        "Total Revenue": NaN,
        "Gross Profit": NaN,
        "Operating Income": 509,
        "EBIT": 635,
        "Net Income": 326
    },
    "2009-09-30": {
        "Diluted EPS": 1.11,
        "Total Revenue": NaN,
        "Gross Profit": NaN,
        "Operating Income": 467,
        "EBIT": 580,
        "Net Income": 301
    },
    "2009-06-30": {
        "Diluted EPS": 1.06,
        "Total Revenue": NaN,
        "Gross Profit": NaN,
        "Operating Income": 459,
        "EBIT": 570,
        "Net Income": 288
    },
    "2009-03-31": {
        "Diluted EPS": 1.02,
        "Total Revenue": NaN,
        "Gross Profit": NaN,
        "Operating Income": 498,
        "EBIT": 609,
        "Net Income": 281
    },
    "2023-09-30": {
        "Tax Effect Of Unusual Items": NaN,
        "Tax Rate For Calcs": NaN,
        "Normalized EBITDA": NaN,
        "Total Unusual Items": NaN,
        "Total Unusual Items Excluding Goodwill": NaN,
        "Net Income From Continuing Operation Net Minority Interest": NaN,
        "Reconciled Depreciation": NaN,
        "Reconciled Cost Of Revenue": NaN,
        "EBITDA": NaN,
        "EBIT": NaN,
        "Net Interest Income": NaN,
        "Interest Expense": NaN,
        "Normalized Income": NaN,
        "Net Income From Continuing And Discontinued Operation": NaN,
        "Total Expenses": NaN,
        "Total Operating Income As Reported": NaN,
        "Diluted Average Shares": NaN,
        "Basic Average Shares": NaN,
        "Diluted EPS": NaN,
        "Basic EPS": NaN,
        "Diluted NI Availto Com Stockholders": NaN,
        "Net Income Common Stockholders": NaN,
        "Net Income": NaN,
        "Minority Interests": NaN,
        "Net Income Including Noncontrolling Interests": NaN,
        "Net Income Discontinuous Operations": 0.0,
        "Net Income Continuous Operations": NaN,
        "Tax Provision": NaN,
        "Pretax Income": NaN,
        "Other Income Expense": NaN,
        "Other Non Operating Income Expenses": NaN,
        "Special Income Charges": NaN,
        "Other Special Charges": -2000000.0,
        "Impairment Of Capital Assets": 0.0,
        "Restructuring And Mergern Acquisition": NaN,
        "Net Non Operating Interest Income Expense": NaN,
        "Interest Expense Non Operating": NaN,
        "Operating Income": NaN,
        "Operating Expense": NaN,
        "Selling General And Administration": NaN,
        "Gross Profit": NaN,
        "Cost Of Revenue": NaN,
        "Total Revenue": NaN,
        "Operating Revenue": NaN
    },
    "2023-12-31": {
        "Tax Effect Of Unusual Items": NaN,
        "Tax Rate For Calcs": NaN,
        "Normalized EBITDA": NaN,
        "Total Unusual Items": NaN,
        "Total Unusual Items Excluding Goodwill": NaN,
        "Net Income From Continuing Operation Net Minority Interest": NaN,
        "Reconciled Depreciation": NaN,
        "Reconciled Cost Of Revenue": NaN,
        "EBITDA": NaN,
        "EBIT": NaN,
        "Net Interest Income": NaN,
        "Interest Expense": NaN,
        "Normalized Income": NaN,
        "Net Income From Continuing And Discontinued Operation": NaN,
        "Total Expenses": NaN,
        "Total Operating Income As Reported": NaN,
        "Diluted Average Shares": NaN,
        "Basic Average Shares": NaN,
        "Diluted EPS": NaN,
        "Basic EPS": NaN,
        "Diluted NI Availto Com Stockholders": NaN,
        "Net Income Common Stockholders": NaN,
        "Net Income": NaN,
        "Minority Interests": NaN,
        "Net Income Including Noncontrolling Interests": NaN,
        "Net Income Discontinuous Operations": 0.0,
        "Net Income Continuous Operations": NaN,
        "Tax Provision": NaN,
        "Pretax Income": NaN,
        "Other Income Expense": NaN,
        "Other Non Operating Income Expenses": NaN,
        "Special Income Charges": NaN,
        "Other Special Charges": NaN,
        "Impairment Of Capital Assets": 0.0,
        "Restructuring And Mergern Acquisition": NaN,
        "Net Non Operating Interest Income Expense": NaN,
        "Interest Expense Non Operating": NaN,
        "Operating Income": NaN,
        "Operating Expense": NaN,
        "Selling General And Administration": NaN,
        "Gross Profit": NaN,
        "Cost Of Revenue": NaN,
        "Total Revenue": NaN,
        "Operating Revenue": NaN
    },
    "2024-03-31": {
        "Tax Effect Of Unusual Items": NaN,
        "Tax Rate For Calcs": NaN,
        "Normalized EBITDA": NaN,
        "Total Unusual Items": NaN,
        "Total Unusual Items Excluding Goodwill": NaN,
        "Net Income From Continuing Operation Net Minority Interest": NaN,
        "Reconciled Depreciation": NaN,
        "Reconciled Cost Of Revenue": NaN,
        "EBITDA": NaN,
        "EBIT": NaN,
        "Net Interest Income": NaN,
        "Interest Expense": NaN,
        "Normalized Income": NaN,
        "Net Income From Continuing And Discontinued Operation": NaN,
        "Total Expenses": NaN,
        "Total Operating Income As Reported": NaN,
        "Diluted Average Shares": NaN,
        "Basic Average Shares": NaN,
        "Diluted EPS": NaN,
        "Basic EPS": NaN,
        "Diluted NI Availto Com Stockholders": NaN,
        "Net Income Common Stockholders": NaN,
        "Net Income": NaN,
        "Minority Interests": NaN,
        "Net Income Including Noncontrolling Interests": NaN,
        "Net Income Discontinuous Operations": 0.0,
        "Net Income Continuous Operations": NaN,
        "Tax Provision": NaN,
        "Pretax Income": NaN,
        "Other Income Expense": NaN,
        "Other Non Operating Income Expenses": NaN,
        "Special Income Charges": NaN,
        "Other Special Charges": 149000000.0,
        "Impairment Of Capital Assets": NaN,
        "Restructuring And Mergern Acquisition": NaN,
        "Net Non Operating Interest Income Expense": NaN,
        "Interest Expense Non Operating": NaN,
        "Operating Income": NaN,
        "Operating Expense": NaN,
        "Selling General And Administration": NaN,
        "Gross Profit": NaN,
        "Cost Of Revenue": NaN,
        "Total Revenue": NaN,
        "Operating Revenue": NaN
    },
    "2024-06-30": {
        "Tax Effect Of Unusual Items": NaN,
        "Tax Rate For Calcs": NaN,
        "Normalized EBITDA": NaN,
        "Total Unusual Items": NaN,
        "Total Unusual Items Excluding Goodwill": NaN,
        "Net Income From Continuing Operation Net Minority Interest": NaN,
        "Reconciled Depreciation": NaN,
        "Reconciled Cost Of Revenue": NaN,
        "EBITDA": NaN,
        "EBIT": NaN,
        "Net Interest Income": NaN,
        "Interest Expense": NaN,
        "Normalized Income": NaN,
        "Net Income From Continuing And Discontinued Operation": NaN,
        "Total Expenses": NaN,
        "Total Operating Income As Reported": NaN,
        "Diluted Average Shares": NaN,
        "Basic Average Shares": NaN,
        "Diluted EPS": NaN,
        "Basic EPS": NaN,
        "Diluted NI Availto Com Stockholders": NaN,
        "Net Income Common Stockholders": NaN,
        "Net Income": NaN,
        "Minority Interests": NaN,
        "Net Income Including Noncontrolling Interests": NaN,
        "Net Income Continuous Operations": NaN,
        "Tax Provision": NaN,
        "Pretax Income": NaN,
        "Other Income Expense": NaN,
        "Other Non Operating Income Expenses": NaN,
        "Special Income Charges": NaN,
        "Other Special Charges": 112000000.0,
        "Impairment Of Capital Assets": 3000000.0,
        "Restructuring And Mergern Acquisition": NaN,
        "Net Non Operating Interest Income Expense": NaN,
        "Interest Expense Non Operating": NaN,
        "Operating Income": NaN,
        "Operating Expense": NaN,
        "Selling General And Administration": NaN,
        "Gross Profit": NaN,
        "Cost Of Revenue": NaN,
        "Total Revenue": NaN,
        "Operating Revenue": NaN
    },
    "2024-09-30": {
        "Tax Effect Of Unusual Items": NaN,
        "Tax Rate For Calcs": NaN,
        "Normalized EBITDA": NaN,
        "Total Unusual Items": NaN,
        "Total Unusual Items Excluding Goodwill": NaN,
        "Net Income From Continuing Operation Net Minority Interest": NaN,
        "Reconciled Depreciation": NaN,
        "Reconciled Cost Of Revenue": NaN,
        "EBITDA": NaN,
        "EBIT": NaN,
        "Net Interest Income": NaN,
        "Interest Expense": NaN,
        "Normalized Income": NaN,
        "Net Income From Continuing And Discontinued Operation": NaN,
        "Total Expenses": NaN,
        "Total Operating Income As Reported": NaN,
        "Diluted Average Shares": NaN,
        "Basic Average Shares": NaN,
        "Diluted EPS": NaN,
        "Basic EPS": NaN,
        "Diluted NI Availto Com Stockholders": NaN,
        "Net Income Common Stockholders": NaN,
        "Net Income": NaN,
        "Minority Interests": NaN,
        "Net Income Including Noncontrolling Interests": NaN,
        "Net Income Continuous Operations": NaN,
        "Tax Provision": NaN,
        "Pretax Income": NaN,
        "Other Income Expense": NaN,
        "Other Non Operating Income Expenses": NaN,
        "Special Income Charges": NaN,
        "Other Special Charges": -4000000.0,
        "Impairment Of Capital Assets": NaN,
        "Restructuring And Mergern Acquisition": NaN,
        "Net Non Operating Interest Income Expense": NaN,
        "Interest Expense Non Operating": NaN,
        "Operating Income": NaN,
        "Operating Expense": NaN,
        "Selling General And Administration": NaN,
        "Gross Profit": NaN,
        "Cost Of Revenue": NaN,
        "Total Revenue": NaN,
        "Operating Revenue": NaN
    },
    "2024-12-31": {
        "Tax Effect Of Unusual Items": -7778140.293638,
        "Tax Rate For Calcs": 0.243067,
        "Normalized EBITDA": 1478000000.0,
        "Total Unusual Items": -32000000.0,
        "Total Unusual Items Excluding Goodwill": -32000000.0,
        "Net Income From Continuing Operation Net Minority Interest": 879000000.0,
        "Reconciled Depreciation": 153000000.0,
        "Reconciled Cost Of Revenue": 92010000000.0,
        "EBITDA": 1446000000.0,
        "EBIT": 1293000000.0,
        "Net Interest Income": -67000000.0,
        "Interest Expense": 67000000.0,
        "Normalized Income": 903221859.706362,
        "Net Income From Continuing And Discontinued Operation": 879000000.0,
        "Total Expenses": 94038000000.0,
        "Total Operating Income As Reported": 1224000000.0,
        "Diluted Average Shares": 126600000.0,
        "Basic Average Shares": 126000000.0,
        "Diluted EPS": 6.95,
        "Basic EPS": 6.98,
        "Diluted NI Availto Com Stockholders": 879000000.0,
        "Net Income Common Stockholders": 879000000.0,
        "Net Income": 879000000.0,
        "Minority Interests": -49000000.0,
        "Net Income Including Noncontrolling Interests": 928000000.0,
        "Net Income Continuous Operations": 928000000.0,
        "Tax Provision": 298000000.0,
        "Pretax Income": 1226000000.0,
        "Other Income Expense": 37000000.0,
        "Other Non Operating Income Expenses": 69000000.0,
        "Special Income Charges": -32000000.0,
        "Other Special Charges": NaN,
        "Impairment Of Capital Assets": NaN,
        "Restructuring And Mergern Acquisition": 32000000.0,
        "Net Non Operating Interest Income Expense": -67000000.0,
        "Interest Expense Non Operating": 67000000.0,
        "Operating Income": 1256000000.0,
        "Operating Expense": 2028000000.0,
        "Selling General And Administration": 2028000000.0,
        "Gross Profit": 3284000000.0,
        "Cost Of Revenue": 92010000000.0,
        "Total Revenue": 95294000000.0,
        "Operating Revenue": 95294000000.0
    },
    "2025-03-31": {
        "Tax Effect Of Unusual Items": -827722.772277,
        "Tax Rate For Calcs": 0.137954,
        "Normalized EBITDA": 1717000000.0,
        "Total Unusual Items": -6000000.0,
        "Total Unusual Items Excluding Goodwill": -6000000.0,
        "Net Income From Continuing Operation Net Minority Interest": 1260000000.0,
        "Reconciled Depreciation": 151000000.0,
        "Reconciled Cost Of Revenue": 87184000000.0,
        "EBITDA": 1711000000.0,
        "EBIT": 1560000000.0,
        "Net Interest Income": 128000000.0,
        "Interest Expense": 45000000.0,
        "Normalized Income": 1265172277.227723,
        "Net Income From Continuing And Discontinued Operation": 1260000000.0,
        "Total Expenses": 89159000000.0,
        "Total Operating Income As Reported": 1591000000.0,
        "Diluted Average Shares": 125900000.0,
        "Basic Average Shares": 125200000.0,
        "Diluted EPS": 10.01,
        "Basic EPS": 10.06,
        "Diluted NI Availto Com Stockholders": 1260000000.0,
        "Net Income Common Stockholders": 1260000000.0,
        "Net Income": 1260000000.0,
        "Minority Interests": -46000000.0,
        "Net Income Including Noncontrolling Interests": 1306000000.0,
        "Net Income Continuous Operations": 1306000000.0,
        "Tax Provision": 209000000.0,
        "Pretax Income": 1515000000.0,
        "Other Income Expense": -277000000.0,
        "Other Non Operating Income Expenses": -271000000.0,
        "Special Income Charges": -73000000.0,
        "Other Special Charges": 0.0,
        "Impairment Of Capital Assets": NaN,
        "Restructuring And Mergern Acquisition": 73000000.0,
        "Net Non Operating Interest Income Expense": 128000000.0,
        "Interest Expense Non Operating": 45000000.0,
        "Operating Income": 1664000000.0,
        "Operating Expense": 1975000000.0,
        "Selling General And Administration": 1975000000.0,
        "Gross Profit": 3639000000.0,
        "Cost Of Revenue": 87184000000.0,
        "Total Revenue": 90823000000.0,
        "Operating Revenue": 90823000000.0
    },
    "2025-06-30": {
        "Tax Effect Of Unusual Items": -9823000.0,
        "Tax Rate For Calcs": 0.209,
        "Normalized EBITDA": 1304000000.0,
        "Total Unusual Items": -47000000.0,
        "Total Unusual Items Excluding Goodwill": -47000000.0,
        "Net Income From Continuing Operation Net Minority Interest": 784000000.0,
        "Reconciled Depreciation": 157000000.0,
        "Reconciled Cost Of Revenue": 94548000000.0,
        "EBITDA": 1257000000.0,
        "EBIT": 1100000000.0,
        "Net Interest Income": -49000000.0,
        "Interest Expense": 49000000.0,
        "Normalized Income": 821177000.0,
        "Net Income From Continuing And Discontinued Operation": 784000000.0,
        "Total Expenses": 96744000000.0,
        "Total Operating Income As Reported": 1036000000.0,
        "Diluted Average Shares": 125500000.0,
        "Basic Average Shares": 124900000.0,
        "Diluted EPS": 6.25,
        "Basic EPS": 6.28,
        "Diluted NI Availto Com Stockholders": 784000000.0,
        "Net Income Common Stockholders": 784000000.0,
        "Net Income": 784000000.0,
        "Minority Interests": -47000000.0,
        "Net Income Including Noncontrolling Interests": 831000000.0,
        "Net Income Continuous Operations": 831000000.0,
        "Tax Provision": 220000000.0,
        "Pretax Income": 1051000000.0,
        "Other Income Expense": 17000000.0,
        "Other Non Operating Income Expenses": 64000000.0,
        "Special Income Charges": -47000000.0,
        "Other Special Charges": NaN,
        "Impairment Of Capital Assets": 2000000.0,
        "Restructuring And Mergern Acquisition": 45000000.0,
        "Net Non Operating Interest Income Expense": -49000000.0,
        "Interest Expense Non Operating": 49000000.0,
        "Operating Income": 1083000000.0,
        "Operating Expense": 2196000000.0,
        "Selling General And Administration": 2196000000.0,
        "Gross Profit": 3279000000.0,
        "Cost Of Revenue": 94548000000.0,
        "Total Revenue": 97827000000.0,
        "Operating Revenue": 97827000000.0
    },
    "2025-09-30": {
        "Tax Effect Of Unusual Items": -10126000.0,
        "Tax Rate For Calcs": 0.166,
        "Normalized EBITDA": 1718000000.0,
        "Total Unusual Items": -61000000.0,
        "Total Unusual Items Excluding Goodwill": -61000000.0,
        "Net Income From Continuing Operation Net Minority Interest": 1110000000.0,
        "Reconciled Depreciation": 188000000.0,
        "Reconciled Cost Of Revenue": 99608000000.0,
        "EBITDA": 1657000000.0,
        "EBIT": 1469000000.0,
        "Net Interest Income": -74000000.0,
        "Interest Expense": 74000000.0,
        "Normalized Income": 1160874000.0,
        "Net Income From Continuing And Discontinued Operation": 1110000000.0,
        "Total Expenses": 101682000000.0,
        "Total Operating Income As Reported": 1407000000.0,
        "Diluted Average Shares": 124400000.0,
        "Basic Average Shares": 124000000.0,
        "Diluted EPS": 8.92,
        "Basic EPS": 8.95,
        "Diluted NI Availto Com Stockholders": 1110000000.0,
        "Net Income Common Stockholders": 1110000000.0,
        "Net Income": 1110000000.0,
        "Minority Interests": -53000000.0,
        "Net Income Including Noncontrolling Interests": 1163000000.0,
        "Net Income Continuous Operations": 1163000000.0,
        "Tax Provision": 232000000.0,
        "Pretax Income": 1395000000.0,
        "Other Income Expense": 1000000.0,
        "Other Non Operating Income Expenses": 62000000.0,
        "Special Income Charges": -61000000.0,
        "Other Special Charges": -2000000.0,
        "Impairment Of Capital Assets": NaN,
        "Restructuring And Mergern Acquisition": 63000000.0,
        "Net Non Operating Interest Income Expense": -74000000.0,
        "Interest Expense Non Operating": 74000000.0,
        "Operating Income": 1468000000.0,
        "Operating Expense": 2074000000.0,
        "Selling General And Administration": 2074000000.0,
        "Gross Profit": 3542000000.0,
        "Cost Of Revenue": 99608000000.0,
        "Total Revenue": 103150000000.0,
        "Operating Revenue": 103150000000.0
    },
    "2025-12-31": {
        "Tax Effect Of Unusual Items": -8392638.03681,
        "Tax Rate For Calcs": 0.233129,
        "Normalized EBITDA": 1917000000.0,
        "Total Unusual Items": -36000000.0,
        "Total Unusual Items Excluding Goodwill": -36000000.0,
        "Net Income From Continuing Operation Net Minority Interest": 1186000000.0,
        "Reconciled Depreciation": 188000000.0,
        "Reconciled Cost Of Revenue": 102473000000.0,
        "EBITDA": 1881000000.0,
        "EBIT": 1693000000.0,
        "Net Interest Income": -63000000.0,
        "Interest Expense": 63000000.0,
        "Normalized Income": 1213607361.96319,
        "Net Income From Continuing And Discontinued Operation": 1186000000.0,
        "Total Expenses": 104503000000.0,
        "Total Operating Income As Reported": 1619000000.0,
        "Diluted Average Shares": 123700000.0,
        "Basic Average Shares": 123200000.0,
        "Diluted EPS": 9.59,
        "Basic EPS": 9.63,
        "Diluted NI Availto Com Stockholders": 1186000000.0,
        "Net Income Common Stockholders": 1186000000.0,
        "Net Income": 1186000000.0,
        "Minority Interests": -64000000.0,
        "Net Income Including Noncontrolling Interests": 1250000000.0,
        "Net Income Continuous Operations": 1250000000.0,
        "Tax Provision": 380000000.0,
        "Pretax Income": 1630000000.0,
        "Other Income Expense": 38000000.0,
        "Other Non Operating Income Expenses": 74000000.0,
        "Special Income Charges": -36000000.0,
        "Other Special Charges": NaN,
        "Impairment Of Capital Assets": NaN,
        "Restructuring And Mergern Acquisition": 36000000.0,
        "Net Non Operating Interest Income Expense": -63000000.0,
        "Interest Expense Non Operating": 63000000.0,
        "Operating Income": 1655000000.0,
        "Operating Expense": 2030000000.0,
        "Selling General And Administration": 2030000000.0,
        "Gross Profit": 3685000000.0,
        "Cost Of Revenue": 102473000000.0,
        "Total Revenue": 106158000000.0,
        "Operating Revenue": 106158000000.0
    }
}