{
    "2023-03-31": {
        "Tax Effect Of Unusual Items": 13200.0,
        "Tax Rate For Calcs": 0.4,
        "Normalized EBITDA": -15636000.0,
        "Total Unusual Items": 33000.0,
        "Total Unusual Items Excluding Goodwill": 33000.0,
        "Net Income From Continuing Operation Net Minority Interest": -19554000.0,
        "Reconciled Depreciation": 2246000.0,
        "Reconciled Cost Of Revenue": 11067000.0,
        "EBITDA": -15603000.0,
        "EBIT": -17849000.0,
        "Net Interest Income": -4121000.0,
        "Interest Expense": 1701000.0,
        "Normalized Income": -19573800.0,
        "Net Income From Continuing And Discontinued Operation": -19554000.0,
        "Total Expenses": 19381000.0,
        "Total Operating Income As Reported": -15463000.0,
        "Diluted Average Shares": 1108544.0,
        "Basic Average Shares": 1108544.0,
        "Diluted EPS": -17.65,
        "Basic EPS": -17.65,
        "Diluted NI Availto Com Stockholders": -19554000.0,
        "Net Income Common Stockholders": -19554000.0,
        "Net Income": -19554000.0,
        "Net Income Including Noncontrolling Interests": -19553000.0,
        "Net Income Continuous Operations": -19553000.0,
        "Tax Provision": 3000.0,
        "Pretax Income": -19550000.0,
        "Other Income Expense": 33000.0,
        "Other Non Operating Income Expenses": NaN,
        "Special Income Charges": NaN,
        "Other Special Charges": NaN,
        "Impairment Of Capital Assets": NaN,
        "Gain On Sale Of Security": 33000.0,
        "Net Non Operating Interest Income Expense": -4121000.0,
        "Total Other Finance Cost": 2420000.0,
        "Interest Expense Non Operating": 1701000.0,
        "Operating Income": -15462000.0,
        "Operating Expense": 8314000.0,
        "Research And Development": 843000.0,
        "Selling General And Administration": 7471000.0,
        "Selling And Marketing Expense": 1239000.0,
        "General And Administrative Expense": 6232000.0,
        "Other Gand A": 6232000.0,
        "Gross Profit": -7148000.0,
        "Cost Of Revenue": 11067000.0,
        "Total Revenue": 3919000.0,
        "Operating Revenue": 3664000.0
    },
    "2022-12-31": {
        "Tax Effect Of Unusual Items": 2800.0,
        "Tax Rate For Calcs": 0.4,
        "Normalized EBITDA": -12729000.0,
        "Total Unusual Items": 7000.0,
        "Total Unusual Items Excluding Goodwill": 7000.0,
        "Net Income From Continuing Operation Net Minority Interest": -18374000.0,
        "Reconciled Depreciation": 3478000.0,
        "Reconciled Cost Of Revenue": 11673000.0,
        "EBITDA": -12722000.0,
        "EBIT": -16200000.0,
        "Net Interest Income": -2968000.0,
        "Interest Expense": 2167000.0,
        "Normalized Income": -18378200.0,
        "Net Income From Continuing And Discontinued Operation": -18374000.0,
        "Total Expenses": 20700000.0,
        "Total Operating Income As Reported": -16507000.0,
        "Diluted Average Shares": 3522960.0,
        "Basic Average Shares": 3522960.0,
        "Diluted EPS": -5.215501,
        "Basic EPS": -5.215501,
        "Diluted NI Availto Com Stockholders": -18374000.0,
        "Net Income Common Stockholders": -18374000.0,
        "Net Income": -18374000.0,
        "Net Income Including Noncontrolling Interests": -18373000.0,
        "Net Income Continuous Operations": -18373000.0,
        "Tax Provision": 6000.0,
        "Pretax Income": -18367000.0,
        "Other Income Expense": 1107000.0,
        "Other Non Operating Income Expenses": NaN,
        "Special Income Charges": 0.0,
        "Other Special Charges": 0.0,
        "Impairment Of Capital Assets": 0.0,
        "Gain On Sale Of Security": 7000.0,
        "Net Non Operating Interest Income Expense": -2968000.0,
        "Total Other Finance Cost": NaN,
        "Interest Expense Non Operating": 2167000.0,
        "Operating Income": -16506000.0,
        "Operating Expense": 9027000.0,
        "Research And Development": 708000.0,
        "Selling General And Administration": 8319000.0,
        "Selling And Marketing Expense": 1152000.0,
        "General And Administrative Expense": 7167000.0,
        "Other Gand A": 7167000.0,
        "Gross Profit": -7479000.0,
        "Cost Of Revenue": 11673000.0,
        "Total Revenue": 4194000.0,
        "Operating Revenue": 4556000.0
    },
    "2022-09-30": {
        "Tax Effect Of Unusual Items": -4130800.0,
        "Tax Rate For Calcs": 0.4,
        "Normalized EBITDA": -11022000.0,
        "Total Unusual Items": -10327000.0,
        "Total Unusual Items Excluding Goodwill": -10327000.0,
        "Net Income From Continuing Operation Net Minority Interest": -24562000.0,
        "Reconciled Depreciation": 1725000.0,
        "Reconciled Cost Of Revenue": 8346000.0,
        "EBITDA": -21349000.0,
        "EBIT": -23074000.0,
        "Net Interest Income": -1482000.0,
        "Interest Expense": 1482000.0,
        "Normalized Income": -18365800.0,
        "Net Income From Continuing And Discontinued Operation": -24562000.0,
        "Total Expenses": 16133000.0,
        "Total Operating Income As Reported": -22848000.0,
        "Diluted Average Shares": 1088117.0,
        "Basic Average Shares": 1088117.0,
        "Diluted EPS": -22.57,
        "Basic EPS": -22.57,
        "Diluted NI Availto Com Stockholders": -24562000.0,
        "Net Income Common Stockholders": -24562000.0,
        "Net Income": -24562000.0,
        "Net Income Including Noncontrolling Interests": -24562000.0,
        "Net Income Continuous Operations": -24562000.0,
        "Tax Provision": 6000.0,
        "Pretax Income": -24556000.0,
        "Other Income Expense": -10616000.0,
        "Other Non Operating Income Expenses": -289000.0,
        "Special Income Charges": -10390000.0,
        "Other Special Charges": NaN,
        "Impairment Of Capital Assets": 10390000.0,
        "Gain On Sale Of Security": 63000.0,
        "Net Non Operating Interest Income Expense": -1482000.0,
        "Total Other Finance Cost": NaN,
        "Interest Expense Non Operating": 1482000.0,
        "Operating Income": -12458000.0,
        "Operating Expense": 7787000.0,
        "Research And Development": 650000.0,
        "Selling General And Administration": 7137000.0,
        "Selling And Marketing Expense": 1719000.0,
        "General And Administrative Expense": 5418000.0,
        "Other Gand A": 5418000.0,
        "Gross Profit": -4671000.0,
        "Cost Of Revenue": 8346000.0,
        "Total Revenue": 3675000.0,
        "Operating Revenue": 3546000.0
    },
    "2022-06-30": {
        "Tax Effect Of Unusual Items": -649600.0,
        "Tax Rate For Calcs": 0.4,
        "Normalized EBITDA": -15232000.0,
        "Total Unusual Items": -1624000.0,
        "Total Unusual Items Excluding Goodwill": -1624000.0,
        "Net Income From Continuing Operation Net Minority Interest": -19740000.0,
        "Reconciled Depreciation": 1365000.0,
        "Reconciled Cost Of Revenue": 10267000.0,
        "EBITDA": -16856000.0,
        "EBIT": -18221000.0,
        "Net Interest Income": -1512000.0,
        "Interest Expense": 1512000.0,
        "Normalized Income": -18765600.0,
        "Net Income From Continuing And Discontinued Operation": -19740000.0,
        "Total Expenses": 20756000.0,
        "Total Operating Income As Reported": -16398000.0,
        "Diluted Average Shares": 727590450.0,
        "Basic Average Shares": 727590450.0,
        "Diluted EPS": -0.5682,
        "Basic EPS": -0.5682,
        "Diluted NI Availto Com Stockholders": -19740000.0,
        "Net Income Common Stockholders": -19740000.0,
        "Net Income": -19740000.0,
        "Net Income Including Noncontrolling Interests": -19740000.0,
        "Net Income Continuous Operations": -19740000.0,
        "Tax Provision": 7000.0,
        "Pretax Income": -19733000.0,
        "Other Income Expense": -1823000.0,
        "Other Non Operating Income Expenses": -199000.0,
        "Special Income Charges": -2065000.0,
        "Other Special Charges": 2065000.0,
        "Impairment Of Capital Assets": NaN,
        "Gain On Sale Of Security": 441000.0,
        "Net Non Operating Interest Income Expense": -1512000.0,
        "Total Other Finance Cost": NaN,
        "Interest Expense Non Operating": 1512000.0,
        "Operating Income": -16398000.0,
        "Operating Expense": 10489000.0,
        "Research And Development": 638000.0,
        "Selling General And Administration": 9851000.0,
        "Selling And Marketing Expense": 3415000.0,
        "General And Administrative Expense": 6436000.0,
        "Other Gand A": 6436000.0,
        "Gross Profit": -5909000.0,
        "Cost Of Revenue": 10267000.0,
        "Total Revenue": 4358000.0,
        "Operating Revenue": 4358000.0
    },
    "2022-03-31": {
        "Diluted EPS": -32.18,
        "Total Revenue": 3,
        "Gross Profit": -8,
        "Operating Income": -18,
        "EBIT": -17,
        "Net Income": -19
    },
    "2021-12-31": {
        "Diluted EPS": -40.5,
        "Total Revenue": 4,
        "Gross Profit": -9,
        "Operating Income": -23,
        "EBIT": -21,
        "Net Income": -21
    },
    "2021-09-30": {
        "Diluted EPS": -54.5,
        "Total Revenue": 5,
        "Gross Profit": -5,
        "Operating Income": -20,
        "EBIT": -18,
        "Net Income": -29
    },
    "2021-06-30": {
        "Diluted EPS": -18.0,
        "Total Revenue": 3,
        "Gross Profit": -3,
        "Operating Income": -8,
        "EBIT": -6,
        "Net Income": -8
    },
    "2021-03-31": {
        "Diluted EPS": -32.5,
        "Total Revenue": 1,
        "Gross Profit": -3,
        "Operating Income": -9,
        "EBIT": -8,
        "Net Income": -14
    },
    "2020-12-31": {
        "Diluted EPS": -56.5,
        "Total Revenue": 2,
        "Gross Profit": -3,
        "Operating Income": -14,
        "EBIT": -13,
        "Net Income": -20
    },
    "2020-09-30": {
        "Diluted EPS": -14.5,
        "Total Revenue": 2,
        "Gross Profit": 0,
        "Operating Income": -6,
        "EBIT": -6,
        "Net Income": -6
    },
    "2020-06-30": {
        "Diluted EPS": -4.5,
        "Total Revenue": NaN,
        "Gross Profit": NaN,
        "Operating Income": 0,
        "EBIT": 0,
        "Net Income": 0
    },
    "2020-03-31": {
        "Diluted EPS": 8.0,
        "Total Revenue": NaN,
        "Gross Profit": NaN,
        "Operating Income": 0,
        "EBIT": 0,
        "Net Income": 1
    },
    "2019-12-31": {
        "Diluted EPS": 0.0,
        "Total Revenue": NaN,
        "Gross Profit": NaN,
        "Operating Income": NaN,
        "EBIT": NaN,
        "Net Income": NaN
    },
    "2019-09-30": {
        "Diluted EPS": 0.0,
        "Total Revenue": NaN,
        "Gross Profit": NaN,
        "Operating Income": NaN,
        "EBIT": NaN,
        "Net Income": NaN
    },
    "2023-06-30": {
        "Tax Effect Of Unusual Items": -6395600.0,
        "Tax Rate For Calcs": 0.4,
        "Normalized EBITDA": -14126000.0,
        "Total Unusual Items": -15989000.0,
        "Total Unusual Items Excluding Goodwill": -15989000.0,
        "Net Income From Continuing Operation Net Minority Interest": -34219000.0,
        "Reconciled Depreciation": 2204000.0,
        "Reconciled Cost Of Revenue": 12522000.0,
        "EBITDA": -30115000.0,
        "EBIT": -32319000.0,
        "Net Interest Income": -2360000.0,
        "Interest Expense": 1865000.0,
        "Normalized Income": -24625600.0,
        "Net Income From Continuing And Discontinued Operation": -34219000.0,
        "Total Expenses": 19452000.0,
        "Total Operating Income As Reported": -32402000.0,
        "Diluted Average Shares": 1178044800.0,
        "Basic Average Shares": 1178044800.0,
        "Diluted EPS": -0.029,
        "Basic EPS": -0.029,
        "Diluted NI Availto Com Stockholders": -34219000.0,
        "Net Income Common Stockholders": -34219000.0,
        "Net Income": -34219000.0,
        "Net Income Including Noncontrolling Interests": -34218000.0,
        "Net Income Continuous Operations": -34218000.0,
        "Tax Provision": 34000.0,
        "Pretax Income": -34184000.0,
        "Other Income Expense": -15867000.0,
        "Other Non Operating Income Expenses": 122000.0,
        "Special Income Charges": -16013000.0,
        "Other Special Charges": -431000.0,
        "Impairment Of Capital Assets": 16444000.0,
        "Gain On Sale Of Security": 24000.0,
        "Net Non Operating Interest Income Expense": -2360000.0,
        "Total Other Finance Cost": 495000.0,
        "Interest Expense Non Operating": 1865000.0,
        "Operating Income": -15957000.0,
        "Operating Expense": 6930000.0,
        "Research And Development": 766000.0,
        "Selling General And Administration": 6164000.0,
        "Selling And Marketing Expense": 925000.0,
        "General And Administrative Expense": 5239000.0,
        "Other Gand A": 5239000.0,
        "Gross Profit": -9027000.0,
        "Cost Of Revenue": 12522000.0,
        "Total Revenue": 3495000.0,
        "Operating Revenue": 3215000.0
    },
    "2023-09-30": {
        "Tax Effect Of Unusual Items": -840.0,
        "Tax Rate For Calcs": 0.21,
        "Normalized EBITDA": -6957000.0,
        "Total Unusual Items": -4000.0,
        "Total Unusual Items Excluding Goodwill": -4000.0,
        "Net Income From Continuing Operation Net Minority Interest": -9477000.0,
        "Reconciled Depreciation": 1439000.0,
        "Reconciled Cost Of Revenue": 3254000.0,
        "EBITDA": -6961000.0,
        "EBIT": -8400000.0,
        "Net Interest Income": -1067000.0,
        "Interest Expense": 1067000.0,
        "Normalized Income": -9473840.0,
        "Net Income From Continuing And Discontinued Operation": -9477000.0,
        "Total Expenses": 9075000.0,
        "Total Operating Income As Reported": -7520000.0,
        "Diluted Average Shares": 159395919.0,
        "Basic Average Shares": 159395919.0,
        "Diluted EPS": -0.06,
        "Basic EPS": -0.06,
        "Diluted NI Availto Com Stockholders": -9477000.0,
        "Net Income Common Stockholders": -9477000.0,
        "Net Income": -9477000.0,
        "Net Income Including Noncontrolling Interests": -9477000.0,
        "Net Income Continuous Operations": -9477000.0,
        "Tax Provision": 10000.0,
        "Pretax Income": -9467000.0,
        "Other Income Expense": -879000.0,
        "Other Non Operating Income Expenses": -875000.0,
        "Special Income Charges": 0.0,
        "Other Special Charges": NaN,
        "Impairment Of Capital Assets": 0.0,
        "Gain On Sale Of Security": -4000.0,
        "Net Non Operating Interest Income Expense": -1067000.0,
        "Total Other Finance Cost": NaN,
        "Interest Expense Non Operating": 1067000.0,
        "Operating Income": -7521000.0,
        "Operating Expense": 5821000.0,
        "Research And Development": 480000.0,
        "Selling General And Administration": 5341000.0,
        "Selling And Marketing Expense": 527000.0,
        "General And Administrative Expense": 4814000.0,
        "Other Gand A": 4814000.0,
        "Gross Profit": -1700000.0,
        "Cost Of Revenue": 3254000.0,
        "Total Revenue": 1554000.0,
        "Operating Revenue": 1488000.0
    }
}