{
    "2023-03-31": {
        "Tax Effect Of Unusual Items": NaN,
        "Tax Rate For Calcs": NaN,
        "Normalized EBITDA": NaN,
        "Net Income From Continuing Operation Net Minority Interest": NaN,
        "Reconciled Depreciation": NaN,
        "EBITDA": NaN,
        "EBIT": NaN,
        "Net Interest Income": NaN,
        "Interest Expense": NaN,
        "Interest Income": NaN,
        "Normalized Income": NaN,
        "Net Income From Continuing And Discontinued Operation": NaN,
        "Total Expenses": NaN,
        "Total Operating Income As Reported": NaN,
        "Diluted Average Shares": 125862975.0,
        "Basic Average Shares": 125862975.0,
        "Diluted EPS": -0.57,
        "Basic EPS": -0.57,
        "Diluted NI Availto Com Stockholders": NaN,
        "Net Income Common Stockholders": NaN,
        "Net Income": NaN,
        "Net Income Including Noncontrolling Interests": NaN,
        "Net Income Continuous Operations": NaN,
        "Pretax Income": NaN,
        "Other Income Expense": NaN,
        "Other Non Operating Income Expenses": NaN,
        "Net Non Operating Interest Income Expense": NaN,
        "Interest Expense Non Operating": NaN,
        "Interest Income Non Operating": NaN,
        "Operating Income": NaN,
        "Operating Expense": NaN,
        "Other Operating Expenses": NaN,
        "Research And Development": NaN,
        "Selling General And Administration": NaN,
        "General And Administrative Expense": NaN,
        "Other Gand A": NaN,
        "Salaries And Wages": NaN,
        "Total Revenue": NaN,
        "Operating Revenue": NaN
    },
    "2022-12-31": {
        "Tax Effect Of Unusual Items": 0.0,
        "Tax Rate For Calcs": 0.0,
        "Normalized EBITDA": -65289000.0,
        "Net Income From Continuing Operation Net Minority Interest": -68796000.0,
        "Reconciled Depreciation": 1627000.0,
        "EBITDA": -65289000.0,
        "EBIT": -66916000.0,
        "Net Interest Income": -466000.0,
        "Interest Expense": 1880000.0,
        "Interest Income": 1414000.0,
        "Normalized Income": -68796000.0,
        "Net Income From Continuing And Discontinued Operation": -68796000.0,
        "Total Expenses": 69282000.0,
        "Total Operating Income As Reported": -68307000.0,
        "Diluted Average Shares": NaN,
        "Basic Average Shares": NaN,
        "Diluted EPS": NaN,
        "Basic EPS": NaN,
        "Diluted NI Availto Com Stockholders": -68796000.0,
        "Net Income Common Stockholders": -68796000.0,
        "Net Income": -68796000.0,
        "Net Income Including Noncontrolling Interests": -68796000.0,
        "Net Income Continuous Operations": -68796000.0,
        "Pretax Income": -68796000.0,
        "Other Income Expense": -23000.0,
        "Other Non Operating Income Expenses": -23000.0,
        "Net Non Operating Interest Income Expense": -466000.0,
        "Interest Expense Non Operating": 1880000.0,
        "Interest Income Non Operating": 1414000.0,
        "Operating Income": -68307000.0,
        "Operating Expense": 69282000.0,
        "Other Operating Expenses": 658000.0,
        "Research And Development": 46220000.0,
        "Selling General And Administration": 22404000.0,
        "General And Administrative Expense": 22404000.0,
        "Other Gand A": 14126000.0,
        "Salaries And Wages": 8278000.0,
        "Total Revenue": 975000.0,
        "Operating Revenue": 975000.0
    },
    "2022-09-30": {
        "Tax Effect Of Unusual Items": NaN,
        "Tax Rate For Calcs": NaN,
        "Normalized EBITDA": NaN,
        "Net Income From Continuing Operation Net Minority Interest": NaN,
        "Reconciled Depreciation": NaN,
        "EBITDA": NaN,
        "EBIT": NaN,
        "Net Interest Income": NaN,
        "Interest Expense": NaN,
        "Interest Income": NaN,
        "Normalized Income": NaN,
        "Net Income From Continuing And Discontinued Operation": NaN,
        "Total Expenses": NaN,
        "Total Operating Income As Reported": NaN,
        "Diluted Average Shares": 122527275.0,
        "Basic Average Shares": 122527275.0,
        "Diluted EPS": -0.49,
        "Basic EPS": -0.49,
        "Diluted NI Availto Com Stockholders": NaN,
        "Net Income Common Stockholders": NaN,
        "Net Income": NaN,
        "Net Income Including Noncontrolling Interests": NaN,
        "Net Income Continuous Operations": NaN,
        "Pretax Income": NaN,
        "Other Income Expense": NaN,
        "Other Non Operating Income Expenses": NaN,
        "Net Non Operating Interest Income Expense": NaN,
        "Interest Expense Non Operating": NaN,
        "Interest Income Non Operating": NaN,
        "Operating Income": NaN,
        "Operating Expense": NaN,
        "Other Operating Expenses": NaN,
        "Research And Development": NaN,
        "Selling General And Administration": NaN,
        "General And Administrative Expense": NaN,
        "Other Gand A": NaN,
        "Salaries And Wages": NaN,
        "Total Revenue": NaN,
        "Operating Revenue": NaN
    },
    "2022-06-30": {
        "Tax Effect Of Unusual Items": 0.0,
        "Tax Rate For Calcs": 0.0,
        "Normalized EBITDA": -61549000.0,
        "Net Income From Continuing Operation Net Minority Interest": -64735000.0,
        "Reconciled Depreciation": 1685000.0,
        "EBITDA": -61549000.0,
        "EBIT": -63234000.0,
        "Net Interest Income": -1106000.0,
        "Interest Expense": 1501000.0,
        "Interest Income": 395000.0,
        "Normalized Income": -64735000.0,
        "Net Income From Continuing And Discontinued Operation": -64735000.0,
        "Total Expenses": 64541000.0,
        "Total Operating Income As Reported": -63325000.0,
        "Diluted Average Shares": 92255416.0,
        "Basic Average Shares": 92255416.0,
        "Diluted EPS": -0.7,
        "Basic EPS": -0.7,
        "Diluted NI Availto Com Stockholders": -64735000.0,
        "Net Income Common Stockholders": -64735000.0,
        "Net Income": -64735000.0,
        "Net Income Including Noncontrolling Interests": -64735000.0,
        "Net Income Continuous Operations": -64735000.0,
        "Pretax Income": -64735000.0,
        "Other Income Expense": -304000.0,
        "Other Non Operating Income Expenses": -304000.0,
        "Net Non Operating Interest Income Expense": -1106000.0,
        "Interest Expense Non Operating": 1501000.0,
        "Interest Income Non Operating": 395000.0,
        "Operating Income": -63325000.0,
        "Operating Expense": 64541000.0,
        "Other Operating Expenses": 271000.0,
        "Research And Development": 43935000.0,
        "Selling General And Administration": 20335000.0,
        "General And Administrative Expense": 20335000.0,
        "Other Gand A": 12325000.0,
        "Salaries And Wages": 8010000.0,
        "Total Revenue": 1216000.0,
        "Operating Revenue": 1216000.0
    },
    "2022-03-31": {
        "Diluted EPS": -0.61,
        "Total Revenue": 1,
        "Gross Profit": 1,
        "Operating Income": -56,
        "EBIT": -54,
        "Net Income": -57
    },
    "2021-12-31": {
        "Diluted EPS": -0.52,
        "Total Revenue": 7,
        "Gross Profit": 7,
        "Operating Income": -49,
        "EBIT": -47,
        "Net Income": -50
    },
    "2021-09-30": {
        "Diluted EPS": 0.72,
        "Total Revenue": 127,
        "Gross Profit": 127,
        "Operating Income": 68,
        "EBIT": 71,
        "Net Income": 68
    },
    "2021-06-30": {
        "Diluted EPS": -0.53,
        "Total Revenue": 5,
        "Gross Profit": 5,
        "Operating Income": -48,
        "EBIT": -46,
        "Net Income": -48
    },
    "2021-03-31": {
        "Diluted EPS": -0.39,
        "Total Revenue": 6,
        "Gross Profit": 6,
        "Operating Income": -35,
        "EBIT": -33,
        "Net Income": -35
    },
    "2020-12-31": {
        "Diluted EPS": -0.2,
        "Total Revenue": 18,
        "Gross Profit": 18,
        "Operating Income": -18,
        "EBIT": -15,
        "Net Income": -18
    },
    "2020-09-30": {
        "Diluted EPS": -0.36,
        "Total Revenue": 1,
        "Gross Profit": 1,
        "Operating Income": -30,
        "EBIT": -28,
        "Net Income": -30
    },
    "2020-06-30": {
        "Diluted EPS": -0.28,
        "Total Revenue": 6,
        "Gross Profit": 6,
        "Operating Income": -21,
        "EBIT": -19,
        "Net Income": -21
    },
    "2020-03-31": {
        "Diluted EPS": -0.28,
        "Total Revenue": 8,
        "Gross Profit": 8,
        "Operating Income": -20,
        "EBIT": -18,
        "Net Income": -20
    },
    "2019-12-31": {
        "Diluted EPS": -0.18,
        "Total Revenue": 8,
        "Gross Profit": 8,
        "Operating Income": -19,
        "EBIT": -17,
        "Net Income": -19
    },
    "2019-09-30": {
        "Diluted EPS": -0.23,
        "Total Revenue": 7,
        "Gross Profit": 7,
        "Operating Income": -17,
        "EBIT": -15,
        "Net Income": -16
    },
    "2019-06-30": {
        "Diluted EPS": -0.24,
        "Total Revenue": 13,
        "Gross Profit": 13,
        "Operating Income": -11,
        "EBIT": -9,
        "Net Income": -11
    },
    "2019-03-31": {
        "Diluted EPS": -0.59,
        "Total Revenue": 7,
        "Gross Profit": 7,
        "Operating Income": -25,
        "EBIT": -23,
        "Net Income": -24
    },
    "2018-12-31": {
        "Diluted EPS": -0.52,
        "Total Revenue": 11,
        "Gross Profit": 11,
        "Operating Income": -22,
        "EBIT": -20,
        "Net Income": -21
    },
    "2018-09-30": {
        "Diluted EPS": -0.54,
        "Total Revenue": 9,
        "Gross Profit": 9,
        "Operating Income": -22,
        "EBIT": -20,
        "Net Income": -22
    },
    "2018-06-30": {
        "Diluted EPS": -0.68,
        "Total Revenue": 5,
        "Gross Profit": 5,
        "Operating Income": -28,
        "EBIT": -26,
        "Net Income": -28
    },
    "2018-03-31": {
        "Diluted EPS": -0.69,
        "Total Revenue": 4,
        "Gross Profit": 4,
        "Operating Income": -28,
        "EBIT": -26,
        "Net Income": -28
    },
    "2017-12-31": {
        "Diluted EPS": -0.72,
        "Total Revenue": 3,
        "Gross Profit": 3,
        "Operating Income": -30,
        "EBIT": -28,
        "Net Income": -29
    },
    "2017-09-30": {
        "Diluted EPS": -0.17,
        "Total Revenue": 23,
        "Gross Profit": 23,
        "Operating Income": -7,
        "EBIT": -5,
        "Net Income": -7
    },
    "2017-06-30": {
        "Diluted EPS": -0.69,
        "Total Revenue": 3,
        "Gross Profit": 3,
        "Operating Income": -28,
        "EBIT": -27,
        "Net Income": -28
    },
    "2017-03-31": {
        "Diluted EPS": -0.63,
        "Total Revenue": 3,
        "Gross Profit": 3,
        "Operating Income": -26,
        "EBIT": -24,
        "Net Income": -25
    },
    "2016-12-31": {
        "Diluted EPS": -0.64,
        "Total Revenue": 3,
        "Gross Profit": 3,
        "Operating Income": -26,
        "EBIT": -24,
        "Net Income": -25
    },
    "2016-09-30": {
        "Diluted EPS": -0.46,
        "Total Revenue": 13,
        "Gross Profit": 13,
        "Operating Income": -19,
        "EBIT": -18,
        "Net Income": -19
    },
    "2016-06-30": {
        "Diluted EPS": -0.7,
        "Total Revenue": 3,
        "Gross Profit": 3,
        "Operating Income": -28,
        "EBIT": -27,
        "Net Income": -28
    },
    "2016-03-31": {
        "Diluted EPS": -0.5,
        "Total Revenue": 3,
        "Gross Profit": 3,
        "Operating Income": -20,
        "EBIT": -20,
        "Net Income": -20
    },
    "2015-12-31": {
        "Diluted EPS": 0.65,
        "Total Revenue": NaN,
        "Gross Profit": NaN,
        "Operating Income": -20,
        "EBIT": -19,
        "Net Income": -20
    },
    "2015-09-30": {
        "Diluted EPS": -0.38,
        "Total Revenue": NaN,
        "Gross Profit": NaN,
        "Operating Income": -15,
        "EBIT": -14,
        "Net Income": -15
    },
    "2015-06-30": {
        "Diluted EPS": -1.45,
        "Total Revenue": NaN,
        "Gross Profit": NaN,
        "Operating Income": -12,
        "EBIT": -12,
        "Net Income": -13
    },
    "2015-03-31": {
        "Diluted EPS": -1.15,
        "Total Revenue": NaN,
        "Gross Profit": NaN,
        "Operating Income": -8,
        "EBIT": -8,
        "Net Income": -8
    },
    "2014-12-31": {
        "Diluted EPS": -1.25,
        "Total Revenue": NaN,
        "Gross Profit": NaN,
        "Operating Income": -7,
        "EBIT": -7,
        "Net Income": -8
    },
    "2014-09-30": {
        "Diluted EPS": -0.68,
        "Total Revenue": NaN,
        "Gross Profit": NaN,
        "Operating Income": -4,
        "EBIT": -4,
        "Net Income": -5
    },
    "2014-06-30": {
        "Diluted EPS": -0.45,
        "Total Revenue": NaN,
        "Gross Profit": NaN,
        "Operating Income": -3,
        "EBIT": -3,
        "Net Income": -3
    },
    "2014-03-31": {
        "Diluted EPS": -0.29,
        "Total Revenue": NaN,
        "Gross Profit": NaN,
        "Operating Income": -2,
        "EBIT": -2,
        "Net Income": -2
    },
    "2013-12-31": {
        "Diluted EPS": 0.0,
        "Total Revenue": NaN,
        "Gross Profit": NaN,
        "Operating Income": NaN,
        "EBIT": NaN,
        "Net Income": NaN
    },
    "2012-12-31": {
        "Diluted EPS": 0.0,
        "Total Revenue": NaN,
        "Gross Profit": NaN,
        "Operating Income": NaN,
        "EBIT": NaN,
        "Net Income": NaN
    },
    "2023-06-30": {
        "Tax Effect Of Unusual Items": NaN,
        "Tax Rate For Calcs": NaN,
        "Normalized EBITDA": NaN,
        "Net Income From Continuing Operation Net Minority Interest": NaN,
        "Reconciled Depreciation": NaN,
        "EBITDA": NaN,
        "EBIT": NaN,
        "Net Interest Income": NaN,
        "Interest Expense": NaN,
        "Interest Income": NaN,
        "Normalized Income": NaN,
        "Net Income From Continuing And Discontinued Operation": NaN,
        "Total Expenses": NaN,
        "Total Operating Income As Reported": NaN,
        "Diluted Average Shares": 129844931.0,
        "Basic Average Shares": 127713486.0,
        "Diluted EPS": 0.36,
        "Basic EPS": 0.36,
        "Diluted NI Availto Com Stockholders": NaN,
        "Net Income Common Stockholders": NaN,
        "Net Income": NaN,
        "Net Income Including Noncontrolling Interests": NaN,
        "Net Income Discontinuous Operations": NaN,
        "Net Income Continuous Operations": NaN,
        "Pretax Income": NaN,
        "Other Income Expense": NaN,
        "Other Non Operating Income Expenses": NaN,
        "Net Non Operating Interest Income Expense": NaN,
        "Interest Expense Non Operating": NaN,
        "Interest Income Non Operating": NaN,
        "Operating Income": NaN,
        "Operating Expense": NaN,
        "Other Operating Expenses": 2106000.0,
        "Research And Development": NaN,
        "Selling General And Administration": NaN,
        "General And Administrative Expense": NaN,
        "Other Gand A": NaN,
        "Salaries And Wages": NaN,
        "Total Revenue": NaN,
        "Operating Revenue": NaN
    },
    "2023-09-30": {
        "Tax Effect Of Unusual Items": 0.0,
        "Tax Rate For Calcs": 0.0,
        "Normalized EBITDA": -39331000.0,
        "Net Income From Continuing Operation Net Minority Interest": -41015000.0,
        "Reconciled Depreciation": 1684000.0,
        "EBITDA": -39331000.0,
        "EBIT": -41015000.0,
        "Net Interest Income": 2572000.0,
        "Interest Expense": 0.0,
        "Interest Income": 2572000.0,
        "Normalized Income": -41015000.0,
        "Net Income From Continuing And Discontinued Operation": -47854000.0,
        "Total Expenses": 44586000.0,
        "Total Operating Income As Reported": -44586000.0,
        "Diluted Average Shares": 128289871.0,
        "Basic Average Shares": 128289871.0,
        "Diluted EPS": -0.37,
        "Basic EPS": -0.37,
        "Diluted NI Availto Com Stockholders": -47854000.0,
        "Net Income Common Stockholders": -47854000.0,
        "Net Income": -47854000.0,
        "Net Income Including Noncontrolling Interests": -47854000.0,
        "Net Income Discontinuous Operations": -6839000.0,
        "Net Income Continuous Operations": -41015000.0,
        "Pretax Income": -41015000.0,
        "Other Income Expense": 999000.0,
        "Other Non Operating Income Expenses": 999000.0,
        "Net Non Operating Interest Income Expense": 2572000.0,
        "Interest Expense Non Operating": 0.0,
        "Interest Income Non Operating": 2572000.0,
        "Operating Income": -44586000.0,
        "Operating Expense": 44586000.0,
        "Other Operating Expenses": -519000.0,
        "Research And Development": 25154000.0,
        "Selling General And Administration": 19432000.0,
        "General And Administrative Expense": 19432000.0,
        "Other Gand A": 10502000.0,
        "Salaries And Wages": 8930000.0,
        "Total Revenue": 0.0,
        "Operating Revenue": 0.0
    },
    "2023-12-31": {
        "Tax Effect Of Unusual Items": 0.0,
        "Tax Rate For Calcs": 0.0,
        "Normalized EBITDA": -35587000.0,
        "Net Income From Continuing Operation Net Minority Interest": -41248000.0,
        "Reconciled Depreciation": 1632000.0,
        "EBITDA": -35587000.0,
        "EBIT": -37219000.0,
        "Net Interest Income": -2058000.0,
        "Interest Expense": 4029000.0,
        "Interest Income": 1971000.0,
        "Normalized Income": -41248000.0,
        "Net Income From Continuing And Discontinued Operation": -41248000.0,
        "Total Expenses": 39590000.0,
        "Total Operating Income As Reported": -39526000.0,
        "Diluted Average Shares": NaN,
        "Basic Average Shares": NaN,
        "Diluted EPS": NaN,
        "Basic EPS": NaN,
        "Diluted NI Availto Com Stockholders": -41248000.0,
        "Net Income Common Stockholders": -41248000.0,
        "Net Income": -41248000.0,
        "Net Income Including Noncontrolling Interests": -41248000.0,
        "Net Income Discontinuous Operations": NaN,
        "Net Income Continuous Operations": -41248000.0,
        "Pretax Income": -41248000.0,
        "Other Income Expense": 336000.0,
        "Other Non Operating Income Expenses": 336000.0,
        "Net Non Operating Interest Income Expense": -2058000.0,
        "Interest Expense Non Operating": 4029000.0,
        "Interest Income Non Operating": 1971000.0,
        "Operating Income": -39526000.0,
        "Operating Expense": 39590000.0,
        "Other Operating Expenses": -4490000.0,
        "Research And Development": 26846000.0,
        "Selling General And Administration": 17234000.0,
        "General And Administrative Expense": 17234000.0,
        "Other Gand A": 9453000.0,
        "Salaries And Wages": 7781000.0,
        "Total Revenue": 64000.0,
        "Operating Revenue": 64000.0
    },
    "2024-03-31": {
        "Tax Effect Of Unusual Items": 0.0,
        "Tax Rate For Calcs": 0.0,
        "Normalized EBITDA": -33911000.0,
        "Net Income From Continuing Operation Net Minority Interest": -40133000.0,
        "Reconciled Depreciation": 1559000.0,
        "EBITDA": -33911000.0,
        "EBIT": -35470000.0,
        "Net Interest Income": -3015000.0,
        "Interest Expense": 4663000.0,
        "Interest Income": 1648000.0,
        "Normalized Income": -40133000.0,
        "Net Income From Continuing And Discontinued Operation": -40133000.0,
        "Total Expenses": 39586000.0,
        "Total Operating Income As Reported": -39586000.0,
        "Diluted Average Shares": 146101581.0,
        "Basic Average Shares": 146101581.0,
        "Diluted EPS": -0.27,
        "Basic EPS": -0.27,
        "Diluted NI Availto Com Stockholders": -40133000.0,
        "Net Income Common Stockholders": -40133000.0,
        "Net Income": -40133000.0,
        "Net Income Including Noncontrolling Interests": -40133000.0,
        "Net Income Discontinuous Operations": NaN,
        "Net Income Continuous Operations": -40133000.0,
        "Pretax Income": -40133000.0,
        "Other Income Expense": 2468000.0,
        "Other Non Operating Income Expenses": 2468000.0,
        "Net Non Operating Interest Income Expense": -3015000.0,
        "Interest Expense Non Operating": 4663000.0,
        "Interest Income Non Operating": 1648000.0,
        "Operating Income": -39586000.0,
        "Operating Expense": 39586000.0,
        "Other Operating Expenses": 2418000.0,
        "Research And Development": 21702000.0,
        "Selling General And Administration": 15466000.0,
        "General And Administrative Expense": 15466000.0,
        "Other Gand A": 8702000.0,
        "Salaries And Wages": 6764000.0,
        "Total Revenue": 0.0,
        "Operating Revenue": 0.0
    },
    "2024-06-30": {
        "Tax Effect Of Unusual Items": 0.0,
        "Tax Rate For Calcs": 0.0,
        "Normalized EBITDA": -28003000.0,
        "Net Income From Continuing Operation Net Minority Interest": -32870000.0,
        "Reconciled Depreciation": 1420000.0,
        "EBITDA": -28003000.0,
        "EBIT": -29423000.0,
        "Net Interest Income": -2217000.0,
        "Interest Expense": 3447000.0,
        "Interest Income": 1230000.0,
        "Normalized Income": -32870000.0,
        "Net Income From Continuing And Discontinued Operation": -32870000.0,
        "Total Expenses": 31345000.0,
        "Total Operating Income As Reported": -31345000.0,
        "Diluted Average Shares": 151514597.0,
        "Basic Average Shares": 151514597.0,
        "Diluted EPS": -0.22,
        "Basic EPS": -0.22,
        "Diluted NI Availto Com Stockholders": -32870000.0,
        "Net Income Common Stockholders": -32870000.0,
        "Net Income": -32870000.0,
        "Net Income Including Noncontrolling Interests": -32870000.0,
        "Net Income Discontinuous Operations": NaN,
        "Net Income Continuous Operations": -32870000.0,
        "Pretax Income": -32870000.0,
        "Other Income Expense": 692000.0,
        "Other Non Operating Income Expenses": 692000.0,
        "Net Non Operating Interest Income Expense": -2217000.0,
        "Interest Expense Non Operating": 3447000.0,
        "Interest Income Non Operating": 1230000.0,
        "Operating Income": -31345000.0,
        "Operating Expense": 31345000.0,
        "Other Operating Expenses": -2589000.0,
        "Research And Development": 17875000.0,
        "Selling General And Administration": 16059000.0,
        "General And Administrative Expense": 16059000.0,
        "Other Gand A": 10241000.0,
        "Salaries And Wages": 5818000.0,
        "Total Revenue": 0.0,
        "Operating Revenue": 0.0
    },
    "2024-09-30": {
        "Tax Effect Of Unusual Items": 0.0,
        "Tax Rate For Calcs": 0.0,
        "Normalized EBITDA": -49631000.0,
        "Net Income From Continuing Operation Net Minority Interest": -51035000.0,
        "Reconciled Depreciation": 1404000.0,
        "EBITDA": -49631000.0,
        "EBIT": -51035000.0,
        "Net Interest Income": 652000.0,
        "Interest Expense": 0.0,
        "Interest Income": 652000.0,
        "Normalized Income": -51035000.0,
        "Net Income From Continuing And Discontinued Operation": 88776000.0,
        "Total Expenses": 29170000.0,
        "Total Operating Income As Reported": -29170000.0,
        "Diluted Average Shares": 152648238.0,
        "Basic Average Shares": 152648238.0,
        "Diluted EPS": 0.58,
        "Basic EPS": 0.58,
        "Diluted NI Availto Com Stockholders": 88776000.0,
        "Net Income Common Stockholders": 88776000.0,
        "Net Income": 88776000.0,
        "Net Income Including Noncontrolling Interests": 88776000.0,
        "Net Income Discontinuous Operations": 139811000.0,
        "Net Income Continuous Operations": -51035000.0,
        "Pretax Income": -51035000.0,
        "Other Income Expense": -22517000.0,
        "Other Non Operating Income Expenses": -22517000.0,
        "Net Non Operating Interest Income Expense": 652000.0,
        "Interest Expense Non Operating": 0.0,
        "Interest Income Non Operating": 652000.0,
        "Operating Income": -29170000.0,
        "Operating Expense": 29170000.0,
        "Other Operating Expenses": NaN,
        "Research And Development": 16460000.0,
        "Selling General And Administration": 12710000.0,
        "General And Administrative Expense": 12710000.0,
        "Other Gand A": 7114000.0,
        "Salaries And Wages": 5596000.0,
        "Total Revenue": 0.0,
        "Operating Revenue": 0.0
    }
}