{
    "2023-03-31": {
        "Tax Effect Of Unusual Items": NaN,
        "Tax Rate For Calcs": NaN,
        "Normalized EBITDA": NaN,
        "Total Unusual Items": NaN,
        "Total Unusual Items Excluding Goodwill": NaN,
        "Net Income From Continuing Operation Net Minority Interest": NaN,
        "Reconciled Depreciation": NaN,
        "Reconciled Cost Of Revenue": NaN,
        "EBITDA": NaN,
        "EBIT": NaN,
        "Net Interest Income": NaN,
        "Interest Expense": NaN,
        "Normalized Income": NaN,
        "Net Income From Continuing And Discontinued Operation": NaN,
        "Total Expenses": NaN,
        "Total Operating Income As Reported": NaN,
        "Diluted Average Shares": NaN,
        "Basic Average Shares": NaN,
        "Diluted EPS": NaN,
        "Basic EPS": NaN,
        "Diluted NI Availto Com Stockholders": NaN,
        "Net Income Common Stockholders": NaN,
        "Net Income": NaN,
        "Minority Interests": 0.0,
        "Net Income Including Noncontrolling Interests": NaN,
        "Net Income Discontinuous Operations": 0.0,
        "Net Income Continuous Operations": NaN,
        "Tax Provision": NaN,
        "Pretax Income": NaN,
        "Other Income Expense": NaN,
        "Special Income Charges": NaN,
        "Gain On Sale Of Business": NaN,
        "Impairment Of Capital Assets": NaN,
        "Restructuring And Mergern Acquisition": NaN,
        "Earnings From Equity Interest": NaN,
        "Gain On Sale Of Security": NaN,
        "Net Non Operating Interest Income Expense": NaN,
        "Interest Expense Non Operating": NaN,
        "Operating Income": NaN,
        "Operating Expense": NaN,
        "Depreciation Amortization Depletion Income Statement": NaN,
        "Depreciation And Amortization In Income Statement": NaN,
        "Selling General And Administration": NaN,
        "General And Administrative Expense": NaN,
        "Other Gand A": NaN,
        "Gross Profit": NaN,
        "Cost Of Revenue": NaN,
        "Total Revenue": NaN,
        "Operating Revenue": NaN
    },
    "2022-12-31": {
        "Tax Effect Of Unusual Items": NaN,
        "Tax Rate For Calcs": NaN,
        "Normalized EBITDA": NaN,
        "Total Unusual Items": NaN,
        "Total Unusual Items Excluding Goodwill": NaN,
        "Net Income From Continuing Operation Net Minority Interest": NaN,
        "Reconciled Depreciation": NaN,
        "Reconciled Cost Of Revenue": NaN,
        "EBITDA": NaN,
        "EBIT": NaN,
        "Net Interest Income": NaN,
        "Interest Expense": NaN,
        "Normalized Income": NaN,
        "Net Income From Continuing And Discontinued Operation": NaN,
        "Total Expenses": NaN,
        "Total Operating Income As Reported": NaN,
        "Diluted Average Shares": NaN,
        "Basic Average Shares": NaN,
        "Diluted EPS": NaN,
        "Basic EPS": NaN,
        "Diluted NI Availto Com Stockholders": NaN,
        "Net Income Common Stockholders": NaN,
        "Net Income": NaN,
        "Minority Interests": 0.0,
        "Net Income Including Noncontrolling Interests": NaN,
        "Net Income Discontinuous Operations": 5659000.0,
        "Net Income Continuous Operations": NaN,
        "Tax Provision": NaN,
        "Pretax Income": NaN,
        "Other Income Expense": NaN,
        "Special Income Charges": NaN,
        "Gain On Sale Of Ppe": 0.0,
        "Gain On Sale Of Business": NaN,
        "Other Special Charges": 0.0,
        "Impairment Of Capital Assets": NaN,
        "Restructuring And Mergern Acquisition": NaN,
        "Earnings From Equity Interest": NaN,
        "Gain On Sale Of Security": NaN,
        "Net Non Operating Interest Income Expense": NaN,
        "Interest Expense Non Operating": NaN,
        "Operating Income": NaN,
        "Operating Expense": NaN,
        "Depreciation Amortization Depletion Income Statement": NaN,
        "Depreciation And Amortization In Income Statement": NaN,
        "Selling General And Administration": NaN,
        "General And Administrative Expense": NaN,
        "Other Gand A": NaN,
        "Gross Profit": NaN,
        "Cost Of Revenue": NaN,
        "Total Revenue": NaN,
        "Operating Revenue": NaN
    },
    "2022-09-30": {
        "Tax Effect Of Unusual Items": NaN,
        "Tax Rate For Calcs": NaN,
        "Normalized EBITDA": NaN,
        "Total Unusual Items": NaN,
        "Total Unusual Items Excluding Goodwill": NaN,
        "Net Income From Continuing Operation Net Minority Interest": NaN,
        "Reconciled Depreciation": NaN,
        "Reconciled Cost Of Revenue": NaN,
        "EBITDA": NaN,
        "EBIT": NaN,
        "Net Interest Income": NaN,
        "Interest Expense": NaN,
        "Normalized Income": NaN,
        "Net Income From Continuing And Discontinued Operation": NaN,
        "Total Expenses": NaN,
        "Total Operating Income As Reported": NaN,
        "Diluted Average Shares": NaN,
        "Basic Average Shares": NaN,
        "Diluted EPS": NaN,
        "Basic EPS": NaN,
        "Diluted NI Availto Com Stockholders": NaN,
        "Net Income Common Stockholders": NaN,
        "Net Income": NaN,
        "Minority Interests": NaN,
        "Net Income Including Noncontrolling Interests": NaN,
        "Net Income Discontinuous Operations": NaN,
        "Net Income Continuous Operations": NaN,
        "Tax Provision": NaN,
        "Pretax Income": NaN,
        "Other Income Expense": NaN,
        "Special Income Charges": NaN,
        "Gain On Sale Of Ppe": 0.0,
        "Other Special Charges": NaN,
        "Restructuring And Mergern Acquisition": NaN,
        "Earnings From Equity Interest": NaN,
        "Gain On Sale Of Security": NaN,
        "Net Non Operating Interest Income Expense": NaN,
        "Interest Expense Non Operating": NaN,
        "Operating Income": NaN,
        "Operating Expense": NaN,
        "Depreciation Amortization Depletion Income Statement": NaN,
        "Depreciation And Amortization In Income Statement": NaN,
        "Selling General And Administration": NaN,
        "General And Administrative Expense": NaN,
        "Other Gand A": NaN,
        "Gross Profit": NaN,
        "Cost Of Revenue": NaN,
        "Total Revenue": NaN,
        "Operating Revenue": NaN
    },
    "2022-06-30": {
        "Tax Effect Of Unusual Items": -1287849.046081,
        "Tax Rate For Calcs": 0.286571,
        "Normalized EBITDA": 64711000.0,
        "Total Unusual Items": -4494000.0,
        "Total Unusual Items Excluding Goodwill": -4494000.0,
        "Net Income From Continuing Operation Net Minority Interest": 30701000.0,
        "Reconciled Depreciation": 8775000.0,
        "Reconciled Cost Of Revenue": 360600000.0,
        "EBITDA": 60217000.0,
        "EBIT": 51442000.0,
        "Net Interest Income": -8409000.0,
        "Interest Expense": 8409000.0,
        "Normalized Income": 33907150.953919,
        "Net Income From Continuing And Discontinued Operation": 27136000.0,
        "Total Expenses": 430540000.0,
        "Total Operating Income As Reported": 50155000.0,
        "Diluted Average Shares": 85619000.0,
        "Basic Average Shares": 85078000.0,
        "Diluted EPS": 0.32,
        "Basic EPS": 0.32,
        "Diluted NI Availto Com Stockholders": 27136000.0,
        "Net Income Common Stockholders": 27136000.0,
        "Net Income": 27136000.0,
        "Minority Interests": 0.0,
        "Net Income Including Noncontrolling Interests": 27136000.0,
        "Net Income Discontinuous Operations": -3565000.0,
        "Net Income Continuous Operations": 30701000.0,
        "Tax Provision": 12332000.0,
        "Pretax Income": 43033000.0,
        "Other Income Expense": -4051000.0,
        "Special Income Charges": -5338000.0,
        "Gain On Sale Of Ppe": 0.0,
        "Other Special Charges": NaN,
        "Restructuring And Mergern Acquisition": 5338000.0,
        "Earnings From Equity Interest": 443000.0,
        "Gain On Sale Of Security": 844000.0,
        "Net Non Operating Interest Income Expense": -8409000.0,
        "Interest Expense Non Operating": 8409000.0,
        "Operating Income": 55493000.0,
        "Operating Expense": 69940000.0,
        "Depreciation Amortization Depletion Income Statement": 8775000.0,
        "Depreciation And Amortization In Income Statement": 8775000.0,
        "Selling General And Administration": 61165000.0,
        "General And Administrative Expense": 61165000.0,
        "Other Gand A": 61165000.0,
        "Gross Profit": 125433000.0,
        "Cost Of Revenue": 360600000.0,
        "Total Revenue": 486033000.0,
        "Operating Revenue": 486033000.0
    },
    "2023-06-30": {
        "Tax Effect Of Unusual Items": NaN,
        "Tax Rate For Calcs": NaN,
        "Normalized EBITDA": NaN,
        "Total Unusual Items": NaN,
        "Total Unusual Items Excluding Goodwill": NaN,
        "Net Income From Continuing Operation Net Minority Interest": NaN,
        "Reconciled Depreciation": NaN,
        "Reconciled Cost Of Revenue": NaN,
        "EBITDA": NaN,
        "EBIT": NaN,
        "Net Interest Income": NaN,
        "Interest Expense": NaN,
        "Normalized Income": NaN,
        "Net Income From Continuing And Discontinued Operation": NaN,
        "Total Expenses": NaN,
        "Total Operating Income As Reported": NaN,
        "Diluted Average Shares": NaN,
        "Basic Average Shares": NaN,
        "Diluted EPS": NaN,
        "Basic EPS": NaN,
        "Diluted NI Availto Com Stockholders": NaN,
        "Net Income Common Stockholders": NaN,
        "Net Income": NaN,
        "Minority Interests": 0.0,
        "Net Income Including Noncontrolling Interests": NaN,
        "Net Income Discontinuous Operations": 0.0,
        "Net Income Continuous Operations": NaN,
        "Tax Provision": NaN,
        "Pretax Income": NaN,
        "Other Income Expense": NaN,
        "Special Income Charges": NaN,
        "Gain On Sale Of Business": 0.0,
        "Impairment Of Capital Assets": 0.0,
        "Restructuring And Mergern Acquisition": NaN,
        "Earnings From Equity Interest": NaN,
        "Gain On Sale Of Security": NaN,
        "Net Non Operating Interest Income Expense": NaN,
        "Interest Expense Non Operating": NaN,
        "Operating Income": NaN,
        "Operating Expense": NaN,
        "Depreciation Amortization Depletion Income Statement": NaN,
        "Depreciation And Amortization In Income Statement": NaN,
        "Selling General And Administration": NaN,
        "General And Administrative Expense": NaN,
        "Other Gand A": NaN,
        "Gross Profit": NaN,
        "Cost Of Revenue": NaN,
        "Total Revenue": NaN,
        "Operating Revenue": NaN
    },
    "2023-09-30": {
        "Tax Effect Of Unusual Items": NaN,
        "Tax Rate For Calcs": NaN,
        "Normalized EBITDA": NaN,
        "Total Unusual Items": NaN,
        "Total Unusual Items Excluding Goodwill": NaN,
        "Net Income From Continuing Operation Net Minority Interest": NaN,
        "Reconciled Depreciation": NaN,
        "Reconciled Cost Of Revenue": NaN,
        "EBITDA": NaN,
        "EBIT": NaN,
        "Net Interest Income": NaN,
        "Interest Expense": NaN,
        "Normalized Income": NaN,
        "Net Income From Continuing And Discontinued Operation": NaN,
        "Total Expenses": NaN,
        "Total Operating Income As Reported": NaN,
        "Diluted Average Shares": NaN,
        "Basic Average Shares": NaN,
        "Diluted EPS": NaN,
        "Basic EPS": NaN,
        "Diluted NI Availto Com Stockholders": NaN,
        "Net Income Common Stockholders": NaN,
        "Net Income": NaN,
        "Minority Interests": 0.0,
        "Net Income Including Noncontrolling Interests": NaN,
        "Net Income Discontinuous Operations": 0.0,
        "Net Income Continuous Operations": NaN,
        "Tax Provision": NaN,
        "Pretax Income": NaN,
        "Other Income Expense": NaN,
        "Special Income Charges": NaN,
        "Gain On Sale Of Business": 0.0,
        "Impairment Of Capital Assets": 0.0,
        "Restructuring And Mergern Acquisition": NaN,
        "Earnings From Equity Interest": NaN,
        "Gain On Sale Of Security": NaN,
        "Net Non Operating Interest Income Expense": NaN,
        "Interest Expense Non Operating": NaN,
        "Operating Income": NaN,
        "Operating Expense": NaN,
        "Depreciation Amortization Depletion Income Statement": NaN,
        "Depreciation And Amortization In Income Statement": NaN,
        "Selling General And Administration": NaN,
        "General And Administrative Expense": NaN,
        "Other Gand A": NaN,
        "Gross Profit": NaN,
        "Cost Of Revenue": NaN,
        "Total Revenue": NaN,
        "Operating Revenue": NaN
    },
    "2023-12-31": {
        "Tax Effect Of Unusual Items": NaN,
        "Tax Rate For Calcs": NaN,
        "Normalized EBITDA": NaN,
        "Total Unusual Items": NaN,
        "Total Unusual Items Excluding Goodwill": NaN,
        "Net Income From Continuing Operation Net Minority Interest": NaN,
        "Reconciled Depreciation": NaN,
        "Reconciled Cost Of Revenue": NaN,
        "EBITDA": NaN,
        "EBIT": NaN,
        "Net Interest Income": NaN,
        "Interest Expense": NaN,
        "Normalized Income": NaN,
        "Net Income From Continuing And Discontinued Operation": NaN,
        "Total Expenses": NaN,
        "Total Operating Income As Reported": NaN,
        "Diluted Average Shares": NaN,
        "Basic Average Shares": NaN,
        "Diluted EPS": NaN,
        "Basic EPS": NaN,
        "Diluted NI Availto Com Stockholders": NaN,
        "Net Income Common Stockholders": NaN,
        "Net Income": NaN,
        "Minority Interests": 0.0,
        "Net Income Including Noncontrolling Interests": NaN,
        "Net Income Discontinuous Operations": 0.0,
        "Net Income Continuous Operations": NaN,
        "Tax Provision": NaN,
        "Pretax Income": NaN,
        "Other Income Expense": NaN,
        "Special Income Charges": NaN,
        "Gain On Sale Of Business": NaN,
        "Impairment Of Capital Assets": NaN,
        "Restructuring And Mergern Acquisition": NaN,
        "Earnings From Equity Interest": NaN,
        "Gain On Sale Of Security": NaN,
        "Net Non Operating Interest Income Expense": NaN,
        "Interest Expense Non Operating": NaN,
        "Operating Income": NaN,
        "Operating Expense": NaN,
        "Depreciation Amortization Depletion Income Statement": NaN,
        "Depreciation And Amortization In Income Statement": NaN,
        "Selling General And Administration": NaN,
        "General And Administrative Expense": NaN,
        "Other Gand A": NaN,
        "Gross Profit": NaN,
        "Cost Of Revenue": NaN,
        "Total Revenue": NaN,
        "Operating Revenue": NaN
    },
    "2024-03-31": {
        "Tax Effect Of Unusual Items": -1358070.0,
        "Tax Rate For Calcs": 0.21,
        "Normalized EBITDA": 35198000.0,
        "Total Unusual Items": -6467000.0,
        "Total Unusual Items Excluding Goodwill": -6467000.0,
        "Net Income From Continuing Operation Net Minority Interest": 4035000.0,
        "Reconciled Depreciation": 10308000.0,
        "Reconciled Cost Of Revenue": 400223000.0,
        "EBITDA": 28731000.0,
        "EBIT": 18423000.0,
        "Net Interest Income": -10599000.0,
        "Interest Expense": 10599000.0,
        "Normalized Income": 9143930.0,
        "Net Income From Continuing And Discontinued Operation": 4035000.0,
        "Total Expenses": 470729000.0,
        "Total Operating Income As Reported": 15892000.0,
        "Diluted Average Shares": 83275000.0,
        "Basic Average Shares": 82863000.0,
        "Diluted EPS": 0.05,
        "Basic EPS": 0.05,
        "Diluted NI Availto Com Stockholders": 4035000.0,
        "Net Income Common Stockholders": 4035000.0,
        "Net Income": 4035000.0,
        "Minority Interests": NaN,
        "Net Income Including Noncontrolling Interests": 4035000.0,
        "Net Income Discontinuous Operations": NaN,
        "Net Income Continuous Operations": 4035000.0,
        "Tax Provision": 3789000.0,
        "Pretax Income": 7824000.0,
        "Other Income Expense": -5949000.0,
        "Special Income Charges": -8480000.0,
        "Gain On Sale Of Business": NaN,
        "Impairment Of Capital Assets": NaN,
        "Restructuring And Mergern Acquisition": 8480000.0,
        "Earnings From Equity Interest": 518000.0,
        "Gain On Sale Of Security": 2013000.0,
        "Net Non Operating Interest Income Expense": -10599000.0,
        "Interest Expense Non Operating": 10599000.0,
        "Operating Income": 24372000.0,
        "Operating Expense": 70506000.0,
        "Depreciation Amortization Depletion Income Statement": 10308000.0,
        "Depreciation And Amortization In Income Statement": 10308000.0,
        "Selling General And Administration": 60198000.0,
        "General And Administrative Expense": 60198000.0,
        "Other Gand A": 60198000.0,
        "Gross Profit": 94878000.0,
        "Cost Of Revenue": 400223000.0,
        "Total Revenue": 495101000.0,
        "Operating Revenue": 493634000.0
    },
    "2024-06-30": {
        "Tax Effect Of Unusual Items": -18184936.0,
        "Tax Rate For Calcs": 0.088,
        "Normalized EBITDA": 58018000.0,
        "Total Unusual Items": -206647000.0,
        "Total Unusual Items Excluding Goodwill": -206647000.0,
        "Net Income From Continuing Operation Net Minority Interest": -153025000.0,
        "Reconciled Depreciation": 8791000.0,
        "Reconciled Cost Of Revenue": 390177000.0,
        "EBITDA": -148629000.0,
        "EBIT": -157420000.0,
        "Net Interest Income": -10308000.0,
        "Interest Expense": 10308000.0,
        "Normalized Income": 35437064.0,
        "Net Income From Continuing And Discontinued Operation": -153025000.0,
        "Total Expenses": 455533000.0,
        "Total Operating Income As Reported": -157723000.0,
        "Diluted Average Shares": 83332000.0,
        "Basic Average Shares": 83332000.0,
        "Diluted EPS": -1.84,
        "Basic EPS": -1.84,
        "Diluted NI Availto Com Stockholders": -153025000.0,
        "Net Income Common Stockholders": -153025000.0,
        "Net Income": -153025000.0,
        "Minority Interests": NaN,
        "Net Income Including Noncontrolling Interests": -153025000.0,
        "Net Income Discontinuous Operations": NaN,
        "Net Income Continuous Operations": -153025000.0,
        "Tax Provision": -14703000.0,
        "Pretax Income": -167728000.0,
        "Other Income Expense": -206183000.0,
        "Special Income Charges": -206486000.0,
        "Gain On Sale Of Business": -10873000.0,
        "Impairment Of Capital Assets": 182034000.0,
        "Restructuring And Mergern Acquisition": 13579000.0,
        "Earnings From Equity Interest": 464000.0,
        "Gain On Sale Of Security": -161000.0,
        "Net Non Operating Interest Income Expense": -10308000.0,
        "Interest Expense Non Operating": 10308000.0,
        "Operating Income": 48763000.0,
        "Operating Expense": 65356000.0,
        "Depreciation Amortization Depletion Income Statement": 8791000.0,
        "Depreciation And Amortization In Income Statement": 8791000.0,
        "Selling General And Administration": 56565000.0,
        "General And Administrative Expense": 56565000.0,
        "Other Gand A": 56565000.0,
        "Gross Profit": 114119000.0,
        "Cost Of Revenue": 390177000.0,
        "Total Revenue": 504296000.0,
        "Operating Revenue": 503760000.0
    },
    "2024-09-30": {
        "Tax Effect Of Unusual Items": -4031900.0,
        "Tax Rate For Calcs": 0.23,
        "Normalized EBITDA": 59145000.0,
        "Total Unusual Items": -17530000.0,
        "Total Unusual Items Excluding Goodwill": -17530000.0,
        "Net Income From Continuing Operation Net Minority Interest": 19441000.0,
        "Reconciled Depreciation": 6254000.0,
        "Reconciled Cost Of Revenue": 394337000.0,
        "EBITDA": 41615000.0,
        "EBIT": 35361000.0,
        "Net Interest Income": -10126000.0,
        "Interest Expense": 10126000.0,
        "Normalized Income": 32939100.0,
        "Net Income From Continuing And Discontinued Operation": 19441000.0,
        "Total Expenses": 458712000.0,
        "Total Operating Income As Reported": 33827000.0,
        "Diluted Average Shares": 84523000.0,
        "Basic Average Shares": 83891000.0,
        "Diluted EPS": 0.23,
        "Basic EPS": 0.23,
        "Diluted NI Availto Com Stockholders": 19441000.0,
        "Net Income Common Stockholders": 19441000.0,
        "Net Income": 19441000.0,
        "Minority Interests": NaN,
        "Net Income Including Noncontrolling Interests": 19441000.0,
        "Net Income Discontinuous Operations": NaN,
        "Net Income Continuous Operations": 19441000.0,
        "Tax Provision": 5794000.0,
        "Pretax Income": 25235000.0,
        "Other Income Expense": -17085000.0,
        "Special Income Charges": -18619000.0,
        "Gain On Sale Of Business": -59000.0,
        "Impairment Of Capital Assets": 0.0,
        "Restructuring And Mergern Acquisition": 18560000.0,
        "Earnings From Equity Interest": 445000.0,
        "Gain On Sale Of Security": 1089000.0,
        "Net Non Operating Interest Income Expense": -10126000.0,
        "Interest Expense Non Operating": 10126000.0,
        "Operating Income": 52446000.0,
        "Operating Expense": 64375000.0,
        "Depreciation Amortization Depletion Income Statement": 6254000.0,
        "Depreciation And Amortization In Income Statement": 6254000.0,
        "Selling General And Administration": 58121000.0,
        "General And Administrative Expense": 58121000.0,
        "Other Gand A": 58121000.0,
        "Gross Profit": 116821000.0,
        "Cost Of Revenue": 394337000.0,
        "Total Revenue": 511158000.0,
        "Operating Revenue": 511088000.0
    },
    "2024-12-31": {
        "Tax Effect Of Unusual Items": -1365464.234277,
        "Tax Rate For Calcs": 0.085454,
        "Normalized EBITDA": 65890000.0,
        "Total Unusual Items": -15979000.0,
        "Total Unusual Items Excluding Goodwill": -15979000.0,
        "Net Income From Continuing Operation Net Minority Interest": 30480000.0,
        "Reconciled Depreciation": 6873000.0,
        "Reconciled Cost Of Revenue": 373838000.0,
        "EBITDA": 49911000.0,
        "EBIT": 43038000.0,
        "Net Interest Income": -9710000.0,
        "Interest Expense": 9710000.0,
        "Normalized Income": 45093535.765723,
        "Net Income From Continuing And Discontinued Operation": 30480000.0,
        "Total Expenses": 444264000.0,
        "Total Operating Income As Reported": 39291000.0,
        "Diluted Average Shares": 85866000.0,
        "Basic Average Shares": 85866000.0,
        "Diluted EPS": 0.354972,
        "Basic EPS": 0.354972,
        "Diluted NI Availto Com Stockholders": 30480000.0,
        "Net Income Common Stockholders": 30480000.0,
        "Net Income": 30480000.0,
        "Minority Interests": NaN,
        "Net Income Including Noncontrolling Interests": 30480000.0,
        "Net Income Discontinuous Operations": NaN,
        "Net Income Continuous Operations": 30480000.0,
        "Tax Provision": 2848000.0,
        "Pretax Income": 33328000.0,
        "Other Income Expense": -15062000.0,
        "Special Income Charges": -18809000.0,
        "Gain On Sale Of Business": 1233000.0,
        "Impairment Of Capital Assets": -3599000.0,
        "Restructuring And Mergern Acquisition": 23641000.0,
        "Earnings From Equity Interest": 917000.0,
        "Gain On Sale Of Security": 2830000.0,
        "Net Non Operating Interest Income Expense": -9710000.0,
        "Interest Expense Non Operating": 9710000.0,
        "Operating Income": 58100000.0,
        "Operating Expense": 70426000.0,
        "Depreciation Amortization Depletion Income Statement": 6873000.0,
        "Depreciation And Amortization In Income Statement": 6873000.0,
        "Selling General And Administration": 63553000.0,
        "General And Administrative Expense": 63553000.0,
        "Other Gand A": 63553000.0,
        "Gross Profit": 128526000.0,
        "Cost Of Revenue": 373838000.0,
        "Total Revenue": 502364000.0,
        "Operating Revenue": 501806000.0
    },
    "2025-03-31": {
        "Tax Effect Of Unusual Items": -489416.0,
        "Tax Rate For Calcs": 0.262,
        "Normalized EBITDA": 44444000.0,
        "Total Unusual Items": -1868000.0,
        "Total Unusual Items Excluding Goodwill": -1868000.0,
        "Net Income From Continuing Operation Net Minority Interest": 20737000.0,
        "Reconciled Depreciation": 5332000.0,
        "Reconciled Cost Of Revenue": 355717000.0,
        "EBITDA": 42576000.0,
        "EBIT": 37244000.0,
        "Net Interest Income": -9154000.0,
        "Interest Expense": 9154000.0,
        "Normalized Income": 22115584.0,
        "Net Income From Continuing And Discontinued Operation": 20737000.0,
        "Total Expenses": 419653000.0,
        "Total Operating Income As Reported": 32101000.0,
        "Diluted Average Shares": 85810408.0,
        "Basic Average Shares": 85810408.0,
        "Diluted EPS": 0.24,
        "Basic EPS": 0.241661,
        "Diluted NI Availto Com Stockholders": 20737000.0,
        "Net Income Common Stockholders": 20737000.0,
        "Net Income": 20737000.0,
        "Minority Interests": NaN,
        "Net Income Including Noncontrolling Interests": 20737000.0,
        "Net Income Discontinuous Operations": NaN,
        "Net Income Continuous Operations": 20737000.0,
        "Tax Provision": 7353000.0,
        "Pretax Income": 28090000.0,
        "Other Income Expense": -1462000.0,
        "Special Income Charges": -6605000.0,
        "Gain On Sale Of Business": NaN,
        "Impairment Of Capital Assets": NaN,
        "Restructuring And Mergern Acquisition": 6605000.0,
        "Earnings From Equity Interest": 406000.0,
        "Gain On Sale Of Security": 4737000.0,
        "Net Non Operating Interest Income Expense": -9154000.0,
        "Interest Expense Non Operating": 9154000.0,
        "Operating Income": 38706000.0,
        "Operating Expense": 63936000.0,
        "Depreciation Amortization Depletion Income Statement": 5332000.0,
        "Depreciation And Amortization In Income Statement": 5332000.0,
        "Selling General And Administration": 58604000.0,
        "General And Administrative Expense": 58604000.0,
        "Other Gand A": 58604000.0,
        "Gross Profit": 102642000.0,
        "Cost Of Revenue": 355717000.0,
        "Total Revenue": 458359000.0,
        "Operating Revenue": 454562000.0
    },
    "2025-06-30": {
        "Tax Effect Of Unusual Items": -30602.0,
        "Tax Rate For Calcs": 0.286,
        "Normalized EBITDA": 69519000.0,
        "Total Unusual Items": -107000.0,
        "Total Unusual Items Excluding Goodwill": -107000.0,
        "Net Income From Continuing Operation Net Minority Interest": 39260000.0,
        "Reconciled Depreciation": 5313000.0,
        "Reconciled Cost Of Revenue": 344116000.0,
        "EBITDA": 69412000.0,
        "EBIT": 64099000.0,
        "Net Interest Income": -9130000.0,
        "Interest Expense": 9130000.0,
        "Normalized Income": 39336398.0,
        "Net Income From Continuing And Discontinued Operation": 39260000.0,
        "Total Expenses": 405143000.0,
        "Total Operating Income As Reported": 59867000.0,
        "Diluted Average Shares": 86854234.0,
        "Basic Average Shares": 86854234.0,
        "Diluted EPS": 0.452022,
        "Basic EPS": 0.452022,
        "Diluted NI Availto Com Stockholders": 39260000.0,
        "Net Income Common Stockholders": 39260000.0,
        "Net Income": 39260000.0,
        "Minority Interests": NaN,
        "Net Income Including Noncontrolling Interests": 39260000.0,
        "Net Income Discontinuous Operations": NaN,
        "Net Income Continuous Operations": 39260000.0,
        "Tax Provision": 15709000.0,
        "Pretax Income": 54969000.0,
        "Other Income Expense": 398000.0,
        "Special Income Charges": -3834000.0,
        "Gain On Sale Of Business": 0.0,
        "Impairment Of Capital Assets": 0.0,
        "Restructuring And Mergern Acquisition": 3834000.0,
        "Earnings From Equity Interest": 505000.0,
        "Gain On Sale Of Security": 3727000.0,
        "Net Non Operating Interest Income Expense": -9130000.0,
        "Interest Expense Non Operating": 9130000.0,
        "Operating Income": 63701000.0,
        "Operating Expense": 61027000.0,
        "Depreciation Amortization Depletion Income Statement": 5313000.0,
        "Depreciation And Amortization In Income Statement": 5313000.0,
        "Selling General And Administration": 55714000.0,
        "General And Administrative Expense": 55714000.0,
        "Other Gand A": 55714000.0,
        "Gross Profit": 124728000.0,
        "Cost Of Revenue": 344116000.0,
        "Total Revenue": 468844000.0,
        "Operating Revenue": 465634000.0
    }
}