{
    "2023-03-31": {
        "Tax Effect Of Unusual Items": NaN,
        "Tax Rate For Calcs": NaN,
        "Normalized EBITDA": NaN,
        "Net Income From Continuing Operation Net Minority Interest": NaN,
        "Reconciled Depreciation": NaN,
        "Reconciled Cost Of Revenue": NaN,
        "EBITDA": NaN,
        "EBIT": NaN,
        "Net Interest Income": NaN,
        "Interest Expense": NaN,
        "Interest Income": NaN,
        "Normalized Income": NaN,
        "Net Income From Continuing And Discontinued Operation": NaN,
        "Total Expenses": NaN,
        "Total Operating Income As Reported": NaN,
        "Diluted Average Shares": 18187924.0,
        "Basic Average Shares": 18187924.0,
        "Diluted EPS": -4.23,
        "Basic EPS": -4.23,
        "Diluted NI Availto Com Stockholders": NaN,
        "Net Income Common Stockholders": NaN,
        "Net Income": NaN,
        "Net Income Including Noncontrolling Interests": NaN,
        "Net Income Continuous Operations": NaN,
        "Pretax Income": NaN,
        "Net Non Operating Interest Income Expense": NaN,
        "Interest Expense Non Operating": NaN,
        "Interest Income Non Operating": NaN,
        "Operating Income": NaN,
        "Operating Expense": NaN,
        "Research And Development": NaN,
        "Selling General And Administration": NaN,
        "General And Administrative Expense": 16182000.0,
        "Other Gand A": 16182000.0,
        "Gross Profit": NaN,
        "Cost Of Revenue": NaN,
        "Total Revenue": NaN,
        "Operating Revenue": NaN
    },
    "2022-12-31": {
        "Tax Effect Of Unusual Items": NaN,
        "Tax Rate For Calcs": NaN,
        "Normalized EBITDA": NaN,
        "Net Income From Continuing Operation Net Minority Interest": NaN,
        "Reconciled Depreciation": NaN,
        "Reconciled Cost Of Revenue": NaN,
        "EBITDA": NaN,
        "EBIT": NaN,
        "Net Interest Income": NaN,
        "Interest Expense": NaN,
        "Interest Income": NaN,
        "Normalized Income": NaN,
        "Net Income From Continuing And Discontinued Operation": NaN,
        "Total Expenses": NaN,
        "Total Operating Income As Reported": NaN,
        "Diluted Average Shares": NaN,
        "Basic Average Shares": NaN,
        "Diluted EPS": NaN,
        "Basic EPS": NaN,
        "Diluted NI Availto Com Stockholders": NaN,
        "Net Income Common Stockholders": NaN,
        "Net Income": NaN,
        "Net Income Including Noncontrolling Interests": NaN,
        "Net Income Continuous Operations": NaN,
        "Pretax Income": NaN,
        "Net Non Operating Interest Income Expense": NaN,
        "Interest Expense Non Operating": NaN,
        "Interest Income Non Operating": NaN,
        "Operating Income": NaN,
        "Operating Expense": NaN,
        "Research And Development": NaN,
        "Selling General And Administration": NaN,
        "General And Administrative Expense": 14557000.0,
        "Other Gand A": 14557000.0,
        "Gross Profit": NaN,
        "Cost Of Revenue": NaN,
        "Total Revenue": NaN,
        "Operating Revenue": NaN
    },
    "2022-09-30": {
        "Tax Effect Of Unusual Items": 0.0,
        "Tax Rate For Calcs": 0.0,
        "Normalized EBITDA": -79574000.0,
        "Net Income From Continuing Operation Net Minority Interest": -81197000.0,
        "Reconciled Depreciation": 121000.0,
        "EBITDA": -79574000.0,
        "EBIT": -79695000.0,
        "Net Interest Income": -785000.0,
        "Interest Expense": 1502000.0,
        "Interest Income": 717000.0,
        "Normalized Income": -81197000.0,
        "Net Income From Continuing And Discontinued Operation": -81197000.0,
        "Total Expenses": 80412000.0,
        "Total Operating Income As Reported": -80412000.0,
        "Diluted Average Shares": 17103395.0,
        "Basic Average Shares": 17103395.0,
        "Diluted EPS": -4.75,
        "Basic EPS": -4.75,
        "Diluted NI Availto Com Stockholders": -81197000.0,
        "Net Income Common Stockholders": -81197000.0,
        "Net Income": -81197000.0,
        "Net Income Including Noncontrolling Interests": -81197000.0,
        "Net Income Continuous Operations": -81197000.0,
        "Pretax Income": -81197000.0,
        "Net Non Operating Interest Income Expense": -785000.0,
        "Interest Expense Non Operating": 1502000.0,
        "Interest Income Non Operating": 717000.0,
        "Operating Income": -80412000.0,
        "Operating Expense": 80412000.0,
        "Research And Development": 68271000.0,
        "Selling General And Administration": 12141000.0,
        "General And Administrative Expense": 12141000.0,
        "Other Gand A": 12141000.0,
        "Total Revenue": 0.0,
        "Operating Revenue": 0.0
    },
    "2022-06-30": {
        "Tax Effect Of Unusual Items": 0.0,
        "Tax Rate For Calcs": 0.0,
        "Normalized EBITDA": -69840000.0,
        "Net Income From Continuing Operation Net Minority Interest": -70730000.0,
        "Reconciled Depreciation": 110000.0,
        "EBITDA": -69840000.0,
        "EBIT": -69950000.0,
        "Net Interest Income": -457000.0,
        "Interest Expense": 780000.0,
        "Interest Income": 323000.0,
        "Normalized Income": -70730000.0,
        "Net Income From Continuing And Discontinued Operation": -70730000.0,
        "Total Expenses": 70273000.0,
        "Total Operating Income As Reported": -70273000.0,
        "Diluted Average Shares": 17103395.0,
        "Basic Average Shares": 17103395.0,
        "Diluted EPS": -4.14,
        "Basic EPS": -4.14,
        "Diluted NI Availto Com Stockholders": -70730000.0,
        "Net Income Common Stockholders": -70730000.0,
        "Net Income": -70730000.0,
        "Net Income Including Noncontrolling Interests": -70730000.0,
        "Net Income Continuous Operations": -70730000.0,
        "Pretax Income": -70730000.0,
        "Net Non Operating Interest Income Expense": -457000.0,
        "Interest Expense Non Operating": 780000.0,
        "Interest Income Non Operating": 323000.0,
        "Operating Income": -70273000.0,
        "Operating Expense": 70273000.0,
        "Research And Development": 58499000.0,
        "Selling General And Administration": 11774000.0,
        "General And Administrative Expense": 11774000.0,
        "Other Gand A": 11774000.0,
        "Total Revenue": 0.0,
        "Operating Revenue": 0.0
    },
    "2022-03-31": {
        "Diluted EPS": -3.36,
        "Total Revenue": NaN,
        "Gross Profit": NaN,
        "Operating Income": -58,
        "EBIT": -57,
        "Net Income": -58
    },
    "2021-12-31": {
        "Diluted EPS": -3.8,
        "Total Revenue": NaN,
        "Gross Profit": NaN,
        "Operating Income": -65,
        "EBIT": -64,
        "Net Income": -65
    },
    "2021-09-30": {
        "Diluted EPS": -3.79,
        "Total Revenue": NaN,
        "Gross Profit": NaN,
        "Operating Income": -63,
        "EBIT": -63,
        "Net Income": -63
    },
    "2021-06-30": {
        "Diluted EPS": -3.72,
        "Total Revenue": NaN,
        "Gross Profit": NaN,
        "Operating Income": -62,
        "EBIT": -62,
        "Net Income": -62
    },
    "2021-03-31": {
        "Diluted EPS": -3.32,
        "Total Revenue": NaN,
        "Gross Profit": NaN,
        "Operating Income": -53,
        "EBIT": -53,
        "Net Income": -53
    },
    "2020-12-31": {
        "Diluted EPS": -3.82,
        "Total Revenue": NaN,
        "Gross Profit": NaN,
        "Operating Income": -60,
        "EBIT": -59,
        "Net Income": -59
    },
    "2020-09-30": {
        "Diluted EPS": -3.75,
        "Total Revenue": NaN,
        "Gross Profit": NaN,
        "Operating Income": -59,
        "EBIT": -59,
        "Net Income": -58
    },
    "2020-06-30": {
        "Diluted EPS": -3.18,
        "Total Revenue": NaN,
        "Gross Profit": NaN,
        "Operating Income": -50,
        "EBIT": -50,
        "Net Income": -49
    },
    "2020-03-31": {
        "Diluted EPS": -2.34,
        "Total Revenue": NaN,
        "Gross Profit": NaN,
        "Operating Income": -38,
        "EBIT": -38,
        "Net Income": -36
    },
    "2019-12-31": {
        "Diluted EPS": -1.8,
        "Total Revenue": NaN,
        "Gross Profit": NaN,
        "Operating Income": -30,
        "EBIT": -30,
        "Net Income": -28
    },
    "2019-09-30": {
        "Diluted EPS": -1.39,
        "Total Revenue": NaN,
        "Gross Profit": NaN,
        "Operating Income": -24,
        "EBIT": -24,
        "Net Income": -21
    },
    "2019-06-30": {
        "Diluted EPS": -1.28,
        "Total Revenue": NaN,
        "Gross Profit": NaN,
        "Operating Income": -23,
        "EBIT": -23,
        "Net Income": -20
    },
    "2019-03-31": {
        "Diluted EPS": -0.98,
        "Total Revenue": NaN,
        "Gross Profit": NaN,
        "Operating Income": -18,
        "EBIT": -18,
        "Net Income": -15
    },
    "2018-12-31": {
        "Diluted EPS": -0.76,
        "Total Revenue": NaN,
        "Gross Profit": NaN,
        "Operating Income": -14,
        "EBIT": -14,
        "Net Income": -11
    },
    "2018-09-30": {
        "Diluted EPS": -0.56,
        "Total Revenue": NaN,
        "Gross Profit": NaN,
        "Operating Income": -11,
        "EBIT": -11,
        "Net Income": -9
    },
    "2018-06-30": {
        "Diluted EPS": -0.45,
        "Total Revenue": NaN,
        "Gross Profit": NaN,
        "Operating Income": -8,
        "EBIT": -8,
        "Net Income": -6
    },
    "2018-03-31": {
        "Diluted EPS": -0.45,
        "Total Revenue": NaN,
        "Gross Profit": NaN,
        "Operating Income": -7,
        "EBIT": -7,
        "Net Income": -6
    },
    "2017-12-31": {
        "Diluted EPS": -0.67,
        "Total Revenue": NaN,
        "Gross Profit": NaN,
        "Operating Income": -9,
        "EBIT": -9,
        "Net Income": -8
    },
    "2017-09-30": {
        "Diluted EPS": -0.68,
        "Total Revenue": NaN,
        "Gross Profit": NaN,
        "Operating Income": -9,
        "EBIT": -9,
        "Net Income": -8
    },
    "2017-06-30": {
        "Diluted EPS": -0.69,
        "Total Revenue": NaN,
        "Gross Profit": NaN,
        "Operating Income": -8,
        "EBIT": -8,
        "Net Income": -8
    },
    "2017-03-31": {
        "Diluted EPS": -0.5,
        "Total Revenue": NaN,
        "Gross Profit": NaN,
        "Operating Income": -6,
        "EBIT": -6,
        "Net Income": -6
    },
    "2016-12-31": {
        "Diluted EPS": 22.57,
        "Total Revenue": NaN,
        "Gross Profit": NaN,
        "Operating Income": -8,
        "EBIT": -8,
        "Net Income": -8
    },
    "2016-09-30": {
        "Diluted EPS": -1.59,
        "Total Revenue": NaN,
        "Gross Profit": NaN,
        "Operating Income": -14,
        "EBIT": -14,
        "Net Income": -14
    },
    "2016-06-30": {
        "Diluted EPS": -16.33,
        "Total Revenue": NaN,
        "Gross Profit": NaN,
        "Operating Income": -3,
        "EBIT": -3,
        "Net Income": -3
    },
    "2016-03-31": {
        "Diluted EPS": -9.72,
        "Total Revenue": NaN,
        "Gross Profit": NaN,
        "Operating Income": -1,
        "EBIT": -1,
        "Net Income": -2
    },
    "2015-12-31": {
        "Diluted EPS": -17.68,
        "Total Revenue": NaN,
        "Gross Profit": NaN,
        "Operating Income": 37,
        "EBIT": 37,
        "Net Income": 35
    },
    "2015-09-30": {
        "Diluted EPS": -10.46,
        "Total Revenue": NaN,
        "Gross Profit": NaN,
        "Operating Income": -1,
        "EBIT": -1,
        "Net Income": -2
    },
    "2015-06-30": {
        "Diluted EPS": -5.25,
        "Total Revenue": NaN,
        "Gross Profit": NaN,
        "Operating Income": -20,
        "EBIT": -19,
        "Net Income": -20
    },
    "2015-03-31": {
        "Diluted EPS": -6.64,
        "Total Revenue": NaN,
        "Gross Profit": NaN,
        "Operating Income": -20,
        "EBIT": -20,
        "Net Income": -21
    },
    "2014-12-31": {
        "Diluted EPS": -5.59,
        "Total Revenue": NaN,
        "Gross Profit": NaN,
        "Operating Income": -20,
        "EBIT": -20,
        "Net Income": -20
    },
    "2014-09-30": {
        "Diluted EPS": -6.64,
        "Total Revenue": NaN,
        "Gross Profit": NaN,
        "Operating Income": -19,
        "EBIT": -19,
        "Net Income": -20
    },
    "2014-06-30": {
        "Diluted EPS": -8.39,
        "Total Revenue": NaN,
        "Gross Profit": NaN,
        "Operating Income": -22,
        "EBIT": -22,
        "Net Income": -22
    },
    "2014-03-31": {
        "Diluted EPS": -9.79,
        "Total Revenue": NaN,
        "Gross Profit": NaN,
        "Operating Income": -23,
        "EBIT": -23,
        "Net Income": -24
    },
    "2013-12-31": {
        "Diluted EPS": -10.84,
        "Total Revenue": NaN,
        "Gross Profit": NaN,
        "Operating Income": -23,
        "EBIT": -23,
        "Net Income": -24
    },
    "2013-09-30": {
        "Diluted EPS": -11.54,
        "Total Revenue": NaN,
        "Gross Profit": NaN,
        "Operating Income": -22,
        "EBIT": -22,
        "Net Income": -23
    },
    "2013-06-30": {
        "Diluted EPS": -11.54,
        "Total Revenue": NaN,
        "Gross Profit": NaN,
        "Operating Income": -22,
        "EBIT": -22,
        "Net Income": -23
    },
    "2013-03-31": {
        "Diluted EPS": -10.49,
        "Total Revenue": NaN,
        "Gross Profit": NaN,
        "Operating Income": -20,
        "EBIT": -20,
        "Net Income": -21
    },
    "2012-12-31": {
        "Diluted EPS": -10.14,
        "Total Revenue": NaN,
        "Gross Profit": NaN,
        "Operating Income": -18,
        "EBIT": -18,
        "Net Income": -18
    },
    "2012-09-30": {
        "Diluted EPS": -8.74,
        "Total Revenue": NaN,
        "Gross Profit": NaN,
        "Operating Income": -15,
        "EBIT": -14,
        "Net Income": -15
    },
    "2012-06-30": {
        "Diluted EPS": -8.74,
        "Total Revenue": NaN,
        "Gross Profit": NaN,
        "Operating Income": -14,
        "EBIT": -14,
        "Net Income": -15
    },
    "2012-03-31": {
        "Diluted EPS": -9.44,
        "Total Revenue": 0,
        "Gross Profit": 0,
        "Operating Income": -15,
        "EBIT": -14,
        "Net Income": -15
    },
    "2011-12-31": {
        "Diluted EPS": -7.34,
        "Total Revenue": 3,
        "Gross Profit": 3,
        "Operating Income": -10,
        "EBIT": -10,
        "Net Income": -11
    },
    "2011-09-30": {
        "Diluted EPS": -9.09,
        "Total Revenue": 2,
        "Gross Profit": 2,
        "Operating Income": -12,
        "EBIT": -12,
        "Net Income": -13
    },
    "2011-06-30": {
        "Diluted EPS": -9.09,
        "Total Revenue": 1,
        "Gross Profit": 1,
        "Operating Income": -12,
        "EBIT": -12,
        "Net Income": -13
    },
    "2011-03-31": {
        "Diluted EPS": -9.44,
        "Total Revenue": 1,
        "Gross Profit": 1,
        "Operating Income": -11,
        "EBIT": -11,
        "Net Income": -11
    },
    "2010-12-31": {
        "Diluted EPS": -7.69,
        "Total Revenue": 4,
        "Gross Profit": 4,
        "Operating Income": -8,
        "EBIT": -8,
        "Net Income": -9
    },
    "2010-09-30": {
        "Diluted EPS": -8.74,
        "Total Revenue": 3,
        "Gross Profit": 3,
        "Operating Income": -10,
        "EBIT": -10,
        "Net Income": -10
    },
    "2010-06-30": {
        "Diluted EPS": -7.69,
        "Total Revenue": 3,
        "Gross Profit": 3,
        "Operating Income": -9,
        "EBIT": -9,
        "Net Income": -9
    },
    "2010-03-31": {
        "Diluted EPS": -8.39,
        "Total Revenue": 4,
        "Gross Profit": 4,
        "Operating Income": -9,
        "EBIT": -9,
        "Net Income": -9
    },
    "2009-12-31": {
        "Diluted EPS": -7.69,
        "Total Revenue": 5,
        "Gross Profit": 5,
        "Operating Income": -7,
        "EBIT": -6,
        "Net Income": -7
    },
    "2009-09-30": {
        "Diluted EPS": 121.68,
        "Total Revenue": 130,
        "Gross Profit": 130,
        "Operating Income": 118,
        "EBIT": 119,
        "Net Income": 118
    },
    "2009-06-30": {
        "Diluted EPS": -8.74,
        "Total Revenue": 5,
        "Gross Profit": 5,
        "Operating Income": -8,
        "EBIT": -8,
        "Net Income": -8
    },
    "2009-03-31": {
        "Diluted EPS": -24.13,
        "Total Revenue": 5,
        "Gross Profit": 5,
        "Operating Income": -23,
        "EBIT": -23,
        "Net Income": -23
    },
    "2023-06-30": {
        "Tax Effect Of Unusual Items": NaN,
        "Tax Rate For Calcs": NaN,
        "Normalized EBITDA": NaN,
        "Net Income From Continuing Operation Net Minority Interest": NaN,
        "Reconciled Depreciation": NaN,
        "Reconciled Cost Of Revenue": 0.0,
        "EBITDA": NaN,
        "EBIT": NaN,
        "Net Interest Income": NaN,
        "Interest Expense": NaN,
        "Interest Income": NaN,
        "Normalized Income": NaN,
        "Net Income From Continuing And Discontinued Operation": NaN,
        "Total Expenses": NaN,
        "Total Operating Income As Reported": NaN,
        "Diluted Average Shares": 18310952.0,
        "Basic Average Shares": 18310952.0,
        "Diluted EPS": -4.69,
        "Basic EPS": -4.69,
        "Diluted NI Availto Com Stockholders": NaN,
        "Net Income Common Stockholders": NaN,
        "Net Income": NaN,
        "Net Income Including Noncontrolling Interests": NaN,
        "Net Income Continuous Operations": NaN,
        "Pretax Income": NaN,
        "Net Non Operating Interest Income Expense": NaN,
        "Interest Expense Non Operating": NaN,
        "Interest Income Non Operating": NaN,
        "Operating Income": NaN,
        "Operating Expense": NaN,
        "Research And Development": NaN,
        "Selling General And Administration": NaN,
        "General And Administrative Expense": 17845000.0,
        "Other Gand A": 17845000.0,
        "Gross Profit": 0.0,
        "Cost Of Revenue": 0.0,
        "Total Revenue": NaN,
        "Operating Revenue": NaN
    },
    "2023-09-30": {
        "Tax Effect Of Unusual Items": 0.0,
        "Tax Rate For Calcs": 0.0,
        "Normalized EBITDA": -95101000.0,
        "Net Income From Continuing Operation Net Minority Interest": -98740000.0,
        "Reconciled Depreciation": 135000.0,
        "Reconciled Cost Of Revenue": NaN,
        "EBITDA": -95101000.0,
        "EBIT": -95236000.0,
        "Net Interest Income": -206000.0,
        "Interest Expense": 3504000.0,
        "Interest Income": 3298000.0,
        "Normalized Income": -98740000.0,
        "Net Income From Continuing And Discontinued Operation": -98740000.0,
        "Total Expenses": 98534000.0,
        "Total Operating Income As Reported": -98534000.0,
        "Diluted Average Shares": 18476414.0,
        "Basic Average Shares": 18476414.0,
        "Diluted EPS": -5.34,
        "Basic EPS": -5.34,
        "Diluted NI Availto Com Stockholders": -98740000.0,
        "Net Income Common Stockholders": -98740000.0,
        "Net Income": -98740000.0,
        "Net Income Including Noncontrolling Interests": -98740000.0,
        "Net Income Continuous Operations": -98740000.0,
        "Pretax Income": -98740000.0,
        "Net Non Operating Interest Income Expense": -206000.0,
        "Interest Expense Non Operating": 3504000.0,
        "Interest Income Non Operating": 3298000.0,
        "Operating Income": -98534000.0,
        "Operating Expense": 98534000.0,
        "Research And Development": 70951000.0,
        "Selling General And Administration": 27583000.0,
        "General And Administrative Expense": 27583000.0,
        "Other Gand A": 27583000.0,
        "Gross Profit": NaN,
        "Cost Of Revenue": NaN,
        "Total Revenue": 0.0,
        "Operating Revenue": 0.0
    },
    "2023-12-31": {
        "Tax Effect Of Unusual Items": 0.0,
        "Tax Rate For Calcs": 0.0,
        "Normalized EBITDA": -108081000.0,
        "Net Income From Continuing Operation Net Minority Interest": -112194000.0,
        "Reconciled Depreciation": 142000.0,
        "Reconciled Cost Of Revenue": NaN,
        "EBITDA": -108081000.0,
        "EBIT": -108223000.0,
        "Net Interest Income": 4982000.0,
        "Interest Expense": 3971000.0,
        "Interest Income": 8953000.0,
        "Normalized Income": -112194000.0,
        "Net Income From Continuing And Discontinued Operation": -112194000.0,
        "Total Expenses": 117176000.0,
        "Total Operating Income As Reported": -117176000.0,
        "Diluted Average Shares": NaN,
        "Basic Average Shares": NaN,
        "Diluted EPS": NaN,
        "Basic EPS": NaN,
        "Diluted NI Availto Com Stockholders": -112194000.0,
        "Net Income Common Stockholders": -112194000.0,
        "Net Income": -112194000.0,
        "Net Income Including Noncontrolling Interests": -112194000.0,
        "Net Income Continuous Operations": -112194000.0,
        "Pretax Income": -112194000.0,
        "Net Non Operating Interest Income Expense": 4982000.0,
        "Interest Expense Non Operating": 3971000.0,
        "Interest Income Non Operating": 8953000.0,
        "Operating Income": -117176000.0,
        "Operating Expense": 117176000.0,
        "Research And Development": 70640000.0,
        "Selling General And Administration": 46536000.0,
        "General And Administrative Expense": 46536000.0,
        "Other Gand A": 46536000.0,
        "Gross Profit": NaN,
        "Cost Of Revenue": NaN,
        "Total Revenue": 0.0,
        "Operating Revenue": 0.0
    },
    "2024-03-31": {
        "Tax Effect Of Unusual Items": 0.0,
        "Tax Rate For Calcs": 0.0,
        "Normalized EBITDA": -143535000.0,
        "Net Income From Continuing Operation Net Minority Interest": -147541000.0,
        "Reconciled Depreciation": 168000.0,
        "Reconciled Cost Of Revenue": NaN,
        "EBITDA": -143535000.0,
        "EBIT": -143703000.0,
        "Net Interest Income": 4496000.0,
        "Interest Expense": 3838000.0,
        "Interest Income": 8334000.0,
        "Normalized Income": -147541000.0,
        "Net Income From Continuing And Discontinued Operation": -147541000.0,
        "Total Expenses": 152037000.0,
        "Total Operating Income As Reported": -152037000.0,
        "Diluted Average Shares": 20001569.0,
        "Basic Average Shares": 20001569.0,
        "Diluted EPS": -7.38,
        "Basic EPS": -7.38,
        "Diluted NI Availto Com Stockholders": -147541000.0,
        "Net Income Common Stockholders": -147541000.0,
        "Net Income": -147541000.0,
        "Net Income Including Noncontrolling Interests": -147541000.0,
        "Net Income Continuous Operations": -147541000.0,
        "Pretax Income": -147541000.0,
        "Net Non Operating Interest Income Expense": 4496000.0,
        "Interest Expense Non Operating": 3838000.0,
        "Interest Income Non Operating": 8334000.0,
        "Operating Income": -152037000.0,
        "Operating Expense": 152037000.0,
        "Research And Development": 71237000.0,
        "Selling General And Administration": 80800000.0,
        "General And Administrative Expense": NaN,
        "Other Gand A": NaN,
        "Gross Profit": NaN,
        "Cost Of Revenue": NaN,
        "Total Revenue": 0.0,
        "Operating Revenue": 0.0
    },
    "2024-06-30": {
        "Tax Effect Of Unusual Items": 0.0,
        "Tax Rate For Calcs": 0.0,
        "Normalized EBITDA": -148048000.0,
        "Net Income From Continuing Operation Net Minority Interest": -151971000.0,
        "Reconciled Depreciation": 267000.0,
        "Reconciled Cost Of Revenue": 636000.0,
        "EBITDA": -148048000.0,
        "EBIT": -148315000.0,
        "Net Interest Income": 10566000.0,
        "Interest Expense": 3656000.0,
        "Interest Income": 14222000.0,
        "Normalized Income": -151971000.0,
        "Net Income From Continuing And Discontinued Operation": -151971000.0,
        "Total Expenses": 177175000.0,
        "Total Operating Income As Reported": -162537000.0,
        "Diluted Average Shares": 21402646.0,
        "Basic Average Shares": 21402646.0,
        "Diluted EPS": -7.1,
        "Basic EPS": -7.1,
        "Diluted NI Availto Com Stockholders": -151971000.0,
        "Net Income Common Stockholders": -151971000.0,
        "Net Income": -151971000.0,
        "Net Income Including Noncontrolling Interests": -151971000.0,
        "Net Income Continuous Operations": -151971000.0,
        "Pretax Income": -151971000.0,
        "Net Non Operating Interest Income Expense": 10566000.0,
        "Interest Expense Non Operating": 3656000.0,
        "Interest Income Non Operating": 14222000.0,
        "Operating Income": -162537000.0,
        "Operating Expense": 176539000.0,
        "Research And Development": 71091000.0,
        "Selling General And Administration": 105448000.0,
        "General And Administrative Expense": NaN,
        "Other Gand A": NaN,
        "Gross Profit": 14002000.0,
        "Cost Of Revenue": 636000.0,
        "Total Revenue": 14638000.0,
        "Operating Revenue": 14638000.0
    },
    "2024-09-30": {
        "Tax Effect Of Unusual Items": 0.0,
        "Tax Rate For Calcs": 0.0,
        "Normalized EBITDA": -102987000.0,
        "Net Income From Continuing Operation Net Minority Interest": -106964000.0,
        "Reconciled Depreciation": 298000.0,
        "Reconciled Cost Of Revenue": 2152000.0,
        "EBITDA": -102987000.0,
        "EBIT": -103285000.0,
        "Net Interest Income": 9340000.0,
        "Interest Expense": 3679000.0,
        "Interest Income": 13019000.0,
        "Normalized Income": -106964000.0,
        "Net Income From Continuing And Discontinued Operation": -106964000.0,
        "Total Expenses": 178479000.0,
        "Total Operating Income As Reported": -116304000.0,
        "Diluted Average Shares": NaN,
        "Basic Average Shares": NaN,
        "Diluted EPS": NaN,
        "Basic EPS": NaN,
        "Diluted NI Availto Com Stockholders": -106964000.0,
        "Net Income Common Stockholders": -106964000.0,
        "Net Income": -106964000.0,
        "Net Income Including Noncontrolling Interests": -106964000.0,
        "Net Income Continuous Operations": -106964000.0,
        "Pretax Income": -106964000.0,
        "Net Non Operating Interest Income Expense": 9340000.0,
        "Interest Expense Non Operating": 3679000.0,
        "Interest Income Non Operating": 13019000.0,
        "Operating Income": -116304000.0,
        "Operating Expense": 176327000.0,
        "Research And Development": 68742000.0,
        "Selling General And Administration": 107585000.0,
        "General And Administrative Expense": 107585000.0,
        "Other Gand A": 107585000.0,
        "Gross Profit": 60023000.0,
        "Cost Of Revenue": 2152000.0,
        "Total Revenue": 62175000.0,
        "Operating Revenue": 62175000.0
    }
}