{
    "2023-03-31": {
        "Tax Effect Of Unusual Items": NaN,
        "Tax Rate For Calcs": NaN,
        "Normalized EBITDA": NaN,
        "Total Unusual Items": NaN,
        "Total Unusual Items Excluding Goodwill": NaN,
        "Net Income From Continuing Operation Net Minority Interest": NaN,
        "Reconciled Depreciation": NaN,
        "Reconciled Cost Of Revenue": NaN,
        "EBITDA": NaN,
        "EBIT": NaN,
        "Net Interest Income": NaN,
        "Interest Expense": NaN,
        "Normalized Income": NaN,
        "Net Income From Continuing And Discontinued Operation": NaN,
        "Total Expenses": NaN,
        "Total Operating Income As Reported": NaN,
        "Diluted Average Shares": NaN,
        "Basic Average Shares": NaN,
        "Diluted EPS": NaN,
        "Basic EPS": NaN,
        "Diluted NI Availto Com Stockholders": NaN,
        "Average Dilution Earnings": NaN,
        "Net Income Common Stockholders": NaN,
        "Preferred Stock Dividends": NaN,
        "Net Income": NaN,
        "Minority Interests": NaN,
        "Net Income Including Noncontrolling Interests": NaN,
        "Net Income Discontinuous Operations": NaN,
        "Net Income Continuous Operations": NaN,
        "Tax Provision": NaN,
        "Pretax Income": NaN,
        "Other Income Expense": NaN,
        "Other Non Operating Income Expenses": NaN,
        "Special Income Charges": NaN,
        "Gain On Sale Of Ppe": NaN,
        "Gain On Sale Of Security": NaN,
        "Net Non Operating Interest Income Expense": NaN,
        "Interest Expense Non Operating": NaN,
        "Operating Income": NaN,
        "Operating Expense": NaN,
        "Other Operating Expenses": NaN,
        "Depreciation Amortization Depletion Income Statement": NaN,
        "Depreciation And Amortization In Income Statement": NaN,
        "Selling General And Administration": 1884000.0,
        "General And Administrative Expense": 1884000.0,
        "Other Gand A": 1884000.0,
        "Gross Profit": NaN,
        "Cost Of Revenue": NaN,
        "Total Revenue": NaN,
        "Operating Revenue": NaN
    },
    "2022-12-31": {
        "Tax Effect Of Unusual Items": NaN,
        "Tax Rate For Calcs": NaN,
        "Normalized EBITDA": NaN,
        "Total Unusual Items": NaN,
        "Total Unusual Items Excluding Goodwill": NaN,
        "Net Income From Continuing Operation Net Minority Interest": NaN,
        "Reconciled Depreciation": NaN,
        "Reconciled Cost Of Revenue": NaN,
        "EBITDA": NaN,
        "EBIT": NaN,
        "Net Interest Income": NaN,
        "Interest Expense": NaN,
        "Normalized Income": NaN,
        "Net Income From Continuing And Discontinued Operation": NaN,
        "Total Expenses": NaN,
        "Total Operating Income As Reported": NaN,
        "Diluted Average Shares": NaN,
        "Basic Average Shares": NaN,
        "Diluted EPS": NaN,
        "Basic EPS": NaN,
        "Diluted NI Availto Com Stockholders": NaN,
        "Net Income Common Stockholders": NaN,
        "Preferred Stock Dividends": NaN,
        "Net Income": NaN,
        "Minority Interests": NaN,
        "Net Income Including Noncontrolling Interests": NaN,
        "Net Income Discontinuous Operations": NaN,
        "Net Income Continuous Operations": NaN,
        "Tax Provision": NaN,
        "Pretax Income": NaN,
        "Other Income Expense": NaN,
        "Other Non Operating Income Expenses": NaN,
        "Special Income Charges": NaN,
        "Gain On Sale Of Ppe": NaN,
        "Gain On Sale Of Security": NaN,
        "Net Non Operating Interest Income Expense": NaN,
        "Interest Expense Non Operating": NaN,
        "Operating Income": NaN,
        "Operating Expense": NaN,
        "Other Operating Expenses": NaN,
        "Depreciation Amortization Depletion Income Statement": NaN,
        "Depreciation And Amortization In Income Statement": NaN,
        "Selling General And Administration": 1177000.0,
        "General And Administrative Expense": 1177000.0,
        "Other Gand A": 1177000.0,
        "Gross Profit": NaN,
        "Cost Of Revenue": NaN,
        "Total Revenue": NaN,
        "Operating Revenue": NaN
    },
    "2022-09-30": {
        "Tax Effect Of Unusual Items": NaN,
        "Tax Rate For Calcs": NaN,
        "Normalized EBITDA": NaN,
        "Total Unusual Items": NaN,
        "Total Unusual Items Excluding Goodwill": NaN,
        "Net Income From Continuing Operation Net Minority Interest": NaN,
        "Reconciled Depreciation": NaN,
        "Reconciled Cost Of Revenue": NaN,
        "EBITDA": NaN,
        "EBIT": NaN,
        "Net Interest Income": NaN,
        "Interest Expense": NaN,
        "Normalized Income": NaN,
        "Net Income From Continuing And Discontinued Operation": NaN,
        "Total Expenses": NaN,
        "Total Operating Income As Reported": NaN,
        "Diluted Average Shares": 16853000.0,
        "Basic Average Shares": 16853000.0,
        "Diluted EPS": -0.21,
        "Basic EPS": -0.21,
        "Diluted NI Availto Com Stockholders": NaN,
        "Net Income Common Stockholders": NaN,
        "Preferred Stock Dividends": NaN,
        "Net Income": NaN,
        "Net Income Including Noncontrolling Interests": NaN,
        "Net Income Discontinuous Operations": NaN,
        "Net Income Continuous Operations": NaN,
        "Tax Provision": NaN,
        "Pretax Income": NaN,
        "Other Income Expense": NaN,
        "Other Non Operating Income Expenses": NaN,
        "Special Income Charges": NaN,
        "Gain On Sale Of Ppe": NaN,
        "Net Non Operating Interest Income Expense": NaN,
        "Interest Expense Non Operating": NaN,
        "Operating Income": NaN,
        "Operating Expense": NaN,
        "Other Operating Expenses": NaN,
        "Depreciation Amortization Depletion Income Statement": NaN,
        "Depreciation And Amortization In Income Statement": NaN,
        "Selling General And Administration": 1460000.0,
        "General And Administrative Expense": 1460000.0,
        "Other Gand A": 1460000.0,
        "Gross Profit": NaN,
        "Cost Of Revenue": NaN,
        "Total Revenue": NaN,
        "Operating Revenue": NaN
    },
    "2022-06-30": {
        "Tax Effect Of Unusual Items": -10800.0,
        "Tax Rate For Calcs": 0.4,
        "Normalized EBITDA": 897000.0,
        "Total Unusual Items": -27000.0,
        "Total Unusual Items Excluding Goodwill": -27000.0,
        "Net Income From Continuing Operation Net Minority Interest": -2903000.0,
        "Reconciled Depreciation": 904000.0,
        "Reconciled Cost Of Revenue": 13916000.0,
        "EBITDA": 870000.0,
        "EBIT": -34000.0,
        "Net Interest Income": -2783000.0,
        "Interest Expense": 2783000.0,
        "Normalized Income": -2886800.0,
        "Net Income From Continuing And Discontinued Operation": -2903000.0,
        "Total Expenses": 16159000.0,
        "Total Operating Income As Reported": -34000.0,
        "Diluted Average Shares": 7808000.0,
        "Basic Average Shares": 7808000.0,
        "Diluted EPS": -0.47,
        "Basic EPS": -0.47,
        "Diluted NI Availto Com Stockholders": -3683000.0,
        "Net Income Common Stockholders": -3683000.0,
        "Otherunder Preferred Stock Dividend": 0.0,
        "Preferred Stock Dividends": 780000.0,
        "Net Income": -2903000.0,
        "Net Income Including Noncontrolling Interests": -2903000.0,
        "Net Income Discontinuous Operations": NaN,
        "Net Income Continuous Operations": -2903000.0,
        "Tax Provision": 86000.0,
        "Pretax Income": -2817000.0,
        "Other Income Expense": -27000.0,
        "Other Non Operating Income Expenses": NaN,
        "Special Income Charges": -27000.0,
        "Gain On Sale Of Ppe": -27000.0,
        "Net Non Operating Interest Income Expense": -2783000.0,
        "Interest Expense Non Operating": 2783000.0,
        "Operating Income": -7000.0,
        "Operating Expense": 2243000.0,
        "Depreciation Amortization Depletion Income Statement": 904000.0,
        "Depreciation And Amortization In Income Statement": 904000.0,
        "Selling General And Administration": 1339000.0,
        "General And Administrative Expense": 1339000.0,
        "Other Gand A": 1339000.0,
        "Gross Profit": 2236000.0,
        "Cost Of Revenue": 13916000.0,
        "Total Revenue": 16152000.0,
        "Operating Revenue": 14933000.0
    },
    "2023-06-30": {
        "Tax Effect Of Unusual Items": NaN,
        "Tax Rate For Calcs": NaN,
        "Normalized EBITDA": NaN,
        "Total Unusual Items": NaN,
        "Total Unusual Items Excluding Goodwill": NaN,
        "Net Income From Continuing Operation Net Minority Interest": NaN,
        "Reconciled Depreciation": NaN,
        "Reconciled Cost Of Revenue": NaN,
        "EBITDA": NaN,
        "EBIT": NaN,
        "Net Interest Income": NaN,
        "Interest Expense": NaN,
        "Normalized Income": NaN,
        "Net Income From Continuing And Discontinued Operation": NaN,
        "Total Expenses": NaN,
        "Total Operating Income As Reported": NaN,
        "Diluted Average Shares": 24947000.0,
        "Basic Average Shares": 24947000.0,
        "Diluted EPS": -0.04,
        "Basic EPS": -0.04,
        "Diluted NI Availto Com Stockholders": NaN,
        "Average Dilution Earnings": NaN,
        "Net Income Common Stockholders": NaN,
        "Preferred Stock Dividends": 596000.0,
        "Net Income": NaN,
        "Minority Interests": 0.0,
        "Net Income Including Noncontrolling Interests": NaN,
        "Net Income Discontinuous Operations": NaN,
        "Net Income Continuous Operations": NaN,
        "Tax Provision": NaN,
        "Pretax Income": NaN,
        "Other Income Expense": NaN,
        "Other Non Operating Income Expenses": NaN,
        "Special Income Charges": NaN,
        "Gain On Sale Of Ppe": NaN,
        "Gain On Sale Of Security": NaN,
        "Net Non Operating Interest Income Expense": NaN,
        "Interest Expense Non Operating": NaN,
        "Operating Income": NaN,
        "Operating Expense": NaN,
        "Other Operating Expenses": NaN,
        "Depreciation Amortization Depletion Income Statement": NaN,
        "Depreciation And Amortization In Income Statement": NaN,
        "Selling General And Administration": 1002000.0,
        "General And Administrative Expense": 1002000.0,
        "Other Gand A": 1002000.0,
        "Gross Profit": NaN,
        "Cost Of Revenue": NaN,
        "Total Revenue": NaN,
        "Operating Revenue": NaN
    },
    "2023-09-30": {
        "Tax Effect Of Unusual Items": NaN,
        "Tax Rate For Calcs": NaN,
        "Normalized EBITDA": NaN,
        "Total Unusual Items": NaN,
        "Total Unusual Items Excluding Goodwill": NaN,
        "Net Income From Continuing Operation Net Minority Interest": NaN,
        "Reconciled Depreciation": NaN,
        "Reconciled Cost Of Revenue": NaN,
        "EBITDA": NaN,
        "EBIT": NaN,
        "Net Interest Income": NaN,
        "Interest Expense": NaN,
        "Normalized Income": NaN,
        "Net Income From Continuing And Discontinued Operation": NaN,
        "Total Expenses": NaN,
        "Total Operating Income As Reported": NaN,
        "Diluted Average Shares": 24713000.0,
        "Basic Average Shares": 24713000.0,
        "Diluted EPS": -0.12,
        "Basic EPS": -0.12,
        "Diluted NI Availto Com Stockholders": NaN,
        "Average Dilution Earnings": 0.0,
        "Net Income Common Stockholders": NaN,
        "Preferred Stock Dividends": 602000.0,
        "Net Income": NaN,
        "Minority Interests": NaN,
        "Net Income Including Noncontrolling Interests": NaN,
        "Net Income Discontinuous Operations": NaN,
        "Net Income Continuous Operations": NaN,
        "Tax Provision": NaN,
        "Pretax Income": NaN,
        "Other Income Expense": NaN,
        "Other Non Operating Income Expenses": NaN,
        "Special Income Charges": NaN,
        "Gain On Sale Of Ppe": NaN,
        "Gain On Sale Of Security": NaN,
        "Net Non Operating Interest Income Expense": NaN,
        "Interest Expense Non Operating": NaN,
        "Operating Income": NaN,
        "Operating Expense": NaN,
        "Other Operating Expenses": NaN,
        "Depreciation Amortization Depletion Income Statement": NaN,
        "Depreciation And Amortization In Income Statement": NaN,
        "Gross Profit": NaN,
        "Cost Of Revenue": NaN,
        "Total Revenue": NaN,
        "Operating Revenue": NaN
    },
    "2023-12-31": {
        "Tax Effect Of Unusual Items": NaN,
        "Tax Rate For Calcs": NaN,
        "Normalized EBITDA": NaN,
        "Total Unusual Items": NaN,
        "Total Unusual Items Excluding Goodwill": NaN,
        "Net Income From Continuing Operation Net Minority Interest": NaN,
        "Reconciled Depreciation": NaN,
        "Reconciled Cost Of Revenue": NaN,
        "EBITDA": NaN,
        "EBIT": NaN,
        "Net Interest Income": NaN,
        "Interest Expense": NaN,
        "Normalized Income": NaN,
        "Net Income From Continuing And Discontinued Operation": NaN,
        "Total Expenses": NaN,
        "Total Operating Income As Reported": NaN,
        "Diluted Average Shares": NaN,
        "Basic Average Shares": NaN,
        "Diluted EPS": NaN,
        "Basic EPS": NaN,
        "Diluted NI Availto Com Stockholders": NaN,
        "Average Dilution Earnings": NaN,
        "Net Income Common Stockholders": NaN,
        "Preferred Stock Dividends": 627000.0,
        "Net Income": NaN,
        "Minority Interests": NaN,
        "Net Income Including Noncontrolling Interests": NaN,
        "Net Income Discontinuous Operations": 96000.0,
        "Net Income Continuous Operations": NaN,
        "Tax Provision": NaN,
        "Pretax Income": NaN,
        "Other Income Expense": NaN,
        "Other Non Operating Income Expenses": NaN,
        "Special Income Charges": NaN,
        "Gain On Sale Of Ppe": NaN,
        "Gain On Sale Of Security": NaN,
        "Net Non Operating Interest Income Expense": NaN,
        "Interest Expense Non Operating": NaN,
        "Operating Income": NaN,
        "Operating Expense": NaN,
        "Other Operating Expenses": NaN,
        "Depreciation Amortization Depletion Income Statement": NaN,
        "Depreciation And Amortization In Income Statement": NaN,
        "Gross Profit": NaN,
        "Cost Of Revenue": NaN,
        "Total Revenue": NaN,
        "Operating Revenue": NaN
    },
    "2024-03-31": {
        "Tax Effect Of Unusual Items": 0.0,
        "Tax Rate For Calcs": 0.21,
        "Normalized EBITDA": -3324000.0,
        "Total Unusual Items": 0.0,
        "Total Unusual Items Excluding Goodwill": 0.0,
        "Net Income From Continuing Operation Net Minority Interest": -3677000.0,
        "Reconciled Depreciation": 133000.0,
        "Reconciled Cost Of Revenue": 6650000.0,
        "EBITDA": -3324000.0,
        "EBIT": -3457000.0,
        "Net Interest Income": -136000.0,
        "Interest Expense": 136000.0,
        "Normalized Income": -3677000.0,
        "Net Income From Continuing And Discontinued Operation": -3677000.0,
        "Total Expenses": 10173000.0,
        "Total Operating Income As Reported": -3467000.0,
        "Diluted Average Shares": 25080000.0,
        "Basic Average Shares": 25080000.0,
        "Diluted EPS": -0.18,
        "Basic EPS": -0.18,
        "Diluted NI Availto Com Stockholders": -4400000.0,
        "Average Dilution Earnings": NaN,
        "Net Income Common Stockholders": -4400000.0,
        "Preferred Stock Dividends": 723000.0,
        "Net Income": -3677000.0,
        "Minority Interests": 0.0,
        "Net Income Including Noncontrolling Interests": -3677000.0,
        "Net Income Discontinuous Operations": 0.0,
        "Net Income Continuous Operations": -3677000.0,
        "Tax Provision": 84000.0,
        "Pretax Income": -3593000.0,
        "Other Income Expense": 10000.0,
        "Other Non Operating Income Expenses": 10000.0,
        "Special Income Charges": 0.0,
        "Gain On Sale Of Ppe": 0.0,
        "Gain On Sale Of Security": NaN,
        "Net Non Operating Interest Income Expense": -136000.0,
        "Interest Expense Non Operating": 136000.0,
        "Operating Income": -3467000.0,
        "Operating Expense": 3523000.0,
        "Other Operating Expenses": 3390000.0,
        "Depreciation Amortization Depletion Income Statement": 133000.0,
        "Depreciation And Amortization In Income Statement": 133000.0,
        "Gross Profit": 56000.0,
        "Cost Of Revenue": 6650000.0,
        "Total Revenue": 6706000.0,
        "Operating Revenue": 5929000.0
    },
    "2024-06-30": {
        "Tax Effect Of Unusual Items": -6516720.0,
        "Tax Rate For Calcs": 0.21,
        "Normalized EBITDA": -11880000.0,
        "Total Unusual Items": -31032000.0,
        "Total Unusual Items Excluding Goodwill": -31032000.0,
        "Net Income From Continuing Operation Net Minority Interest": -49135000.0,
        "Reconciled Depreciation": 1431000.0,
        "Reconciled Cost Of Revenue": 34647000.0,
        "EBITDA": -42912000.0,
        "EBIT": -44343000.0,
        "Net Interest Income": -3782000.0,
        "Interest Expense": 3782000.0,
        "Normalized Income": -24619720.0,
        "Net Income From Continuing And Discontinued Operation": -49135000.0,
        "Total Expenses": 39523000.0,
        "Total Operating Income As Reported": -13326000.0,
        "Diluted Average Shares": 65415000.0,
        "Basic Average Shares": 65415000.0,
        "Diluted EPS": -0.75,
        "Basic EPS": -0.75,
        "Diluted NI Availto Com Stockholders": -49263000.0,
        "Average Dilution Earnings": NaN,
        "Net Income Common Stockholders": -49263000.0,
        "Preferred Stock Dividends": 128000.0,
        "Net Income": -49135000.0,
        "Minority Interests": -828000.0,
        "Net Income Including Noncontrolling Interests": -48307000.0,
        "Net Income Discontinuous Operations": 0.0,
        "Net Income Continuous Operations": -48307000.0,
        "Tax Provision": 182000.0,
        "Pretax Income": -48125000.0,
        "Other Income Expense": -31022000.0,
        "Other Non Operating Income Expenses": 10000.0,
        "Special Income Charges": -5000.0,
        "Gain On Sale Of Ppe": -5000.0,
        "Gain On Sale Of Security": -31027000.0,
        "Net Non Operating Interest Income Expense": -3782000.0,
        "Interest Expense Non Operating": 3782000.0,
        "Operating Income": -13321000.0,
        "Operating Expense": 4876000.0,
        "Other Operating Expenses": 3445000.0,
        "Depreciation Amortization Depletion Income Statement": 1431000.0,
        "Depreciation And Amortization In Income Statement": 1431000.0,
        "Gross Profit": -8445000.0,
        "Cost Of Revenue": 34647000.0,
        "Total Revenue": 26202000.0,
        "Operating Revenue": 23923000.0
    },
    "2024-09-30": {
        "Tax Effect Of Unusual Items": 404938.445393,
        "Tax Rate For Calcs": 0.006188,
        "Normalized EBITDA": -5156000.0,
        "Total Unusual Items": 65439000.0,
        "Total Unusual Items Excluding Goodwill": 65439000.0,
        "Net Income From Continuing Operation Net Minority Interest": 54287000.0,
        "Reconciled Depreciation": 1741000.0,
        "Reconciled Cost Of Revenue": 32672000.0,
        "EBITDA": 60283000.0,
        "EBIT": 58542000.0,
        "Net Interest Income": -3274000.0,
        "Interest Expense": 3274000.0,
        "Normalized Income": -10747061.554607,
        "Net Income From Continuing And Discontinued Operation": 54287000.0,
        "Total Expenses": 36732000.0,
        "Total Operating Income As Reported": -6873000.0,
        "Diluted Average Shares": 84177000.0,
        "Basic Average Shares": 74271000.0,
        "Diluted EPS": 0.66,
        "Basic EPS": 0.73,
        "Diluted NI Availto Com Stockholders": 55178000.0,
        "Average Dilution Earnings": 891000.0,
        "Net Income Common Stockholders": 54287000.0,
        "Preferred Stock Dividends": NaN,
        "Net Income": 54287000.0,
        "Minority Interests": -639000.0,
        "Net Income Including Noncontrolling Interests": 54926000.0,
        "Net Income Discontinuous Operations": 0.0,
        "Net Income Continuous Operations": 54926000.0,
        "Tax Provision": 342000.0,
        "Pretax Income": 55268000.0,
        "Other Income Expense": 65415000.0,
        "Other Non Operating Income Expenses": -24000.0,
        "Special Income Charges": 0.0,
        "Gain On Sale Of Ppe": 0.0,
        "Gain On Sale Of Security": 65439000.0,
        "Net Non Operating Interest Income Expense": -3274000.0,
        "Interest Expense Non Operating": 3274000.0,
        "Operating Income": -6873000.0,
        "Operating Expense": 4060000.0,
        "Other Operating Expenses": 2319000.0,
        "Depreciation Amortization Depletion Income Statement": 1741000.0,
        "Depreciation And Amortization In Income Statement": 1741000.0,
        "Gross Profit": -2813000.0,
        "Cost Of Revenue": 32672000.0,
        "Total Revenue": 29859000.0,
        "Operating Revenue": 27112000.0
    },
    "2024-12-31": {
        "Tax Effect Of Unusual Items": 250570.167696,
        "Tax Rate For Calcs": 0.063548,
        "Normalized EBITDA": -2577000.0,
        "Total Unusual Items": 3943000.0,
        "Total Unusual Items Excluding Goodwill": 3943000.0,
        "Net Income From Continuing Operation Net Minority Interest": -5550000.0,
        "Reconciled Depreciation": 1953000.0,
        "Reconciled Cost Of Revenue": 32681000.0,
        "EBITDA": 1366000.0,
        "EBIT": -587000.0,
        "Net Interest Income": -3945000.0,
        "Interest Expense": 3945000.0,
        "Normalized Income": -9242429.832304,
        "Net Income From Continuing And Discontinued Operation": -5550000.0,
        "Total Expenses": 37339000.0,
        "Total Operating Income As Reported": -4540000.0,
        "Diluted Average Shares": NaN,
        "Basic Average Shares": NaN,
        "Diluted EPS": NaN,
        "Basic EPS": NaN,
        "Diluted NI Availto Com Stockholders": -5550000.0,
        "Average Dilution Earnings": NaN,
        "Net Income Common Stockholders": -5550000.0,
        "Preferred Stock Dividends": 0.0,
        "Net Income": -5550000.0,
        "Minority Interests": -1306000.0,
        "Net Income Including Noncontrolling Interests": -4244000.0,
        "Net Income Discontinuous Operations": 0.0,
        "Net Income Continuous Operations": -4244000.0,
        "Tax Provision": -288000.0,
        "Pretax Income": -4532000.0,
        "Other Income Expense": 3949000.0,
        "Other Non Operating Income Expenses": 6000.0,
        "Special Income Charges": -5000.0,
        "Gain On Sale Of Ppe": -5000.0,
        "Gain On Sale Of Security": 3948000.0,
        "Net Non Operating Interest Income Expense": -3945000.0,
        "Interest Expense Non Operating": 3945000.0,
        "Operating Income": -4534000.0,
        "Operating Expense": 4658000.0,
        "Other Operating Expenses": 2705000.0,
        "Depreciation Amortization Depletion Income Statement": 1953000.0,
        "Depreciation And Amortization In Income Statement": 1953000.0,
        "Gross Profit": 124000.0,
        "Cost Of Revenue": 32681000.0,
        "Total Revenue": 32805000.0,
        "Operating Revenue": 31020000.0
    },
    "2025-03-31": {
        "Tax Effect Of Unusual Items": -29190.0,
        "Tax Rate For Calcs": 0.21,
        "Normalized EBITDA": -2664000.0,
        "Total Unusual Items": -139000.0,
        "Total Unusual Items Excluding Goodwill": -139000.0,
        "Net Income From Continuing Operation Net Minority Interest": -8803000.0,
        "Reconciled Depreciation": 1769000.0,
        "Reconciled Cost Of Revenue": 29212000.0,
        "EBITDA": -2803000.0,
        "EBIT": -4572000.0,
        "Net Interest Income": -3754000.0,
        "Interest Expense": 3754000.0,
        "Normalized Income": -8693190.0,
        "Net Income From Continuing And Discontinued Operation": -8803000.0,
        "Total Expenses": 32574000.0,
        "Total Operating Income As Reported": -4683000.0,
        "Diluted Average Shares": 74452000.0,
        "Basic Average Shares": 74452000.0,
        "Diluted EPS": -0.12,
        "Basic EPS": -0.12,
        "Diluted NI Availto Com Stockholders": -8803000.0,
        "Average Dilution Earnings": NaN,
        "Net Income Common Stockholders": -8803000.0,
        "Preferred Stock Dividends": NaN,
        "Net Income": -8803000.0,
        "Minority Interests": -197000.0,
        "Net Income Including Noncontrolling Interests": -8606000.0,
        "Net Income Discontinuous Operations": NaN,
        "Net Income Continuous Operations": -8606000.0,
        "Tax Provision": 280000.0,
        "Pretax Income": -8326000.0,
        "Other Income Expense": -28000.0,
        "Other Non Operating Income Expenses": 111000.0,
        "Special Income Charges": -139000.0,
        "Gain On Sale Of Ppe": -139000.0,
        "Gain On Sale Of Security": NaN,
        "Net Non Operating Interest Income Expense": -3754000.0,
        "Interest Expense Non Operating": 3754000.0,
        "Operating Income": -4544000.0,
        "Operating Expense": 3362000.0,
        "Other Operating Expenses": 1593000.0,
        "Depreciation Amortization Depletion Income Statement": 1769000.0,
        "Depreciation And Amortization In Income Statement": 1769000.0,
        "Gross Profit": -1182000.0,
        "Cost Of Revenue": 29212000.0,
        "Total Revenue": 28030000.0,
        "Operating Revenue": 26475000.0
    }
}