{
    "2023-06-30": {
        "Tax Effect Of Unusual Items": NaN,
        "Tax Rate For Calcs": NaN,
        "Normalized EBITDA": NaN,
        "Total Unusual Items": NaN,
        "Total Unusual Items Excluding Goodwill": NaN,
        "Net Income From Continuing Operation Net Minority Interest": NaN,
        "Reconciled Depreciation": NaN,
        "Reconciled Cost Of Revenue": NaN,
        "EBITDA": NaN,
        "EBIT": NaN,
        "Net Interest Income": NaN,
        "Interest Expense": NaN,
        "Interest Income": NaN,
        "Normalized Income": NaN,
        "Net Income From Continuing And Discontinued Operation": NaN,
        "Total Expenses": NaN,
        "Total Operating Income As Reported": NaN,
        "Diluted Average Shares": NaN,
        "Basic Average Shares": NaN,
        "Diluted EPS": NaN,
        "Basic EPS": NaN,
        "Diluted NI Availto Com Stockholders": NaN,
        "Net Income Common Stockholders": NaN,
        "Net Income": NaN,
        "Minority Interests": NaN,
        "Net Income Including Noncontrolling Interests": NaN,
        "Net Income Continuous Operations": NaN,
        "Earnings From Equity Interest Net Of Tax": NaN,
        "Tax Provision": NaN,
        "Pretax Income": NaN,
        "Other Income Expense": NaN,
        "Other Non Operating Income Expenses": NaN,
        "Special Income Charges": NaN,
        "Other Special Charges": 1000000.0,
        "Impairment Of Capital Assets": NaN,
        "Gain On Sale Of Security": -189000000.0,
        "Net Non Operating Interest Income Expense": NaN,
        "Interest Expense Non Operating": NaN,
        "Interest Income Non Operating": NaN,
        "Operating Income": NaN,
        "Operating Expense": NaN,
        "Depreciation Amortization Depletion Income Statement": NaN,
        "Depreciation And Amortization In Income Statement": NaN,
        "Amortization": NaN,
        "Amortization Of Intangibles Income Statement": NaN,
        "Selling General And Administration": NaN,
        "Gross Profit": NaN,
        "Cost Of Revenue": NaN,
        "Total Revenue": NaN,
        "Operating Revenue": NaN
    },
    "2023-03-31": {
        "Tax Effect Of Unusual Items": NaN,
        "Tax Rate For Calcs": NaN,
        "Normalized EBITDA": NaN,
        "Total Unusual Items": NaN,
        "Total Unusual Items Excluding Goodwill": NaN,
        "Net Income From Continuing Operation Net Minority Interest": NaN,
        "Reconciled Depreciation": NaN,
        "Reconciled Cost Of Revenue": NaN,
        "EBITDA": NaN,
        "EBIT": NaN,
        "Net Interest Income": NaN,
        "Interest Expense": NaN,
        "Interest Income": NaN,
        "Normalized Income": NaN,
        "Net Income From Continuing And Discontinued Operation": NaN,
        "Total Expenses": NaN,
        "Total Operating Income As Reported": NaN,
        "Diluted Average Shares": NaN,
        "Basic Average Shares": NaN,
        "Diluted EPS": NaN,
        "Basic EPS": NaN,
        "Diluted NI Availto Com Stockholders": NaN,
        "Net Income Common Stockholders": NaN,
        "Net Income": NaN,
        "Minority Interests": NaN,
        "Net Income Including Noncontrolling Interests": NaN,
        "Net Income Continuous Operations": NaN,
        "Earnings From Equity Interest Net Of Tax": NaN,
        "Tax Provision": NaN,
        "Pretax Income": NaN,
        "Other Income Expense": NaN,
        "Other Non Operating Income Expenses": NaN,
        "Special Income Charges": NaN,
        "Other Special Charges": NaN,
        "Impairment Of Capital Assets": NaN,
        "Gain On Sale Of Security": 796000000.0,
        "Net Non Operating Interest Income Expense": NaN,
        "Interest Expense Non Operating": NaN,
        "Interest Income Non Operating": NaN,
        "Operating Income": NaN,
        "Operating Expense": NaN,
        "Depreciation Amortization Depletion Income Statement": NaN,
        "Depreciation And Amortization In Income Statement": NaN,
        "Amortization": NaN,
        "Amortization Of Intangibles Income Statement": NaN,
        "Selling General And Administration": NaN,
        "Gross Profit": NaN,
        "Cost Of Revenue": NaN,
        "Total Revenue": NaN,
        "Operating Revenue": NaN
    },
    "2022-12-31": {
        "Tax Effect Of Unusual Items": NaN,
        "Tax Rate For Calcs": NaN,
        "Normalized EBITDA": NaN,
        "Total Unusual Items": NaN,
        "Total Unusual Items Excluding Goodwill": NaN,
        "Net Income From Continuing Operation Net Minority Interest": NaN,
        "Reconciled Depreciation": NaN,
        "Reconciled Cost Of Revenue": NaN,
        "EBITDA": NaN,
        "EBIT": NaN,
        "Net Interest Income": NaN,
        "Interest Expense": NaN,
        "Interest Income": NaN,
        "Normalized Income": NaN,
        "Net Income From Continuing And Discontinued Operation": NaN,
        "Total Expenses": NaN,
        "Total Operating Income As Reported": NaN,
        "Diluted Average Shares": NaN,
        "Basic Average Shares": NaN,
        "Diluted EPS": NaN,
        "Basic EPS": NaN,
        "Diluted NI Availto Com Stockholders": NaN,
        "Net Income Common Stockholders": NaN,
        "Net Income": NaN,
        "Minority Interests": NaN,
        "Net Income Including Noncontrolling Interests": NaN,
        "Net Income Continuous Operations": NaN,
        "Earnings From Equity Interest Net Of Tax": NaN,
        "Tax Provision": NaN,
        "Pretax Income": NaN,
        "Other Income Expense": NaN,
        "Other Non Operating Income Expenses": NaN,
        "Special Income Charges": NaN,
        "Other Special Charges": 0.0,
        "Impairment Of Capital Assets": NaN,
        "Restructuring And Mergern Acquisition": 0.0,
        "Gain On Sale Of Security": NaN,
        "Net Non Operating Interest Income Expense": NaN,
        "Interest Expense Non Operating": NaN,
        "Interest Income Non Operating": NaN,
        "Operating Income": NaN,
        "Operating Expense": NaN,
        "Depreciation Amortization Depletion Income Statement": NaN,
        "Depreciation And Amortization In Income Statement": NaN,
        "Amortization": NaN,
        "Amortization Of Intangibles Income Statement": NaN,
        "Selling General And Administration": NaN,
        "Gross Profit": NaN,
        "Cost Of Revenue": NaN,
        "Total Revenue": NaN,
        "Operating Revenue": NaN
    },
    "2022-09-30": {
        "Tax Effect Of Unusual Items": NaN,
        "Tax Rate For Calcs": NaN,
        "Normalized EBITDA": NaN,
        "Total Unusual Items": NaN,
        "Total Unusual Items Excluding Goodwill": NaN,
        "Net Income From Continuing Operation Net Minority Interest": NaN,
        "Reconciled Depreciation": NaN,
        "Reconciled Cost Of Revenue": NaN,
        "EBITDA": NaN,
        "EBIT": NaN,
        "Net Interest Income": NaN,
        "Interest Expense": NaN,
        "Interest Income": 43000000.0,
        "Normalized Income": NaN,
        "Net Income From Continuing And Discontinued Operation": NaN,
        "Total Expenses": NaN,
        "Total Operating Income As Reported": NaN,
        "Diluted Average Shares": NaN,
        "Basic Average Shares": NaN,
        "Diluted EPS": NaN,
        "Basic EPS": NaN,
        "Diluted NI Availto Com Stockholders": NaN,
        "Net Income Common Stockholders": NaN,
        "Net Income": NaN,
        "Minority Interests": NaN,
        "Net Income Including Noncontrolling Interests": NaN,
        "Net Income Continuous Operations": NaN,
        "Earnings From Equity Interest Net Of Tax": NaN,
        "Tax Provision": NaN,
        "Pretax Income": NaN,
        "Other Income Expense": NaN,
        "Other Non Operating Income Expenses": NaN,
        "Special Income Charges": NaN,
        "Other Special Charges": NaN,
        "Impairment Of Capital Assets": NaN,
        "Restructuring And Mergern Acquisition": 0.0,
        "Gain On Sale Of Security": NaN,
        "Net Non Operating Interest Income Expense": NaN,
        "Interest Expense Non Operating": NaN,
        "Interest Income Non Operating": 43000000.0,
        "Operating Income": NaN,
        "Operating Expense": NaN,
        "Depreciation Amortization Depletion Income Statement": NaN,
        "Depreciation And Amortization In Income Statement": NaN,
        "Amortization": NaN,
        "Amortization Of Intangibles Income Statement": NaN,
        "Selling General And Administration": NaN,
        "Gross Profit": NaN,
        "Cost Of Revenue": NaN,
        "Total Revenue": NaN,
        "Operating Revenue": NaN
    },
    "2022-06-30": {
        "Tax Effect Of Unusual Items": -1404000.0,
        "Tax Rate For Calcs": 0.234,
        "Normalized EBITDA": 1227000000.0,
        "Total Unusual Items": -6000000.0,
        "Total Unusual Items Excluding Goodwill": -6000000.0,
        "Net Income From Continuing Operation Net Minority Interest": 747000000.0,
        "Reconciled Depreciation": 273000000.0,
        "Reconciled Cost Of Revenue": 4392000000.0,
        "EBITDA": 1221000000.0,
        "EBIT": 948000000.0,
        "Net Interest Income": -89000000.0,
        "Interest Expense": 89000000.0,
        "Normalized Income": 751596000.0,
        "Net Income From Continuing And Discontinued Operation": 747000000.0,
        "Total Expenses": 6341000000.0,
        "Total Operating Income As Reported": 927000000.0,
        "Diluted Average Shares": 1389000000.0,
        "Basic Average Shares": 1382000000.0,
        "Diluted EPS": 0.54,
        "Basic EPS": 0.54,
        "Diluted NI Availto Com Stockholders": 747000000.0,
        "Net Income Common Stockholders": 747000000.0,
        "Net Income": 747000000.0,
        "Minority Interests": -1000000.0,
        "Net Income Including Noncontrolling Interests": 748000000.0,
        "Net Income Continuous Operations": 748000000.0,
        "Earnings From Equity Interest Net Of Tax": 90000000.0,
        "Tax Provision": 201000000.0,
        "Pretax Income": 859000000.0,
        "Other Income Expense": 15000000.0,
        "Other Non Operating Income Expenses": 21000000.0,
        "Special Income Charges": -6000000.0,
        "Other Special Charges": NaN,
        "Impairment Of Capital Assets": 6000000.0,
        "Restructuring And Mergern Acquisition": 0.0,
        "Gain On Sale Of Security": NaN,
        "Net Non Operating Interest Income Expense": -89000000.0,
        "Total Other Finance Cost": NaN,
        "Interest Expense Non Operating": 89000000.0,
        "Operating Income": 933000000.0,
        "Operating Expense": 1708000000.0,
        "Depreciation Amortization Depletion Income Statement": 32000000.0,
        "Depreciation And Amortization In Income Statement": 32000000.0,
        "Amortization": 32000000.0,
        "Amortization Of Intangibles Income Statement": 32000000.0,
        "Selling General And Administration": 1676000000.0,
        "Gross Profit": 2641000000.0,
        "Cost Of Revenue": 4633000000.0,
        "Total Revenue": 7274000000.0,
        "Operating Revenue": 7274000000.0
    },
    "2022-03-31": {
        "Diluted EPS": 0.61,
        "Total Revenue": NaN,
        "Gross Profit": NaN,
        "Operating Income": NaN,
        "EBIT": NaN,
        "Net Income": 855
    },
    "2021-12-31": {
        "Diluted EPS": 0.71,
        "Total Revenue": NaN,
        "Gross Profit": NaN,
        "Operating Income": NaN,
        "EBIT": NaN,
        "Net Income": NaN
    },
    "2021-09-30": {
        "Diluted EPS": 0.89,
        "Total Revenue": NaN,
        "Gross Profit": NaN,
        "Operating Income": NaN,
        "EBIT": NaN,
        "Net Income": NaN
    },
    "2021-06-30": {
        "Diluted EPS": 0.76,
        "Total Revenue": NaN,
        "Gross Profit": NaN,
        "Operating Income": 872,
        "EBIT": NaN,
        "Net Income": NaN
    },
    "2021-03-31": {
        "Diluted EPS": 0.68,
        "Total Revenue": NaN,
        "Gross Profit": NaN,
        "Operating Income": NaN,
        "EBIT": NaN,
        "Net Income": 961
    },
    "2020-12-31": {
        "Diluted EPS": 0.8,
        "Total Revenue": NaN,
        "Gross Profit": NaN,
        "Operating Income": NaN,
        "EBIT": NaN,
        "Net Income": NaN
    },
    "2020-09-30": {
        "Diluted EPS": 0.78,
        "Total Revenue": NaN,
        "Gross Profit": NaN,
        "Operating Income": NaN,
        "EBIT": NaN,
        "Net Income": NaN
    },
    "2020-06-30": {
        "Diluted EPS": 0.38,
        "Total Revenue": NaN,
        "Gross Profit": NaN,
        "Operating Income": 713,
        "EBIT": 985,
        "Net Income": 544
    },
    "2020-03-31": {
        "Diluted EPS": 0.51,
        "Total Revenue": NaN,
        "Gross Profit": NaN,
        "Operating Income": 856,
        "EBIT": NaN,
        "Net Income": 736
    },
    "2019-12-31": {
        "Diluted EPS": 0.53,
        "Total Revenue": NaN,
        "Gross Profit": NaN,
        "Operating Income": 906,
        "EBIT": NaN,
        "Net Income": 786
    },
    "2019-09-30": {
        "Diluted EPS": 0.98,
        "Total Revenue": NaN,
        "Gross Profit": NaN,
        "Operating Income": 876,
        "EBIT": NaN,
        "Net Income": NaN
    },
    "2019-06-30": {
        "Diluted EPS": 0.55,
        "Total Revenue": NaN,
        "Gross Profit": NaN,
        "Operating Income": NaN,
        "EBIT": NaN,
        "Net Income": 803
    },
    "2019-03-31": {
        "Diluted EPS": 0.63,
        "Total Revenue": NaN,
        "Gross Profit": NaN,
        "Operating Income": NaN,
        "EBIT": NaN,
        "Net Income": 914
    },
    "2018-12-31": {
        "Diluted EPS": 0.51,
        "Total Revenue": NaN,
        "Gross Profit": NaN,
        "Operating Income": 870,
        "EBIT": NaN,
        "Net Income": 759
    },
    "2018-09-30": {
        "Diluted EPS": 0.81,
        "Total Revenue": NaN,
        "Gross Profit": NaN,
        "Operating Income": 737,
        "EBIT": 943,
        "Net Income": NaN
    },
    "2018-06-30": {
        "Diluted EPS": 0.21,
        "Total Revenue": NaN,
        "Gross Profit": NaN,
        "Operating Income": 481,
        "EBIT": 681,
        "Net Income": 318
    },
    "2018-03-31": {
        "Diluted EPS": 0.7,
        "Total Revenue": NaN,
        "Gross Profit": NaN,
        "Operating Income": NaN,
        "EBIT": NaN,
        "Net Income": NaN
    },
    "2017-12-31": {
        "Diluted EPS": 0.48,
        "Total Revenue": NaN,
        "Gross Profit": NaN,
        "Operating Income": 830,
        "EBIT": NaN,
        "Net Income": 719
    },
    "2017-09-30": {
        "Diluted EPS": 0.64,
        "Total Revenue": NaN,
        "Gross Profit": NaN,
        "Operating Income": NaN,
        "EBIT": NaN,
        "Net Income": 981
    },
    "2017-06-30": {
        "Diluted EPS": 0.32,
        "Total Revenue": NaN,
        "Gross Profit": NaN,
        "Operating Income": 636,
        "EBIT": 828,
        "Net Income": 498
    },
    "2017-03-31": {
        "Diluted EPS": 0.41,
        "Total Revenue": NaN,
        "Gross Profit": NaN,
        "Operating Income": 825,
        "EBIT": NaN,
        "Net Income": 630
    },
    "2016-12-31": {
        "Diluted EPS": 0.05,
        "Total Revenue": NaN,
        "Gross Profit": NaN,
        "Operating Income": 492,
        "EBIT": 700,
        "Net Income": 69
    },
    "2016-09-30": {
        "Diluted EPS": 0.35,
        "Total Revenue": NaN,
        "Gross Profit": NaN,
        "Operating Income": 702,
        "EBIT": 909,
        "Net Income": 548
    },
    "2016-06-30": {
        "Diluted EPS": 0.29,
        "Total Revenue": NaN,
        "Gross Profit": NaN,
        "Operating Income": 638,
        "EBIT": 839,
        "Net Income": 464
    },
    "2016-03-31": {
        "Diluted EPS": 0.35,
        "Total Revenue": NaN,
        "Gross Profit": NaN,
        "Operating Income": 722,
        "EBIT": 929,
        "Net Income": 554
    },
    "2015-12-31": {
        "Diluted EPS": -0.46,
        "Total Revenue": NaN,
        "Gross Profit": NaN,
        "Operating Income": -557,
        "EBIT": -639,
        "Net Income": -729
    },
    "2015-09-30": {
        "Diluted EPS": 4.46,
        "Total Revenue": NaN,
        "Gross Profit": NaN,
        "Operating Income": NaN,
        "EBIT": NaN,
        "Net Income": NaN
    },
    "2015-06-30": {
        "Diluted EPS": 0.25,
        "Total Revenue": NaN,
        "Gross Profit": NaN,
        "Operating Income": 841,
        "EBIT": NaN,
        "Net Income": 406
    },
    "2015-03-31": {
        "Diluted EPS": 0.19,
        "Total Revenue": NaN,
        "Gross Profit": NaN,
        "Operating Income": 811,
        "EBIT": NaN,
        "Net Income": 324
    },
    "2014-12-31": {
        "Diluted EPS": 0.3,
        "Total Revenue": NaN,
        "Gross Profit": NaN,
        "Operating Income": 589,
        "EBIT": 851,
        "Net Income": 500
    },
    "2014-09-30": {
        "Diluted EPS": 0.53,
        "Total Revenue": NaN,
        "Gross Profit": NaN,
        "Operating Income": 853,
        "EBIT": NaN,
        "Net Income": 899
    },
    "2014-06-30": {
        "Diluted EPS": 0.36,
        "Total Revenue": NaN,
        "Gross Profit": NaN,
        "Operating Income": 957,
        "EBIT": NaN,
        "Net Income": 622
    },
    "2014-03-31": {
        "Diluted EPS": 0.09,
        "Total Revenue": NaN,
        "Gross Profit": NaN,
        "Operating Income": 843,
        "EBIT": NaN,
        "Net Income": 163
    },
    "2013-12-31": {
        "Diluted EPS": 1.0,
        "Total Revenue": NaN,
        "Gross Profit": NaN,
        "Operating Income": NaN,
        "EBIT": NaN,
        "Net Income": NaN
    },
    "2013-09-30": {
        "Diluted EPS": 0.56,
        "Total Revenue": NaN,
        "Gross Profit": NaN,
        "Operating Income": NaN,
        "EBIT": NaN,
        "Net Income": NaN
    },
    "2013-06-30": {
        "Diluted EPS": 0.33,
        "Total Revenue": NaN,
        "Gross Profit": NaN,
        "Operating Income": 865,
        "EBIT": NaN,
        "Net Income": 601
    },
    "2013-03-31": {
        "Diluted EPS": 0.3,
        "Total Revenue": NaN,
        "Gross Profit": NaN,
        "Operating Income": 834,
        "EBIT": NaN,
        "Net Income": 536
    },
    "2012-12-31": {
        "Diluted EPS": 0.31,
        "Total Revenue": NaN,
        "Gross Profit": NaN,
        "Operating Income": 959,
        "EBIT": NaN,
        "Net Income": 573
    },
    "2012-09-30": {
        "Diluted EPS": 0.36,
        "Total Revenue": NaN,
        "Gross Profit": NaN,
        "Operating Income": 838,
        "EBIT": NaN,
        "Net Income": 652
    },
    "2012-06-30": {
        "Diluted EPS": 0.58,
        "Total Revenue": NaN,
        "Gross Profit": NaN,
        "Operating Income": 937,
        "EBIT": NaN,
        "Net Income": NaN
    },
    "2012-03-31": {
        "Diluted EPS": 0.46,
        "Total Revenue": NaN,
        "Gross Profit": NaN,
        "Operating Income": 903,
        "EBIT": NaN,
        "Net Income": 813
    },
    "2011-12-31": {
        "Diluted EPS": 0.47,
        "Total Revenue": NaN,
        "Gross Profit": NaN,
        "Operating Income": 823,
        "EBIT": NaN,
        "Net Income": 830
    },
    "2011-09-30": {
        "Diluted EPS": 0.52,
        "Total Revenue": NaN,
        "Gross Profit": NaN,
        "Operating Income": NaN,
        "EBIT": NaN,
        "Net Income": 922
    },
    "2011-06-30": {
        "Diluted EPS": 0.55,
        "Total Revenue": NaN,
        "Gross Profit": NaN,
        "Operating Income": NaN,
        "EBIT": NaN,
        "Net Income": 976
    },
    "2011-03-31": {
        "Diluted EPS": 0.45,
        "Total Revenue": NaN,
        "Gross Profit": NaN,
        "Operating Income": NaN,
        "EBIT": NaN,
        "Net Income": 799
    },
    "2010-12-31": {
        "Diluted EPS": 0.31,
        "Total Revenue": NaN,
        "Gross Profit": NaN,
        "Operating Income": NaN,
        "EBIT": NaN,
        "Net Income": 540
    },
    "2010-09-30": {
        "Diluted EPS": 0.43,
        "Total Revenue": NaN,
        "Gross Profit": NaN,
        "Operating Income": NaN,
        "EBIT": NaN,
        "Net Income": 754
    },
    "2010-06-30": {
        "Diluted EPS": 0.53,
        "Total Revenue": NaN,
        "Gross Profit": NaN,
        "Operating Income": NaN,
        "EBIT": NaN,
        "Net Income": 937
    },
    "2010-03-31": {
        "Diluted EPS": 1.16,
        "Total Revenue": NaN,
        "Gross Profit": NaN,
        "Operating Income": NaN,
        "EBIT": NaN,
        "Net Income": NaN
    },
    "2009-12-31": {
        "Diluted EPS": 0.47,
        "Total Revenue": NaN,
        "Gross Profit": NaN,
        "Operating Income": NaN,
        "EBIT": NaN,
        "Net Income": 710
    },
    "2009-09-30": {
        "Diluted EPS": 0.55,
        "Total Revenue": NaN,
        "Gross Profit": NaN,
        "Operating Income": NaN,
        "EBIT": NaN,
        "Net Income": 824
    },
    "2009-06-30": {
        "Diluted EPS": 0.56,
        "Total Revenue": NaN,
        "Gross Profit": NaN,
        "Operating Income": NaN,
        "EBIT": NaN,
        "Net Income": 827
    },
    "2009-03-31": {
        "Diluted EPS": 0.45,
        "Total Revenue": NaN,
        "Gross Profit": NaN,
        "Operating Income": NaN,
        "EBIT": NaN,
        "Net Income": 660
    },
    "2023-09-30": {
        "Tax Effect Of Unusual Items": NaN,
        "Tax Rate For Calcs": NaN,
        "Normalized EBITDA": NaN,
        "Total Unusual Items": NaN,
        "Total Unusual Items Excluding Goodwill": NaN,
        "Net Income From Continuing Operation Net Minority Interest": NaN,
        "Reconciled Depreciation": NaN,
        "Reconciled Cost Of Revenue": NaN,
        "EBITDA": NaN,
        "EBIT": NaN,
        "Net Interest Income": NaN,
        "Interest Expense": NaN,
        "Interest Income": NaN,
        "Normalized Income": NaN,
        "Net Income From Continuing And Discontinued Operation": NaN,
        "Total Expenses": NaN,
        "Total Operating Income As Reported": NaN,
        "Diluted Average Shares": NaN,
        "Basic Average Shares": NaN,
        "Diluted EPS": NaN,
        "Basic EPS": NaN,
        "Diluted NI Availto Com Stockholders": NaN,
        "Net Income Common Stockholders": NaN,
        "Net Income": NaN,
        "Minority Interests": NaN,
        "Net Income Including Noncontrolling Interests": NaN,
        "Net Income Continuous Operations": NaN,
        "Earnings From Equity Interest Net Of Tax": NaN,
        "Tax Provision": NaN,
        "Pretax Income": NaN,
        "Other Income Expense": NaN,
        "Other Non Operating Income Expenses": NaN,
        "Special Income Charges": NaN,
        "Other Special Charges": NaN,
        "Impairment Of Capital Assets": NaN,
        "Gain On Sale Of Security": -1000000.0,
        "Net Non Operating Interest Income Expense": NaN,
        "Interest Expense Non Operating": NaN,
        "Interest Income Non Operating": NaN,
        "Operating Income": NaN,
        "Operating Expense": NaN,
        "Depreciation Amortization Depletion Income Statement": NaN,
        "Depreciation And Amortization In Income Statement": NaN,
        "Amortization": NaN,
        "Amortization Of Intangibles Income Statement": NaN,
        "Selling General And Administration": NaN,
        "Gross Profit": NaN,
        "Cost Of Revenue": NaN,
        "Total Revenue": NaN,
        "Operating Revenue": NaN
    },
    "2023-12-31": {
        "Tax Effect Of Unusual Items": NaN,
        "Tax Rate For Calcs": NaN,
        "Normalized EBITDA": NaN,
        "Total Unusual Items": NaN,
        "Total Unusual Items Excluding Goodwill": NaN,
        "Net Income From Continuing Operation Net Minority Interest": NaN,
        "Reconciled Depreciation": NaN,
        "Reconciled Cost Of Revenue": NaN,
        "EBITDA": NaN,
        "EBIT": NaN,
        "Net Interest Income": NaN,
        "Interest Expense": NaN,
        "Interest Income": NaN,
        "Normalized Income": NaN,
        "Net Income From Continuing And Discontinued Operation": NaN,
        "Total Expenses": NaN,
        "Total Operating Income As Reported": NaN,
        "Diluted Average Shares": NaN,
        "Basic Average Shares": NaN,
        "Diluted EPS": NaN,
        "Basic EPS": NaN,
        "Diluted NI Availto Com Stockholders": NaN,
        "Net Income Common Stockholders": NaN,
        "Net Income": NaN,
        "Minority Interests": NaN,
        "Net Income Including Noncontrolling Interests": NaN,
        "Net Income Continuous Operations": NaN,
        "Earnings From Equity Interest Net Of Tax": NaN,
        "Tax Provision": NaN,
        "Pretax Income": NaN,
        "Other Income Expense": NaN,
        "Other Non Operating Income Expenses": NaN,
        "Special Income Charges": NaN,
        "Other Special Charges": 0.0,
        "Impairment Of Capital Assets": NaN,
        "Gain On Sale Of Security": 0.0,
        "Net Non Operating Interest Income Expense": NaN,
        "Interest Expense Non Operating": NaN,
        "Interest Income Non Operating": NaN,
        "Operating Income": NaN,
        "Operating Expense": NaN,
        "Depreciation Amortization Depletion Income Statement": NaN,
        "Depreciation And Amortization In Income Statement": NaN,
        "Amortization": NaN,
        "Amortization Of Intangibles Income Statement": NaN,
        "Selling General And Administration": NaN,
        "Gross Profit": NaN,
        "Cost Of Revenue": NaN,
        "Total Revenue": NaN,
        "Operating Revenue": NaN
    },
    "2024-03-31": {
        "Tax Effect Of Unusual Items": NaN,
        "Tax Rate For Calcs": NaN,
        "Normalized EBITDA": NaN,
        "Total Unusual Items": NaN,
        "Total Unusual Items Excluding Goodwill": NaN,
        "Net Income From Continuing Operation Net Minority Interest": NaN,
        "Reconciled Depreciation": NaN,
        "Reconciled Cost Of Revenue": NaN,
        "EBITDA": NaN,
        "EBIT": NaN,
        "Net Interest Income": NaN,
        "Interest Expense": NaN,
        "Interest Income": 54000000.0,
        "Normalized Income": NaN,
        "Net Income From Continuing And Discontinued Operation": NaN,
        "Total Expenses": NaN,
        "Total Operating Income As Reported": NaN,
        "Diluted Average Shares": NaN,
        "Basic Average Shares": NaN,
        "Diluted EPS": NaN,
        "Basic EPS": NaN,
        "Diluted NI Availto Com Stockholders": NaN,
        "Net Income Common Stockholders": NaN,
        "Net Income": NaN,
        "Minority Interests": NaN,
        "Net Income Including Noncontrolling Interests": NaN,
        "Net Income Continuous Operations": NaN,
        "Earnings From Equity Interest Net Of Tax": NaN,
        "Tax Provision": NaN,
        "Pretax Income": NaN,
        "Other Income Expense": 30000000.0,
        "Other Non Operating Income Expenses": NaN,
        "Special Income Charges": NaN,
        "Other Special Charges": NaN,
        "Impairment Of Capital Assets": NaN,
        "Gain On Sale Of Security": NaN,
        "Net Non Operating Interest Income Expense": NaN,
        "Interest Expense Non Operating": NaN,
        "Interest Income Non Operating": 54000000.0,
        "Operating Income": NaN,
        "Operating Expense": NaN,
        "Depreciation Amortization Depletion Income Statement": NaN,
        "Depreciation And Amortization In Income Statement": NaN,
        "Amortization": NaN,
        "Amortization Of Intangibles Income Statement": NaN,
        "Selling General And Administration": NaN,
        "Gross Profit": NaN,
        "Cost Of Revenue": NaN,
        "Total Revenue": NaN,
        "Operating Revenue": NaN
    },
    "2024-06-30": {
        "Tax Effect Of Unusual Items": -5205882.352941,
        "Tax Rate For Calcs": 0.347059,
        "Normalized EBITDA": 1312000000.0,
        "Total Unusual Items": -15000000.0,
        "Total Unusual Items Excluding Goodwill": -15000000.0,
        "Net Income From Continuing Operation Net Minority Interest": 601000000.0,
        "Reconciled Depreciation": 317000000.0,
        "Reconciled Cost Of Revenue": 5266000000.0,
        "EBITDA": 1297000000.0,
        "EBIT": 980000000.0,
        "Net Interest Income": -130000000.0,
        "Interest Expense": 130000000.0,
        "Interest Income": 98000000.0,
        "Normalized Income": 610794117.647059,
        "Net Income From Continuing And Discontinued Operation": 601000000.0,
        "Total Expenses": 7474000000.0,
        "Total Operating Income As Reported": 854000000.0,
        "Diluted Average Shares": 1348000000.0,
        "Basic Average Shares": 1343000000.0,
        "Diluted EPS": 0.45,
        "Basic EPS": 0.45,
        "Diluted NI Availto Com Stockholders": 601000000.0,
        "Net Income Common Stockholders": 601000000.0,
        "Net Income": 601000000.0,
        "Minority Interests": -2000000.0,
        "Net Income Including Noncontrolling Interests": 603000000.0,
        "Net Income Continuous Operations": 603000000.0,
        "Earnings From Equity Interest Net Of Tax": 48000000.0,
        "Tax Provision": 295000000.0,
        "Pretax Income": 850000000.0,
        "Other Income Expense": 111000000.0,
        "Other Non Operating Income Expenses": 126000000.0,
        "Special Income Charges": -15000000.0,
        "Other Special Charges": NaN,
        "Impairment Of Capital Assets": 15000000.0,
        "Gain On Sale Of Security": NaN,
        "Net Non Operating Interest Income Expense": -130000000.0,
        "Interest Expense Non Operating": 130000000.0,
        "Interest Income Non Operating": 98000000.0,
        "Operating Income": 869000000.0,
        "Operating Expense": 1928000000.0,
        "Depreciation Amortization Depletion Income Statement": 37000000.0,
        "Depreciation And Amortization In Income Statement": 37000000.0,
        "Amortization": 37000000.0,
        "Amortization Of Intangibles Income Statement": 37000000.0,
        "Selling General And Administration": 1891000000.0,
        "Gross Profit": 2797000000.0,
        "Cost Of Revenue": 5546000000.0,
        "Total Revenue": 8343000000.0,
        "Operating Revenue": 8343000000.0
    },
    "2024-09-30": {
        "Tax Effect Of Unusual Items": -50688000.0,
        "Tax Rate For Calcs": 0.288,
        "Normalized EBITDA": 1772000000.0,
        "Total Unusual Items": -176000000.0,
        "Total Unusual Items Excluding Goodwill": -176000000.0,
        "Net Income From Continuing Operation Net Minority Interest": 853000000.0,
        "Reconciled Depreciation": 335000000.0,
        "Reconciled Cost Of Revenue": 5910000000.0,
        "EBITDA": 1596000000.0,
        "EBIT": 1261000000.0,
        "Net Interest Income": -129000000.0,
        "Interest Expense": 129000000.0,
        "Interest Income": 83000000.0,
        "Normalized Income": 978312000.0,
        "Net Income From Continuing And Discontinued Operation": 853000000.0,
        "Total Expenses": 7875000000.0,
        "Total Operating Income As Reported": 1153000000.0,
        "Diluted Average Shares": 1344000000.0,
        "Basic Average Shares": 1339000000.0,
        "Diluted EPS": 0.63,
        "Basic EPS": 0.64,
        "Diluted NI Availto Com Stockholders": 853000000.0,
        "Net Income Common Stockholders": 853000000.0,
        "Net Income": 853000000.0,
        "Minority Interests": -3000000.0,
        "Net Income Including Noncontrolling Interests": 856000000.0,
        "Net Income Continuous Operations": 856000000.0,
        "Earnings From Equity Interest Net Of Tax": 50000000.0,
        "Tax Provision": 326000000.0,
        "Pretax Income": 1132000000.0,
        "Other Income Expense": -68000000.0,
        "Other Non Operating Income Expenses": 108000000.0,
        "Special Income Charges": -176000000.0,
        "Other Special Charges": NaN,
        "Impairment Of Capital Assets": 176000000.0,
        "Gain On Sale Of Security": NaN,
        "Net Non Operating Interest Income Expense": -129000000.0,
        "Interest Expense Non Operating": 129000000.0,
        "Interest Income Non Operating": 83000000.0,
        "Operating Income": 1329000000.0,
        "Operating Expense": 1670000000.0,
        "Depreciation Amortization Depletion Income Statement": 40000000.0,
        "Depreciation And Amortization In Income Statement": 40000000.0,
        "Amortization": 40000000.0,
        "Amortization Of Intangibles Income Statement": 40000000.0,
        "Selling General And Administration": 1630000000.0,
        "Gross Profit": 2999000000.0,
        "Cost Of Revenue": 6205000000.0,
        "Total Revenue": 9204000000.0,
        "Operating Revenue": 9204000000.0
    },
    "2024-12-31": {
        "Tax Effect Of Unusual Items": -11090795.241077,
        "Tax Rate For Calcs": 0.135254,
        "Normalized EBITDA": 2137000000.0,
        "Total Unusual Items": -82000000.0,
        "Total Unusual Items Excluding Goodwill": -82000000.0,
        "Net Income From Continuing Operation Net Minority Interest": 1745000000.0,
        "Reconciled Depreciation": 331000000.0,
        "Reconciled Cost Of Revenue": 5600000000.0,
        "EBITDA": 2055000000.0,
        "EBIT": 1724000000.0,
        "Net Interest Income": 201000000.0,
        "Interest Expense": 127000000.0,
        "Interest Income": 93000000.0,
        "Normalized Income": 1815909204.758923,
        "Net Income From Continuing And Discontinued Operation": 1745000000.0,
        "Total Expenses": 7911000000.0,
        "Total Operating Income As Reported": 1611000000.0,
        "Diluted Average Shares": 1340000000.0,
        "Basic Average Shares": 1336000000.0,
        "Diluted EPS": 1.3,
        "Basic EPS": 1.31,
        "Diluted NI Availto Com Stockholders": 1745000000.0,
        "Net Income Common Stockholders": 1745000000.0,
        "Net Income": 1745000000.0,
        "Minority Interests": -3000000.0,
        "Net Income Including Noncontrolling Interests": 1748000000.0,
        "Net Income Continuous Operations": 1748000000.0,
        "Earnings From Equity Interest Net Of Tax": 367000000.0,
        "Tax Provision": 216000000.0,
        "Pretax Income": 1597000000.0,
        "Other Income Expense": -297000000.0,
        "Other Non Operating Income Expenses": -215000000.0,
        "Special Income Charges": -82000000.0,
        "Other Special Charges": NaN,
        "Impairment Of Capital Assets": 86000000.0,
        "Gain On Sale Of Security": NaN,
        "Net Non Operating Interest Income Expense": 201000000.0,
        "Interest Expense Non Operating": 127000000.0,
        "Interest Income Non Operating": 93000000.0,
        "Operating Income": 1693000000.0,
        "Operating Expense": 2018000000.0,
        "Depreciation Amortization Depletion Income Statement": 38000000.0,
        "Depreciation And Amortization In Income Statement": 38000000.0,
        "Amortization": 38000000.0,
        "Amortization Of Intangibles Income Statement": 38000000.0,
        "Selling General And Administration": 1980000000.0,
        "Gross Profit": 3711000000.0,
        "Cost Of Revenue": 5893000000.0,
        "Total Revenue": 9604000000.0,
        "Operating Revenue": 9604000000.0
    },
    "2025-03-31": {
        "Tax Effect Of Unusual Items": -566000.0,
        "Tax Rate For Calcs": 0.283,
        "Normalized EBITDA": 1008000000.0,
        "Total Unusual Items": -2000000.0,
        "Total Unusual Items Excluding Goodwill": -2000000.0,
        "Net Income From Continuing Operation Net Minority Interest": 402000000.0,
        "Reconciled Depreciation": 324000000.0,
        "Reconciled Cost Of Revenue": 6596000000.0,
        "EBITDA": 1006000000.0,
        "EBIT": 682000000.0,
        "Net Interest Income": -137000000.0,
        "Interest Expense": 137000000.0,
        "Interest Income": NaN,
        "Normalized Income": 403434000.0,
        "Net Income From Continuing And Discontinued Operation": 402000000.0,
        "Total Expenses": 8631000000.0,
        "Total Operating Income As Reported": 680000000.0,
        "Diluted Average Shares": 1305000000.0,
        "Basic Average Shares": 1301000000.0,
        "Diluted EPS": 0.31,
        "Basic EPS": 0.31,
        "Diluted NI Availto Com Stockholders": 402000000.0,
        "Net Income Common Stockholders": 402000000.0,
        "Net Income": 402000000.0,
        "Minority Interests": -5000000.0,
        "Net Income Including Noncontrolling Interests": 407000000.0,
        "Net Income Continuous Operations": 407000000.0,
        "Earnings From Equity Interest Net Of Tax": 16000000.0,
        "Tax Provision": 154000000.0,
        "Pretax Income": 545000000.0,
        "Other Income Expense": NaN,
        "Other Non Operating Income Expenses": 2000000.0,
        "Special Income Charges": -2000000.0,
        "Other Special Charges": NaN,
        "Impairment Of Capital Assets": 2000000.0,
        "Gain On Sale Of Security": NaN,
        "Net Non Operating Interest Income Expense": -137000000.0,
        "Interest Expense Non Operating": 137000000.0,
        "Interest Income Non Operating": NaN,
        "Operating Income": 682000000.0,
        "Operating Expense": 1748000000.0,
        "Depreciation Amortization Depletion Income Statement": 37000000.0,
        "Depreciation And Amortization In Income Statement": 37000000.0,
        "Amortization": 37000000.0,
        "Amortization Of Intangibles Income Statement": 37000000.0,
        "Selling General And Administration": 1711000000.0,
        "Gross Profit": 2430000000.0,
        "Cost Of Revenue": 6883000000.0,
        "Total Revenue": 9313000000.0,
        "Operating Revenue": 9313000000.0
    },
    "2025-06-30": {
        "Tax Effect Of Unusual Items": -538011.695906,
        "Tax Rate For Calcs": 0.269006,
        "Normalized EBITDA": 1347000000.0,
        "Total Unusual Items": -2000000.0,
        "Total Unusual Items Excluding Goodwill": -2000000.0,
        "Net Income From Continuing Operation Net Minority Interest": 641000000.0,
        "Reconciled Depreciation": 339000000.0,
        "Reconciled Cost Of Revenue": 5746000000.0,
        "EBITDA": 1345000000.0,
        "EBIT": 1006000000.0,
        "Net Interest Income": -53000000.0,
        "Interest Expense": 151000000.0,
        "Interest Income": 98000000.0,
        "Normalized Income": 642461988.304094,
        "Net Income From Continuing And Discontinued Operation": 641000000.0,
        "Total Expenses": 7810000000.0,
        "Total Operating Income As Reported": 1172000000.0,
        "Diluted Average Shares": 1299000000.0,
        "Basic Average Shares": 1295000000.0,
        "Diluted EPS": 0.49,
        "Basic EPS": 0.49,
        "Diluted NI Availto Com Stockholders": 641000000.0,
        "Net Income Common Stockholders": 641000000.0,
        "Net Income": 641000000.0,
        "Minority Interests": -3000000.0,
        "Net Income Including Noncontrolling Interests": 644000000.0,
        "Net Income Continuous Operations": 644000000.0,
        "Earnings From Equity Interest Net Of Tax": 19000000.0,
        "Tax Provision": 230000000.0,
        "Pretax Income": 855000000.0,
        "Other Income Expense": -266000000.0,
        "Other Non Operating Income Expenses": -264000000.0,
        "Special Income Charges": -2000000.0,
        "Other Special Charges": NaN,
        "Impairment Of Capital Assets": 2000000.0,
        "Gain On Sale Of Security": NaN,
        "Net Non Operating Interest Income Expense": -53000000.0,
        "Interest Expense Non Operating": 151000000.0,
        "Interest Income Non Operating": 98000000.0,
        "Operating Income": 1174000000.0,
        "Operating Expense": 1763000000.0,
        "Depreciation Amortization Depletion Income Statement": 38000000.0,
        "Depreciation And Amortization In Income Statement": 38000000.0,
        "Amortization": 38000000.0,
        "Amortization Of Intangibles Income Statement": 38000000.0,
        "Selling General And Administration": 1725000000.0,
        "Gross Profit": 2937000000.0,
        "Cost Of Revenue": 6047000000.0,
        "Total Revenue": 8984000000.0,
        "Operating Revenue": 8984000000.0
    }
}