{
    "2023-04-30": {
        "Tax Effect Of Unusual Items": NaN,
        "Tax Rate For Calcs": NaN,
        "Normalized EBITDA": NaN,
        "Total Unusual Items": NaN,
        "Total Unusual Items Excluding Goodwill": NaN,
        "Net Income From Continuing Operation Net Minority Interest": NaN,
        "Reconciled Depreciation": NaN,
        "Reconciled Cost Of Revenue": NaN,
        "EBITDA": NaN,
        "EBIT": NaN,
        "Net Interest Income": NaN,
        "Interest Expense": NaN,
        "Normalized Income": NaN,
        "Net Income From Continuing And Discontinued Operation": NaN,
        "Total Expenses": NaN,
        "Total Operating Income As Reported": NaN,
        "Diluted Average Shares": 1332800000.0,
        "Basic Average Shares": 1330400000.0,
        "Diluted EPS": 0.88,
        "Basic EPS": 0.89,
        "Diluted NI Availto Com Stockholders": NaN,
        "Net Income Common Stockholders": NaN,
        "Net Income": NaN,
        "Minority Interests": NaN,
        "Net Income Including Noncontrolling Interests": NaN,
        "Net Income Continuous Operations": NaN,
        "Tax Provision": NaN,
        "Pretax Income": NaN,
        "Other Income Expense": NaN,
        "Other Non Operating Income Expenses": NaN,
        "Special Income Charges": NaN,
        "Other Special Charges": NaN,
        "Restructuring And Mergern Acquisition": NaN,
        "Net Non Operating Interest Income Expense": NaN,
        "Interest Expense Non Operating": NaN,
        "Operating Income": NaN,
        "Operating Expense": NaN,
        "Other Operating Expenses": NaN,
        "Depreciation Amortization Depletion Income Statement": NaN,
        "Depreciation And Amortization In Income Statement": NaN,
        "Amortization": NaN,
        "Amortization Of Intangibles Income Statement": NaN,
        "Research And Development": NaN,
        "Selling General And Administration": NaN,
        "Gross Profit": NaN,
        "Cost Of Revenue": NaN,
        "Total Revenue": NaN,
        "Operating Revenue": NaN
    },
    "2023-01-31": {
        "Tax Effect Of Unusual Items": NaN,
        "Tax Rate For Calcs": NaN,
        "Normalized EBITDA": NaN,
        "Total Unusual Items": NaN,
        "Total Unusual Items Excluding Goodwill": NaN,
        "Net Income From Continuing Operation Net Minority Interest": NaN,
        "Reconciled Depreciation": NaN,
        "Reconciled Cost Of Revenue": NaN,
        "EBITDA": NaN,
        "EBIT": NaN,
        "Net Interest Income": NaN,
        "Interest Expense": NaN,
        "Normalized Income": NaN,
        "Net Income From Continuing And Discontinued Operation": NaN,
        "Total Expenses": NaN,
        "Total Operating Income As Reported": NaN,
        "Diluted Average Shares": 1332000000.0,
        "Basic Average Shares": 1330200000.0,
        "Diluted EPS": 0.92,
        "Basic EPS": 0.92,
        "Diluted NI Availto Com Stockholders": NaN,
        "Net Income Common Stockholders": NaN,
        "Net Income": NaN,
        "Minority Interests": NaN,
        "Net Income Including Noncontrolling Interests": NaN,
        "Net Income Continuous Operations": NaN,
        "Tax Provision": NaN,
        "Pretax Income": NaN,
        "Other Income Expense": NaN,
        "Other Non Operating Income Expenses": NaN,
        "Special Income Charges": NaN,
        "Other Special Charges": NaN,
        "Restructuring And Mergern Acquisition": NaN,
        "Net Non Operating Interest Income Expense": NaN,
        "Interest Expense Non Operating": NaN,
        "Operating Income": NaN,
        "Operating Expense": NaN,
        "Other Operating Expenses": NaN,
        "Depreciation Amortization Depletion Income Statement": NaN,
        "Depreciation And Amortization In Income Statement": NaN,
        "Amortization": NaN,
        "Amortization Of Intangibles Income Statement": NaN,
        "Research And Development": NaN,
        "Selling General And Administration": NaN,
        "Gross Profit": NaN,
        "Cost Of Revenue": NaN,
        "Total Revenue": NaN,
        "Operating Revenue": NaN
    },
    "2022-10-31": {
        "Tax Effect Of Unusual Items": -6300000.0,
        "Tax Rate For Calcs": 0.21,
        "Normalized EBITDA": 2214000000.0,
        "Total Unusual Items": -30000000.0,
        "Total Unusual Items Excluding Goodwill": -30000000.0,
        "Net Income From Continuing Operation Net Minority Interest": 427000000.0,
        "Reconciled Depreciation": 671000000.0,
        "Reconciled Cost Of Revenue": 2285000000.0,
        "EBITDA": 2184000000.0,
        "EBIT": 1513000000.0,
        "Net Interest Income": -118000000.0,
        "Interest Expense": 118000000.0,
        "Normalized Income": 450700000.0,
        "Net Income From Continuing And Discontinued Operation": 427000000.0,
        "Total Expenses": 6152000000.0,
        "Total Operating Income As Reported": 1404000000.0,
        "Diluted Average Shares": 1332000000.0,
        "Basic Average Shares": 1329400000.0,
        "Diluted EPS": 0.32,
        "Basic EPS": 0.32,
        "Diluted NI Availto Com Stockholders": 427000000.0,
        "Net Income Common Stockholders": 427000000.0,
        "Net Income": 427000000.0,
        "Minority Interests": -8000000.0,
        "Net Income Including Noncontrolling Interests": 435000000.0,
        "Net Income Continuous Operations": 435000000.0,
        "Tax Provision": 959000000.0,
        "Pretax Income": 1395000000.0,
        "Other Income Expense": 79000000.0,
        "Other Non Operating Income Expenses": 109000000.0,
        "Special Income Charges": -30000000.0,
        "Other Special Charges": NaN,
        "Restructuring And Mergern Acquisition": 30000000.0,
        "Net Non Operating Interest Income Expense": -118000000.0,
        "Interest Expense Non Operating": 118000000.0,
        "Operating Income": 1433000000.0,
        "Operating Expense": 3617000000.0,
        "Other Operating Expenses": -97000000.0,
        "Depreciation Amortization Depletion Income Statement": 421000000.0,
        "Depreciation And Amortization In Income Statement": 421000000.0,
        "Amortization": 421000000.0,
        "Amortization Of Intangibles Income Statement": 421000000.0,
        "Research And Development": 676000000.0,
        "Selling General And Administration": 2617000000.0,
        "Gross Profit": 5050000000.0,
        "Cost Of Revenue": 2535000000.0,
        "Total Revenue": 7585000000.0,
        "Operating Revenue": 7585000000.0
    },
    "2022-07-31": {
        "Tax Effect Of Unusual Items": -1498000.0,
        "Tax Rate For Calcs": 0.107,
        "Normalized EBITDA": 1890000000.0,
        "Total Unusual Items": -14000000.0,
        "Total Unusual Items Excluding Goodwill": -14000000.0,
        "Net Income From Continuing Operation Net Minority Interest": 929000000.0,
        "Reconciled Depreciation": 668000000.0,
        "Reconciled Cost Of Revenue": 2271000000.0,
        "EBITDA": 1876000000.0,
        "EBIT": 1208000000.0,
        "Net Interest Income": -164000000.0,
        "Interest Expense": 164000000.0,
        "Normalized Income": 941502000.0,
        "Net Income From Continuing And Discontinued Operation": 929000000.0,
        "Total Expenses": 6233000000.0,
        "Total Operating Income As Reported": 1125000000.0,
        "Diluted Average Shares": 1334500000.0,
        "Basic Average Shares": 1329400000.0,
        "Diluted EPS": 0.7,
        "Basic EPS": 0.7,
        "Diluted NI Availto Com Stockholders": 929000000.0,
        "Net Income Common Stockholders": 929000000.0,
        "Net Income": 929000000.0,
        "Minority Interests": -2000000.0,
        "Net Income Including Noncontrolling Interests": 931000000.0,
        "Net Income Continuous Operations": 931000000.0,
        "Tax Provision": 112000000.0,
        "Pretax Income": 1044000000.0,
        "Other Income Expense": 69000000.0,
        "Other Non Operating Income Expenses": 83000000.0,
        "Special Income Charges": -14000000.0,
        "Other Special Charges": NaN,
        "Restructuring And Mergern Acquisition": 14000000.0,
        "Net Non Operating Interest Income Expense": -164000000.0,
        "Interest Expense Non Operating": 164000000.0,
        "Operating Income": 1138000000.0,
        "Operating Expense": 3717000000.0,
        "Other Operating Expenses": 35000000.0,
        "Depreciation Amortization Depletion Income Statement": 423000000.0,
        "Depreciation And Amortization In Income Statement": 423000000.0,
        "Amortization": 423000000.0,
        "Amortization Of Intangibles Income Statement": 423000000.0,
        "Research And Development": 692000000.0,
        "Selling General And Administration": 2567000000.0,
        "Gross Profit": 4855000000.0,
        "Cost Of Revenue": 2516000000.0,
        "Total Revenue": 7371000000.0,
        "Operating Revenue": 7371000000.0
    },
    "2022-04-30": {
        "Diluted EPS": 1.1,
        "Total Revenue": NaN,
        "Gross Profit": NaN,
        "Operating Income": NaN,
        "EBIT": NaN,
        "Net Income": NaN
    },
    "2022-01-31": {
        "Diluted EPS": 1.1,
        "Total Revenue": NaN,
        "Gross Profit": NaN,
        "Operating Income": NaN,
        "EBIT": NaN,
        "Net Income": NaN
    },
    "2021-10-31": {
        "Diluted EPS": 0.97,
        "Total Revenue": NaN,
        "Gross Profit": NaN,
        "Operating Income": NaN,
        "EBIT": NaN,
        "Net Income": NaN
    },
    "2021-07-31": {
        "Diluted EPS": 0.56,
        "Total Revenue": NaN,
        "Gross Profit": NaN,
        "Operating Income": 859,
        "EBIT": NaN,
        "Net Income": 763
    },
    "2021-04-30": {
        "Diluted EPS": 1.0,
        "Total Revenue": NaN,
        "Gross Profit": NaN,
        "Operating Income": NaN,
        "EBIT": NaN,
        "Net Income": NaN
    },
    "2021-01-31": {
        "Diluted EPS": 0.94,
        "Total Revenue": NaN,
        "Gross Profit": NaN,
        "Operating Income": NaN,
        "EBIT": NaN,
        "Net Income": NaN
    },
    "2020-10-31": {
        "Diluted EPS": 0.36,
        "Total Revenue": NaN,
        "Gross Profit": NaN,
        "Operating Income": 930,
        "EBIT": NaN,
        "Net Income": 489
    },
    "2020-07-31": {
        "Diluted EPS": 0.36,
        "Total Revenue": NaN,
        "Gross Profit": NaN,
        "Operating Income": 673,
        "EBIT": NaN,
        "Net Income": 487
    },
    "2020-04-30": {
        "Diluted EPS": 0.47,
        "Total Revenue": NaN,
        "Gross Profit": NaN,
        "Operating Income": 316,
        "EBIT": 988,
        "Net Income": 646
    },
    "2020-01-31": {
        "Diluted EPS": 1.42,
        "Total Revenue": NaN,
        "Gross Profit": NaN,
        "Operating Income": NaN,
        "EBIT": NaN,
        "Net Income": NaN
    },
    "2019-10-31": {
        "Diluted EPS": 1.01,
        "Total Revenue": NaN,
        "Gross Profit": NaN,
        "Operating Income": NaN,
        "EBIT": NaN,
        "Net Income": NaN
    },
    "2019-07-31": {
        "Diluted EPS": 0.64,
        "Total Revenue": NaN,
        "Gross Profit": NaN,
        "Operating Income": NaN,
        "EBIT": NaN,
        "Net Income": 864
    },
    "2019-04-30": {
        "Diluted EPS": 0.86,
        "Total Revenue": NaN,
        "Gross Profit": NaN,
        "Operating Income": NaN,
        "EBIT": NaN,
        "Net Income": NaN
    },
    "2019-01-31": {
        "Diluted EPS": 0.94,
        "Total Revenue": NaN,
        "Gross Profit": NaN,
        "Operating Income": NaN,
        "EBIT": NaN,
        "Net Income": NaN
    },
    "2018-10-31": {
        "Diluted EPS": 0.82,
        "Total Revenue": NaN,
        "Gross Profit": NaN,
        "Operating Income": NaN,
        "EBIT": NaN,
        "Net Income": NaN
    },
    "2018-07-31": {
        "Diluted EPS": 0.79,
        "Total Revenue": NaN,
        "Gross Profit": NaN,
        "Operating Income": NaN,
        "EBIT": NaN,
        "Net Income": NaN
    },
    "2018-04-30": {
        "Diluted EPS": 1.08,
        "Total Revenue": NaN,
        "Gross Profit": NaN,
        "Operating Income": NaN,
        "EBIT": NaN,
        "Net Income": NaN
    },
    "2018-01-31": {
        "Diluted EPS": -1.03,
        "Total Revenue": NaN,
        "Gross Profit": NaN,
        "Operating Income": NaN,
        "EBIT": NaN,
        "Net Income": NaN
    },
    "2017-10-31": {
        "Diluted EPS": 1.48,
        "Total Revenue": NaN,
        "Gross Profit": NaN,
        "Operating Income": NaN,
        "EBIT": NaN,
        "Net Income": NaN
    },
    "2017-07-31": {
        "Diluted EPS": 0.74,
        "Total Revenue": NaN,
        "Gross Profit": NaN,
        "Operating Income": NaN,
        "EBIT": NaN,
        "Net Income": NaN
    },
    "2017-04-30": {
        "Diluted EPS": 0.84,
        "Total Revenue": NaN,
        "Gross Profit": NaN,
        "Operating Income": NaN,
        "EBIT": NaN,
        "Net Income": NaN
    },
    "2017-01-31": {
        "Diluted EPS": 0.59,
        "Total Revenue": NaN,
        "Gross Profit": NaN,
        "Operating Income": NaN,
        "EBIT": NaN,
        "Net Income": 821
    },
    "2016-10-31": {
        "Diluted EPS": 0.8,
        "Total Revenue": NaN,
        "Gross Profit": NaN,
        "Operating Income": NaN,
        "EBIT": NaN,
        "Net Income": NaN
    },
    "2016-07-31": {
        "Diluted EPS": 0.66,
        "Total Revenue": NaN,
        "Gross Profit": NaN,
        "Operating Income": NaN,
        "EBIT": NaN,
        "Net Income": 929
    },
    "2016-04-30": {
        "Diluted EPS": 0.78,
        "Total Revenue": NaN,
        "Gross Profit": NaN,
        "Operating Income": NaN,
        "EBIT": NaN,
        "Net Income": NaN
    },
    "2016-01-31": {
        "Diluted EPS": 0.77,
        "Total Revenue": NaN,
        "Gross Profit": NaN,
        "Operating Income": NaN,
        "EBIT": NaN,
        "Net Income": NaN
    },
    "2015-10-31": {
        "Diluted EPS": 0.36,
        "Total Revenue": NaN,
        "Gross Profit": NaN,
        "Operating Income": NaN,
        "EBIT": NaN,
        "Net Income": 520
    },
    "2015-07-31": {
        "Diluted EPS": 0.57,
        "Total Revenue": NaN,
        "Gross Profit": NaN,
        "Operating Income": NaN,
        "EBIT": NaN,
        "Net Income": 820
    },
    "2015-04-30": {
        "Diluted EPS": -0.27,
        "Total Revenue": NaN,
        "Gross Profit": NaN,
        "Operating Income": 159,
        "EBIT": 843,
        "Net Income": -1
    },
    "2015-01-31": {
        "Diluted EPS": 0.98,
        "Total Revenue": NaN,
        "Gross Profit": NaN,
        "Operating Income": NaN,
        "EBIT": NaN,
        "Net Income": 977
    },
    "2014-10-31": {
        "Diluted EPS": 0.83,
        "Total Revenue": NaN,
        "Gross Profit": NaN,
        "Operating Income": NaN,
        "EBIT": NaN,
        "Net Income": 828
    },
    "2014-07-31": {
        "Diluted EPS": 0.87,
        "Total Revenue": NaN,
        "Gross Profit": NaN,
        "Operating Income": NaN,
        "EBIT": NaN,
        "Net Income": 871
    },
    "2014-04-30": {
        "Diluted EPS": 0.45,
        "Total Revenue": NaN,
        "Gross Profit": NaN,
        "Operating Income": 305,
        "EBIT": 522,
        "Net Income": 448
    },
    "2014-01-31": {
        "Diluted EPS": 0.75,
        "Total Revenue": NaN,
        "Gross Profit": NaN,
        "Operating Income": NaN,
        "EBIT": NaN,
        "Net Income": 762
    },
    "2013-10-31": {
        "Diluted EPS": 0.89,
        "Total Revenue": NaN,
        "Gross Profit": NaN,
        "Operating Income": NaN,
        "EBIT": NaN,
        "Net Income": 902
    },
    "2013-07-31": {
        "Diluted EPS": 0.93,
        "Total Revenue": NaN,
        "Gross Profit": NaN,
        "Operating Income": NaN,
        "EBIT": NaN,
        "Net Income": 953
    },
    "2013-04-30": {
        "Diluted EPS": 0.94,
        "Total Revenue": NaN,
        "Gross Profit": NaN,
        "Operating Income": NaN,
        "EBIT": NaN,
        "Net Income": 969
    },
    "2013-01-31": {
        "Diluted EPS": 0.97,
        "Total Revenue": NaN,
        "Gross Profit": NaN,
        "Operating Income": NaN,
        "EBIT": NaN,
        "Net Income": 988
    },
    "2012-10-31": {
        "Diluted EPS": 0.63,
        "Total Revenue": NaN,
        "Gross Profit": NaN,
        "Operating Income": NaN,
        "EBIT": NaN,
        "Net Income": 646
    },
    "2012-07-31": {
        "Diluted EPS": 0.83,
        "Total Revenue": NaN,
        "Gross Profit": NaN,
        "Operating Income": NaN,
        "EBIT": NaN,
        "Net Income": 864
    },
    "2012-04-30": {
        "Diluted EPS": 0.94,
        "Total Revenue": NaN,
        "Gross Profit": NaN,
        "Operating Income": NaN,
        "EBIT": NaN,
        "Net Income": 990
    },
    "2012-01-31": {
        "Diluted EPS": 0.88,
        "Total Revenue": NaN,
        "Gross Profit": NaN,
        "Operating Income": NaN,
        "EBIT": NaN,
        "Net Income": 935
    },
    "2011-10-31": {
        "Diluted EPS": 0.82,
        "Total Revenue": NaN,
        "Gross Profit": NaN,
        "Operating Income": NaN,
        "EBIT": NaN,
        "Net Income": 871
    },
    "2011-07-31": {
        "Diluted EPS": 0.77,
        "Total Revenue": NaN,
        "Gross Profit": NaN,
        "Operating Income": NaN,
        "EBIT": NaN,
        "Net Income": 821
    },
    "2011-04-30": {
        "Diluted EPS": 0.72,
        "Total Revenue": NaN,
        "Gross Profit": NaN,
        "Operating Income": 982,
        "EBIT": NaN,
        "Net Income": 776
    },
    "2011-01-31": {
        "Diluted EPS": 0.86,
        "Total Revenue": NaN,
        "Gross Profit": NaN,
        "Operating Income": NaN,
        "EBIT": NaN,
        "Net Income": 924
    },
    "2010-10-31": {
        "Diluted EPS": 0.52,
        "Total Revenue": NaN,
        "Gross Profit": NaN,
        "Operating Income": NaN,
        "EBIT": NaN,
        "Net Income": 566
    },
    "2010-07-31": {
        "Diluted EPS": 0.76,
        "Total Revenue": NaN,
        "Gross Profit": NaN,
        "Operating Income": NaN,
        "EBIT": NaN,
        "Net Income": 830
    },
    "2010-04-30": {
        "Diluted EPS": 0.86,
        "Total Revenue": NaN,
        "Gross Profit": NaN,
        "Operating Income": NaN,
        "EBIT": NaN,
        "Net Income": 955
    },
    "2010-01-31": {
        "Diluted EPS": 0.75,
        "Total Revenue": NaN,
        "Gross Profit": NaN,
        "Operating Income": NaN,
        "EBIT": NaN,
        "Net Income": 831
    },
    "2009-10-31": {
        "Diluted EPS": 0.78,
        "Total Revenue": NaN,
        "Gross Profit": NaN,
        "Operating Income": NaN,
        "EBIT": NaN,
        "Net Income": 868
    },
    "2009-07-31": {
        "Diluted EPS": 0.4,
        "Total Revenue": NaN,
        "Gross Profit": NaN,
        "Operating Income": NaN,
        "EBIT": NaN,
        "Net Income": 445
    },
    "2009-04-30": {
        "Diluted EPS": 0.1,
        "Total Revenue": NaN,
        "Gross Profit": NaN,
        "Operating Income": 660,
        "EBIT": 877,
        "Net Income": 102
    },
    "2009-01-31": {
        "Diluted EPS": 0.62,
        "Total Revenue": NaN,
        "Gross Profit": NaN,
        "Operating Income": 980,
        "EBIT": NaN,
        "Net Income": 698
    },
    "2023-07-31": {
        "Tax Effect Of Unusual Items": NaN,
        "Tax Rate For Calcs": NaN,
        "Normalized EBITDA": NaN,
        "Total Unusual Items": NaN,
        "Total Unusual Items Excluding Goodwill": NaN,
        "Net Income From Continuing Operation Net Minority Interest": NaN,
        "Reconciled Depreciation": NaN,
        "Reconciled Cost Of Revenue": NaN,
        "EBITDA": NaN,
        "EBIT": NaN,
        "Net Interest Income": NaN,
        "Interest Expense": NaN,
        "Normalized Income": NaN,
        "Net Income From Continuing And Discontinued Operation": NaN,
        "Total Expenses": NaN,
        "Total Operating Income As Reported": NaN,
        "Diluted Average Shares": NaN,
        "Basic Average Shares": NaN,
        "Diluted EPS": NaN,
        "Basic EPS": NaN,
        "Diluted NI Availto Com Stockholders": NaN,
        "Net Income Common Stockholders": NaN,
        "Net Income": NaN,
        "Minority Interests": NaN,
        "Net Income Including Noncontrolling Interests": NaN,
        "Net Income Continuous Operations": NaN,
        "Tax Provision": NaN,
        "Pretax Income": NaN,
        "Other Income Expense": NaN,
        "Other Non Operating Income Expenses": NaN,
        "Special Income Charges": NaN,
        "Other Special Charges": 40000000.0,
        "Restructuring And Mergern Acquisition": NaN,
        "Net Non Operating Interest Income Expense": NaN,
        "Interest Expense Non Operating": NaN,
        "Operating Income": NaN,
        "Operating Expense": NaN,
        "Other Operating Expenses": NaN,
        "Depreciation Amortization Depletion Income Statement": NaN,
        "Depreciation And Amortization In Income Statement": NaN,
        "Amortization": NaN,
        "Amortization Of Intangibles Income Statement": NaN,
        "Research And Development": NaN,
        "Selling General And Administration": NaN,
        "Gross Profit": NaN,
        "Cost Of Revenue": NaN,
        "Total Revenue": NaN,
        "Operating Revenue": NaN
    },
    "2023-10-31": {
        "Tax Effect Of Unusual Items": NaN,
        "Tax Rate For Calcs": NaN,
        "Normalized EBITDA": NaN,
        "Total Unusual Items": NaN,
        "Total Unusual Items Excluding Goodwill": NaN,
        "Net Income From Continuing Operation Net Minority Interest": NaN,
        "Reconciled Depreciation": NaN,
        "Reconciled Cost Of Revenue": NaN,
        "EBITDA": NaN,
        "EBIT": NaN,
        "Net Interest Income": NaN,
        "Interest Expense": NaN,
        "Normalized Income": NaN,
        "Net Income From Continuing And Discontinued Operation": NaN,
        "Total Expenses": NaN,
        "Total Operating Income As Reported": NaN,
        "Diluted Average Shares": NaN,
        "Basic Average Shares": NaN,
        "Diluted EPS": NaN,
        "Basic EPS": NaN,
        "Diluted NI Availto Com Stockholders": NaN,
        "Net Income Common Stockholders": NaN,
        "Net Income": NaN,
        "Minority Interests": NaN,
        "Net Income Including Noncontrolling Interests": NaN,
        "Net Income Continuous Operations": NaN,
        "Tax Provision": NaN,
        "Pretax Income": NaN,
        "Other Income Expense": NaN,
        "Other Non Operating Income Expenses": NaN,
        "Special Income Charges": NaN,
        "Other Special Charges": 65000000.0,
        "Restructuring And Mergern Acquisition": NaN,
        "Net Non Operating Interest Income Expense": NaN,
        "Interest Expense Non Operating": NaN,
        "Operating Income": NaN,
        "Operating Expense": NaN,
        "Other Operating Expenses": NaN,
        "Depreciation Amortization Depletion Income Statement": NaN,
        "Depreciation And Amortization In Income Statement": NaN,
        "Amortization": NaN,
        "Amortization Of Intangibles Income Statement": NaN,
        "Research And Development": NaN,
        "Selling General And Administration": NaN,
        "Gross Profit": NaN,
        "Cost Of Revenue": NaN,
        "Total Revenue": NaN,
        "Operating Revenue": NaN
    },
    "2024-01-31": {
        "Tax Effect Of Unusual Items": NaN,
        "Tax Rate For Calcs": NaN,
        "Normalized EBITDA": NaN,
        "Total Unusual Items": NaN,
        "Total Unusual Items Excluding Goodwill": NaN,
        "Net Income From Continuing Operation Net Minority Interest": NaN,
        "Reconciled Depreciation": NaN,
        "Reconciled Cost Of Revenue": NaN,
        "EBITDA": NaN,
        "EBIT": NaN,
        "Net Interest Income": NaN,
        "Interest Expense": NaN,
        "Normalized Income": NaN,
        "Net Income From Continuing And Discontinued Operation": NaN,
        "Total Expenses": NaN,
        "Total Operating Income As Reported": NaN,
        "Diluted Average Shares": 1331700000.0,
        "Basic Average Shares": 1329700000.0,
        "Diluted EPS": 0.99,
        "Basic EPS": 0.99,
        "Diluted NI Availto Com Stockholders": NaN,
        "Net Income Common Stockholders": NaN,
        "Net Income": NaN,
        "Minority Interests": NaN,
        "Net Income Including Noncontrolling Interests": NaN,
        "Net Income Continuous Operations": NaN,
        "Tax Provision": NaN,
        "Pretax Income": NaN,
        "Other Income Expense": NaN,
        "Other Non Operating Income Expenses": NaN,
        "Special Income Charges": NaN,
        "Other Special Charges": NaN,
        "Restructuring And Mergern Acquisition": NaN,
        "Net Non Operating Interest Income Expense": NaN,
        "Interest Expense Non Operating": NaN,
        "Operating Income": NaN,
        "Operating Expense": NaN,
        "Other Operating Expenses": NaN,
        "Depreciation Amortization Depletion Income Statement": NaN,
        "Depreciation And Amortization In Income Statement": NaN,
        "Amortization": NaN,
        "Amortization Of Intangibles Income Statement": NaN,
        "Research And Development": NaN,
        "Selling General And Administration": NaN,
        "Gross Profit": NaN,
        "Cost Of Revenue": NaN,
        "Total Revenue": NaN,
        "Operating Revenue": NaN
    },
    "2024-04-30": {
        "Tax Effect Of Unusual Items": NaN,
        "Tax Rate For Calcs": NaN,
        "Normalized EBITDA": NaN,
        "Total Unusual Items": NaN,
        "Total Unusual Items Excluding Goodwill": NaN,
        "Net Income From Continuing Operation Net Minority Interest": NaN,
        "Reconciled Depreciation": NaN,
        "Reconciled Cost Of Revenue": NaN,
        "EBITDA": NaN,
        "EBIT": NaN,
        "Net Interest Income": NaN,
        "Interest Expense": NaN,
        "Normalized Income": NaN,
        "Net Income From Continuing And Discontinued Operation": NaN,
        "Total Expenses": NaN,
        "Total Operating Income As Reported": NaN,
        "Diluted Average Shares": NaN,
        "Basic Average Shares": NaN,
        "Diluted EPS": NaN,
        "Basic EPS": NaN,
        "Diluted NI Availto Com Stockholders": NaN,
        "Net Income Common Stockholders": NaN,
        "Net Income": NaN,
        "Minority Interests": NaN,
        "Net Income Including Noncontrolling Interests": NaN,
        "Net Income Continuous Operations": NaN,
        "Tax Provision": NaN,
        "Pretax Income": NaN,
        "Other Income Expense": NaN,
        "Other Non Operating Income Expenses": NaN,
        "Special Income Charges": NaN,
        "Other Special Charges": 44000000.0,
        "Restructuring And Mergern Acquisition": NaN,
        "Net Non Operating Interest Income Expense": NaN,
        "Interest Expense Non Operating": NaN,
        "Operating Income": NaN,
        "Operating Expense": NaN,
        "Other Operating Expenses": NaN,
        "Depreciation Amortization Depletion Income Statement": NaN,
        "Depreciation And Amortization In Income Statement": NaN,
        "Amortization": NaN,
        "Amortization Of Intangibles Income Statement": NaN,
        "Research And Development": NaN,
        "Selling General And Administration": NaN,
        "Gross Profit": NaN,
        "Cost Of Revenue": NaN,
        "Total Revenue": NaN,
        "Operating Revenue": NaN
    },
    "2024-07-31": {
        "Tax Effect Of Unusual Items": -22208201.892744,
        "Tax Rate For Calcs": 0.173502,
        "Normalized EBITDA": 2225000000.0,
        "Total Unusual Items": -128000000.0,
        "Total Unusual Items Excluding Goodwill": -128000000.0,
        "Net Income From Continuing Operation Net Minority Interest": 1042000000.0,
        "Reconciled Depreciation": 662000000.0,
        "Reconciled Cost Of Revenue": 2513000000.0,
        "EBITDA": 2097000000.0,
        "EBIT": 1435000000.0,
        "Net Interest Income": -167000000.0,
        "Interest Expense": 167000000.0,
        "Normalized Income": 1147791798.107256,
        "Net Income From Continuing And Discontinued Operation": 1042000000.0,
        "Total Expenses": 6507000000.0,
        "Total Operating Income As Reported": 1278000000.0,
        "Diluted Average Shares": NaN,
        "Basic Average Shares": NaN,
        "Diluted EPS": NaN,
        "Basic EPS": NaN,
        "Diluted NI Availto Com Stockholders": 1042000000.0,
        "Net Income Common Stockholders": 1042000000.0,
        "Net Income": 1042000000.0,
        "Minority Interests": -6000000.0,
        "Net Income Including Noncontrolling Interests": 1049000000.0,
        "Net Income Continuous Operations": 1049000000.0,
        "Tax Provision": 220000000.0,
        "Pretax Income": 1268000000.0,
        "Other Income Expense": 29000000.0,
        "Other Non Operating Income Expenses": 157000000.0,
        "Special Income Charges": -128000000.0,
        "Other Special Charges": 81000000.0,
        "Restructuring And Mergern Acquisition": 47000000.0,
        "Net Non Operating Interest Income Expense": -167000000.0,
        "Interest Expense Non Operating": 167000000.0,
        "Operating Income": 1408000000.0,
        "Operating Expense": 3746000000.0,
        "Other Operating Expenses": 1000000.0,
        "Depreciation Amortization Depletion Income Statement": 414000000.0,
        "Depreciation And Amortization In Income Statement": 414000000.0,
        "Amortization": 414000000.0,
        "Amortization Of Intangibles Income Statement": 414000000.0,
        "Research And Development": 676000000.0,
        "Selling General And Administration": 2655000000.0,
        "Gross Profit": 5154000000.0,
        "Cost Of Revenue": 2761000000.0,
        "Total Revenue": 7915000000.0,
        "Operating Revenue": 7915000000.0
    },
    "2024-10-31": {
        "Tax Effect Of Unusual Items": -5400000.0,
        "Tax Rate For Calcs": 0.18,
        "Normalized EBITDA": 2473000000.0,
        "Total Unusual Items": -30000000.0,
        "Total Unusual Items Excluding Goodwill": -30000000.0,
        "Net Income From Continuing Operation Net Minority Interest": 1270000000.0,
        "Reconciled Depreciation": 675000000.0,
        "Reconciled Cost Of Revenue": 2684000000.0,
        "EBITDA": 2443000000.0,
        "EBIT": 1768000000.0,
        "Net Interest Income": -209000000.0,
        "Interest Expense": 209000000.0,
        "Normalized Income": 1294600000.0,
        "Net Income From Continuing And Discontinued Operation": 1270000000.0,
        "Total Expenses": 6779000000.0,
        "Total Operating Income As Reported": 1595000000.0,
        "Diluted Average Shares": 1286900000.0,
        "Basic Average Shares": 1282400000.0,
        "Diluted EPS": 0.99,
        "Basic EPS": 0.99,
        "Diluted NI Availto Com Stockholders": 1270000000.0,
        "Net Income Common Stockholders": 1270000000.0,
        "Net Income": 1270000000.0,
        "Minority Interests": -9000000.0,
        "Net Income Including Noncontrolling Interests": 1278000000.0,
        "Net Income Continuous Operations": 1278000000.0,
        "Tax Provision": 281000000.0,
        "Pretax Income": 1559000000.0,
        "Other Income Expense": 143000000.0,
        "Other Non Operating Income Expenses": 173000000.0,
        "Special Income Charges": -30000000.0,
        "Other Special Charges": NaN,
        "Restructuring And Mergern Acquisition": 30000000.0,
        "Net Non Operating Interest Income Expense": -209000000.0,
        "Interest Expense Non Operating": 209000000.0,
        "Operating Income": 1624000000.0,
        "Operating Expense": 3833000000.0,
        "Other Operating Expenses": -34000000.0,
        "Depreciation Amortization Depletion Income Statement": 413000000.0,
        "Depreciation And Amortization In Income Statement": 413000000.0,
        "Amortization": 413000000.0,
        "Amortization Of Intangibles Income Statement": 413000000.0,
        "Research And Development": 697000000.0,
        "Selling General And Administration": 2757000000.0,
        "Gross Profit": 5457000000.0,
        "Cost Of Revenue": 2946000000.0,
        "Total Revenue": 8403000000.0,
        "Operating Revenue": 8403000000.0
    },
    "2025-01-31": {
        "Tax Effect Of Unusual Items": -10010000.0,
        "Tax Rate For Calcs": 0.154,
        "Normalized EBITDA": 2468000000.0,
        "Total Unusual Items": -65000000.0,
        "Total Unusual Items Excluding Goodwill": -65000000.0,
        "Net Income From Continuing Operation Net Minority Interest": 1294000000.0,
        "Reconciled Depreciation": 684000000.0,
        "Reconciled Cost Of Revenue": 2511000000.0,
        "EBITDA": 2403000000.0,
        "EBIT": 1719000000.0,
        "Net Interest Income": -179000000.0,
        "Interest Expense": 179000000.0,
        "Normalized Income": 1348990000.0,
        "Net Income From Continuing And Discontinued Operation": 1294000000.0,
        "Total Expenses": 6582000000.0,
        "Total Operating Income As Reported": 1646000000.0,
        "Diluted Average Shares": 1286200000.0,
        "Basic Average Shares": 1282400000.0,
        "Diluted EPS": 1.01,
        "Basic EPS": 1.01,
        "Diluted NI Availto Com Stockholders": 1294000000.0,
        "Net Income Common Stockholders": 1294000000.0,
        "Net Income": 1294000000.0,
        "Minority Interests": -9000000.0,
        "Net Income Including Noncontrolling Interests": 1303000000.0,
        "Net Income Continuous Operations": 1303000000.0,
        "Tax Provision": 237000000.0,
        "Pretax Income": 1540000000.0,
        "Other Income Expense": 7000000.0,
        "Other Non Operating Income Expenses": 72000000.0,
        "Special Income Charges": -65000000.0,
        "Other Special Charges": 22000000.0,
        "Restructuring And Mergern Acquisition": 43000000.0,
        "Net Non Operating Interest Income Expense": -179000000.0,
        "Interest Expense Non Operating": 179000000.0,
        "Operating Income": 1710000000.0,
        "Operating Expense": 3803000000.0,
        "Other Operating Expenses": -5000000.0,
        "Depreciation Amortization Depletion Income Statement": 416000000.0,
        "Depreciation And Amortization In Income Statement": 416000000.0,
        "Amortization": 416000000.0,
        "Amortization Of Intangibles Income Statement": 416000000.0,
        "Research And Development": 675000000.0,
        "Selling General And Administration": 2717000000.0,
        "Gross Profit": 5513000000.0,
        "Cost Of Revenue": 2779000000.0,
        "Total Revenue": 8292000000.0,
        "Operating Revenue": 8292000000.0
    },
    "2025-04-30": {
        "Tax Effect Of Unusual Items": -56812053.925456,
        "Tax Rate For Calcs": 0.157811,
        "Normalized EBITDA": 2635000000.0,
        "Total Unusual Items": -360000000.0,
        "Total Unusual Items Excluding Goodwill": -360000000.0,
        "Net Income From Continuing Operation Net Minority Interest": 1056000000.0,
        "Reconciled Depreciation": 840000000.0,
        "Reconciled Cost Of Revenue": 2871000000.0,
        "EBITDA": 2275000000.0,
        "EBIT": 1435000000.0,
        "Net Interest Income": -174000000.0,
        "Interest Expense": 174000000.0,
        "Normalized Income": 1359187946.074544,
        "Net Income From Continuing And Discontinued Operation": 1056000000.0,
        "Total Expenses": 7130000000.0,
        "Total Operating Income As Reported": 1436000000.0,
        "Diluted Average Shares": 1287700000.0,
        "Basic Average Shares": 1282300000.0,
        "Diluted EPS": 0.82,
        "Basic EPS": 0.82,
        "Diluted NI Availto Com Stockholders": 1056000000.0,
        "Net Income Common Stockholders": 1056000000.0,
        "Net Income": 1056000000.0,
        "Minority Interests": -5000000.0,
        "Net Income Including Noncontrolling Interests": 1061000000.0,
        "Net Income Continuous Operations": 1061000000.0,
        "Tax Provision": 199000000.0,
        "Pretax Income": 1261000000.0,
        "Other Income Expense": -361000000.0,
        "Other Non Operating Income Expenses": -1000000.0,
        "Special Income Charges": -360000000.0,
        "Other Special Charges": 213000000.0,
        "Restructuring And Mergern Acquisition": 147000000.0,
        "Net Non Operating Interest Income Expense": -174000000.0,
        "Interest Expense Non Operating": 174000000.0,
        "Operating Income": 1797000000.0,
        "Operating Expense": 3983000000.0,
        "Other Operating Expenses": 15000000.0,
        "Depreciation Amortization Depletion Income Statement": 564000000.0,
        "Depreciation And Amortization In Income Statement": 564000000.0,
        "Amortization": 564000000.0,
        "Amortization Of Intangibles Income Statement": 564000000.0,
        "Research And Development": 684000000.0,
        "Selling General And Administration": 2720000000.0,
        "Gross Profit": 5780000000.0,
        "Cost Of Revenue": 3147000000.0,
        "Total Revenue": 8927000000.0,
        "Operating Revenue": 8927000000.0
    },
    "2025-07-31": {
        "Tax Effect Of Unusual Items": -14101382.488479,
        "Tax Rate For Calcs": 0.195853,
        "Normalized EBITDA": 2298000000.0,
        "Total Unusual Items": -72000000.0,
        "Total Unusual Items Excluding Goodwill": -72000000.0,
        "Net Income From Continuing Operation Net Minority Interest": 1040000000.0,
        "Reconciled Depreciation": 748000000.0,
        "Reconciled Cost Of Revenue": 2712000000.0,
        "EBITDA": 2226000000.0,
        "EBIT": 1478000000.0,
        "Net Interest Income": -176000000.0,
        "Interest Expense": 176000000.0,
        "Normalized Income": 1097898617.511521,
        "Net Income From Continuing And Discontinued Operation": 1040000000.0,
        "Total Expenses": 7062000000.0,
        "Total Operating Income As Reported": 1445000000.0,
        "Diluted Average Shares": 1287100000.0,
        "Basic Average Shares": 1281600000.0,
        "Diluted EPS": 0.81,
        "Basic EPS": 0.81,
        "Diluted NI Availto Com Stockholders": 1040000000.0,
        "Net Income Common Stockholders": 1040000000.0,
        "Net Income": 1040000000.0,
        "Minority Interests": -7000000.0,
        "Net Income Including Noncontrolling Interests": 1047000000.0,
        "Net Income Continuous Operations": 1047000000.0,
        "Tax Provision": 255000000.0,
        "Pretax Income": 1302000000.0,
        "Other Income Expense": -39000000.0,
        "Other Non Operating Income Expenses": 33000000.0,
        "Special Income Charges": -72000000.0,
        "Other Special Charges": 27000000.0,
        "Restructuring And Mergern Acquisition": 45000000.0,
        "Net Non Operating Interest Income Expense": -176000000.0,
        "Interest Expense Non Operating": 176000000.0,
        "Operating Income": 1516000000.0,
        "Operating Expense": 4061000000.0,
        "Other Operating Expenses": 70000000.0,
        "Depreciation Amortization Depletion Income Statement": 459000000.0,
        "Depreciation And Amortization In Income Statement": 459000000.0,
        "Amortization": 459000000.0,
        "Amortization Of Intangibles Income Statement": 459000000.0,
        "Research And Development": 726000000.0,
        "Selling General And Administration": 2806000000.0,
        "Gross Profit": 5577000000.0,
        "Cost Of Revenue": 3001000000.0,
        "Total Revenue": 8578000000.0,
        "Operating Revenue": 8578000000.0
    },
    "2025-10-31": {
        "Tax Effect Of Unusual Items": NaN,
        "Tax Rate For Calcs": NaN,
        "Normalized EBITDA": NaN,
        "Total Unusual Items": NaN,
        "Total Unusual Items Excluding Goodwill": NaN,
        "Net Income From Continuing Operation Net Minority Interest": NaN,
        "Reconciled Depreciation": NaN,
        "Reconciled Cost Of Revenue": NaN,
        "EBITDA": NaN,
        "EBIT": NaN,
        "Net Interest Income": NaN,
        "Interest Expense": NaN,
        "Normalized Income": NaN,
        "Net Income From Continuing And Discontinued Operation": NaN,
        "Total Expenses": NaN,
        "Total Operating Income As Reported": NaN,
        "Diluted Average Shares": 1288000000.0,
        "Basic Average Shares": 1282000000.0,
        "Diluted EPS": 1.07,
        "Basic EPS": 1.07,
        "Diluted NI Availto Com Stockholders": NaN,
        "Net Income Common Stockholders": NaN,
        "Net Income": NaN,
        "Minority Interests": NaN,
        "Net Income Including Noncontrolling Interests": NaN,
        "Net Income Continuous Operations": NaN,
        "Tax Provision": NaN,
        "Pretax Income": NaN,
        "Other Income Expense": NaN,
        "Other Non Operating Income Expenses": NaN,
        "Special Income Charges": NaN,
        "Other Special Charges": NaN,
        "Restructuring And Mergern Acquisition": NaN,
        "Net Non Operating Interest Income Expense": NaN,
        "Interest Expense Non Operating": NaN,
        "Operating Income": NaN,
        "Operating Expense": NaN,
        "Other Operating Expenses": NaN,
        "Depreciation Amortization Depletion Income Statement": NaN,
        "Depreciation And Amortization In Income Statement": NaN,
        "Amortization": NaN,
        "Amortization Of Intangibles Income Statement": NaN,
        "Research And Development": NaN,
        "Selling General And Administration": NaN,
        "Gross Profit": NaN,
        "Cost Of Revenue": NaN,
        "Total Revenue": NaN,
        "Operating Revenue": NaN
    }
}