{
    "2023-03-31": {
        "Tax Effect Of Unusual Items": NaN,
        "Tax Rate For Calcs": NaN,
        "Normalized EBITDA": NaN,
        "Net Income From Continuing Operation Net Minority Interest": NaN,
        "Reconciled Depreciation": NaN,
        "Reconciled Cost Of Revenue": NaN,
        "EBITDA": NaN,
        "EBIT": NaN,
        "Net Interest Income": NaN,
        "Interest Income": 676000.0,
        "Normalized Income": NaN,
        "Net Income From Continuing And Discontinued Operation": NaN,
        "Total Expenses": NaN,
        "Total Operating Income As Reported": NaN,
        "Diluted Average Shares": NaN,
        "Basic Average Shares": NaN,
        "Diluted EPS": NaN,
        "Basic EPS": NaN,
        "Diluted NI Availto Com Stockholders": NaN,
        "Net Income Common Stockholders": NaN,
        "Net Income": NaN,
        "Net Income Including Noncontrolling Interests": NaN,
        "Net Income Continuous Operations": NaN,
        "Tax Provision": NaN,
        "Pretax Income": NaN,
        "Net Non Operating Interest Income Expense": NaN,
        "Total Other Finance Cost": NaN,
        "Interest Income Non Operating": 676000.0,
        "Operating Income": NaN,
        "Operating Expense": NaN,
        "Other Operating Expenses": NaN,
        "Research And Development": NaN,
        "Selling General And Administration": NaN,
        "Selling And Marketing Expense": NaN,
        "General And Administrative Expense": NaN,
        "Other Gand A": NaN,
        "Gross Profit": NaN,
        "Cost Of Revenue": NaN,
        "Total Revenue": NaN,
        "Operating Revenue": NaN
    },
    "2022-12-31": {
        "Tax Effect Of Unusual Items": NaN,
        "Tax Rate For Calcs": NaN,
        "Normalized EBITDA": NaN,
        "Net Income From Continuing Operation Net Minority Interest": NaN,
        "Reconciled Depreciation": NaN,
        "Reconciled Cost Of Revenue": NaN,
        "EBITDA": NaN,
        "EBIT": NaN,
        "Net Interest Income": NaN,
        "Interest Expense": -1661000.0,
        "Interest Income": NaN,
        "Normalized Income": NaN,
        "Net Income From Continuing And Discontinued Operation": NaN,
        "Total Expenses": NaN,
        "Total Operating Income As Reported": NaN,
        "Diluted Average Shares": NaN,
        "Basic Average Shares": NaN,
        "Diluted EPS": NaN,
        "Basic EPS": NaN,
        "Diluted NI Availto Com Stockholders": NaN,
        "Net Income Common Stockholders": NaN,
        "Net Income": NaN,
        "Net Income Including Noncontrolling Interests": NaN,
        "Net Income Continuous Operations": NaN,
        "Tax Provision": NaN,
        "Pretax Income": NaN,
        "Other Income Expense": -8609000.0,
        "Net Non Operating Interest Income Expense": NaN,
        "Total Other Finance Cost": NaN,
        "Interest Expense Non Operating": -1661000.0,
        "Interest Income Non Operating": NaN,
        "Operating Income": NaN,
        "Operating Expense": NaN,
        "Other Operating Expenses": NaN,
        "Research And Development": NaN,
        "Selling General And Administration": NaN,
        "Selling And Marketing Expense": NaN,
        "General And Administrative Expense": 648000.0,
        "Other Gand A": -4333000.0,
        "Gross Profit": NaN,
        "Cost Of Revenue": NaN,
        "Total Revenue": NaN,
        "Operating Revenue": NaN
    },
    "2022-09-30": {
        "Tax Effect Of Unusual Items": NaN,
        "Tax Rate For Calcs": NaN,
        "Normalized EBITDA": NaN,
        "Net Income From Continuing Operation Net Minority Interest": NaN,
        "Reconciled Depreciation": NaN,
        "Reconciled Cost Of Revenue": NaN,
        "EBITDA": NaN,
        "EBIT": NaN,
        "Net Interest Income": NaN,
        "Interest Expense": 684000.0,
        "Interest Income": NaN,
        "Normalized Income": NaN,
        "Net Income From Continuing And Discontinued Operation": NaN,
        "Total Expenses": NaN,
        "Total Operating Income As Reported": NaN,
        "Diluted Average Shares": NaN,
        "Basic Average Shares": NaN,
        "Diluted EPS": NaN,
        "Basic EPS": NaN,
        "Diluted NI Availto Com Stockholders": NaN,
        "Net Income Common Stockholders": NaN,
        "Net Income": NaN,
        "Net Income Including Noncontrolling Interests": NaN,
        "Net Income Continuous Operations": NaN,
        "Tax Provision": NaN,
        "Pretax Income": NaN,
        "Other Income Expense": NaN,
        "Net Non Operating Interest Income Expense": NaN,
        "Total Other Finance Cost": NaN,
        "Interest Expense Non Operating": 684000.0,
        "Interest Income Non Operating": NaN,
        "Operating Income": NaN,
        "Operating Expense": NaN,
        "Other Operating Expenses": NaN,
        "Research And Development": NaN,
        "Selling General And Administration": NaN,
        "Selling And Marketing Expense": NaN,
        "General And Administrative Expense": 3061000.0,
        "Other Gand A": 3061000.0,
        "Gross Profit": NaN,
        "Cost Of Revenue": NaN,
        "Total Revenue": NaN,
        "Operating Revenue": NaN
    },
    "2022-06-30": {
        "Tax Effect Of Unusual Items": 0.0,
        "Tax Rate For Calcs": 0.4,
        "Normalized EBITDA": -3334000.0,
        "Net Income From Continuing Operation Net Minority Interest": -4354000.0,
        "Reconciled Depreciation": 329000.0,
        "Reconciled Cost Of Revenue": 3555000.0,
        "EBITDA": -3334000.0,
        "EBIT": -3663000.0,
        "Net Interest Income": -676000.0,
        "Interest Expense": 687000.0,
        "Interest Income": 11000.0,
        "Normalized Income": -4354000.0,
        "Net Income From Continuing And Discontinued Operation": -4354000.0,
        "Total Expenses": 8033000.0,
        "Total Operating Income As Reported": -3674000.0,
        "Diluted Average Shares": 4734000.0,
        "Basic Average Shares": 4734000.0,
        "Diluted EPS": -0.92,
        "Basic EPS": -0.92,
        "Diluted NI Availto Com Stockholders": -4354000.0,
        "Net Income Common Stockholders": -4354000.0,
        "Net Income": -4354000.0,
        "Net Income Including Noncontrolling Interests": -4354000.0,
        "Net Income Continuous Operations": -4354000.0,
        "Tax Provision": 4000.0,
        "Pretax Income": -4350000.0,
        "Other Income Expense": -309000.0,
        "Other Non Operating Income Expenses": -309000.0,
        "Net Non Operating Interest Income Expense": -676000.0,
        "Total Other Finance Cost": NaN,
        "Interest Expense Non Operating": 687000.0,
        "Interest Income Non Operating": 11000.0,
        "Operating Income": -3365000.0,
        "Operating Expense": 4478000.0,
        "Research And Development": 2191000.0,
        "Selling General And Administration": 2287000.0,
        "Selling And Marketing Expense": 935000.0,
        "General And Administrative Expense": 1352000.0,
        "Other Gand A": 1352000.0,
        "Gross Profit": 1113000.0,
        "Cost Of Revenue": 3555000.0,
        "Total Revenue": 4668000.0,
        "Operating Revenue": 4668000.0
    },
    "2022-03-31": {
        "Diluted EPS": -0.84,
        "Total Revenue": 4,
        "Gross Profit": 1,
        "Operating Income": -3,
        "EBIT": -3,
        "Net Income": -4
    },
    "2021-12-31": {
        "Diluted EPS": -1.1,
        "Total Revenue": 5,
        "Gross Profit": 2,
        "Operating Income": -4,
        "EBIT": -3,
        "Net Income": -4
    },
    "2021-09-30": {
        "Diluted EPS": -0.84,
        "Total Revenue": 6,
        "Gross Profit": 2,
        "Operating Income": -3,
        "EBIT": -3,
        "Net Income": -3
    },
    "2021-06-30": {
        "Diluted EPS": -0.84,
        "Total Revenue": 6,
        "Gross Profit": 2,
        "Operating Income": -3,
        "EBIT": -3,
        "Net Income": -3
    },
    "2021-03-31": {
        "Diluted EPS": -0.7,
        "Total Revenue": 6,
        "Gross Profit": 2,
        "Operating Income": -2,
        "EBIT": -2,
        "Net Income": -3
    },
    "2020-12-31": {
        "Diluted EPS": -0.49,
        "Total Revenue": 7,
        "Gross Profit": 2,
        "Operating Income": -2,
        "EBIT": -2,
        "Net Income": -2
    },
    "2020-09-30": {
        "Diluted EPS": -0.49,
        "Total Revenue": 7,
        "Gross Profit": 3,
        "Operating Income": -2,
        "EBIT": -1,
        "Net Income": -2
    },
    "2020-06-30": {
        "Diluted EPS": -0.77,
        "Total Revenue": 4,
        "Gross Profit": 1,
        "Operating Income": -3,
        "EBIT": -2,
        "Net Income": -3
    },
    "2020-03-31": {
        "Diluted EPS": -0.63,
        "Total Revenue": 4,
        "Gross Profit": 1,
        "Operating Income": -2,
        "EBIT": -2,
        "Net Income": -2
    },
    "2019-12-31": {
        "Diluted EPS": -0.91,
        "Total Revenue": 5,
        "Gross Profit": 1,
        "Operating Income": -3,
        "EBIT": -3,
        "Net Income": -3
    },
    "2019-09-30": {
        "Diluted EPS": -0.07,
        "Total Revenue": 5,
        "Gross Profit": 1,
        "Operating Income": -3,
        "EBIT": -2,
        "Net Income": 0
    },
    "2019-06-30": {
        "Diluted EPS": 3.29,
        "Total Revenue": 21,
        "Gross Profit": 17,
        "Operating Income": 14,
        "EBIT": 14,
        "Net Income": 13
    },
    "2019-03-31": {
        "Diluted EPS": -1.05,
        "Total Revenue": 0,
        "Gross Profit": 0,
        "Operating Income": -4,
        "EBIT": -3,
        "Net Income": -4
    },
    "2018-12-31": {
        "Diluted EPS": 2.73,
        "Total Revenue": 1,
        "Gross Profit": 0,
        "Operating Income": 5,
        "EBIT": 5,
        "Net Income": 11
    },
    "2018-09-30": {
        "Diluted EPS": -0.77,
        "Total Revenue": 1,
        "Gross Profit": 0,
        "Operating Income": -2,
        "EBIT": -2,
        "Net Income": -3
    },
    "2018-06-30": {
        "Diluted EPS": -1.05,
        "Total Revenue": 1,
        "Gross Profit": 0,
        "Operating Income": -3,
        "EBIT": -3,
        "Net Income": -4
    },
    "2018-03-31": {
        "Diluted EPS": -1.19,
        "Total Revenue": 1,
        "Gross Profit": 0,
        "Operating Income": -4,
        "EBIT": -4,
        "Net Income": -5
    },
    "2017-12-31": {
        "Diluted EPS": -0.42,
        "Total Revenue": 1,
        "Gross Profit": 0,
        "Operating Income": -4,
        "EBIT": -3,
        "Net Income": -2
    },
    "2017-09-30": {
        "Diluted EPS": -3.43,
        "Total Revenue": 1,
        "Gross Profit": 0,
        "Operating Income": -3,
        "EBIT": -3,
        "Net Income": -11
    },
    "2017-06-30": {
        "Diluted EPS": -1.4,
        "Total Revenue": 1,
        "Gross Profit": 0,
        "Operating Income": -4,
        "EBIT": -4,
        "Net Income": -4
    },
    "2017-03-31": {
        "Diluted EPS": -1.4,
        "Total Revenue": 1,
        "Gross Profit": 0,
        "Operating Income": -4,
        "EBIT": -4,
        "Net Income": -4
    },
    "2016-12-31": {
        "Diluted EPS": -0.63,
        "Total Revenue": 0,
        "Gross Profit": 0,
        "Operating Income": -5,
        "EBIT": -4,
        "Net Income": -2
    },
    "2016-09-30": {
        "Diluted EPS": -1.82,
        "Total Revenue": 1,
        "Gross Profit": 0,
        "Operating Income": -5,
        "EBIT": -5,
        "Net Income": -6
    },
    "2016-06-30": {
        "Diluted EPS": -2.38,
        "Total Revenue": 0,
        "Gross Profit": 0,
        "Operating Income": -7,
        "EBIT": -7,
        "Net Income": -8
    },
    "2016-03-31": {
        "Diluted EPS": -1.19,
        "Total Revenue": 0,
        "Gross Profit": 0,
        "Operating Income": -4,
        "EBIT": -4,
        "Net Income": -4
    },
    "2015-12-31": {
        "Diluted EPS": -2.52,
        "Total Revenue": 0,
        "Gross Profit": 0,
        "Operating Income": -7,
        "EBIT": -7,
        "Net Income": -8
    },
    "2015-09-30": {
        "Diluted EPS": -1.19,
        "Total Revenue": 0,
        "Gross Profit": -1,
        "Operating Income": -4,
        "EBIT": -4,
        "Net Income": -4
    },
    "2015-06-30": {
        "Diluted EPS": -1.33,
        "Total Revenue": 0,
        "Gross Profit": -1,
        "Operating Income": -6,
        "EBIT": -5,
        "Net Income": -4
    },
    "2015-03-31": {
        "Diluted EPS": -2.1,
        "Total Revenue": 0,
        "Gross Profit": 0,
        "Operating Income": -4,
        "EBIT": -4,
        "Net Income": -6
    },
    "2014-12-31": {
        "Diluted EPS": -2.66,
        "Total Revenue": 0,
        "Gross Profit": -1,
        "Operating Income": -7,
        "EBIT": -6,
        "Net Income": -7
    },
    "2014-09-30": {
        "Diluted EPS": -1.68,
        "Total Revenue": 0,
        "Gross Profit": -1,
        "Operating Income": -5,
        "EBIT": -5,
        "Net Income": -5
    },
    "2014-06-30": {
        "Diluted EPS": -1.96,
        "Total Revenue": 0,
        "Gross Profit": -1,
        "Operating Income": -5,
        "EBIT": -5,
        "Net Income": -6
    },
    "2014-03-31": {
        "Diluted EPS": -0.35,
        "Total Revenue": 0,
        "Gross Profit": 0,
        "Operating Income": -4,
        "EBIT": -4,
        "Net Income": -1
    },
    "2013-12-31": {
        "Diluted EPS": -0.35,
        "Total Revenue": NaN,
        "Gross Profit": NaN,
        "Operating Income": -2,
        "EBIT": -2,
        "Net Income": -1
    },
    "2013-09-30": {
        "Diluted EPS": -3.08,
        "Total Revenue": NaN,
        "Gross Profit": NaN,
        "Operating Income": -2,
        "EBIT": -2,
        "Net Income": -7
    },
    "2013-06-30": {
        "Diluted EPS": -1.96,
        "Total Revenue": NaN,
        "Gross Profit": NaN,
        "Operating Income": -2,
        "EBIT": -2,
        "Net Income": -4
    },
    "2013-03-31": {
        "Diluted EPS": -1.4,
        "Total Revenue": NaN,
        "Gross Profit": NaN,
        "Operating Income": -1,
        "EBIT": -1,
        "Net Income": -3
    },
    "2012-12-31": {
        "Diluted EPS": 0.0,
        "Total Revenue": NaN,
        "Gross Profit": NaN,
        "Operating Income": NaN,
        "EBIT": NaN,
        "Net Income": NaN
    },
    "2011-12-31": {
        "Diluted EPS": 0.0,
        "Total Revenue": NaN,
        "Gross Profit": NaN,
        "Operating Income": NaN,
        "EBIT": NaN,
        "Net Income": NaN
    },
    "2023-06-30": {
        "Tax Effect Of Unusual Items": NaN,
        "Tax Rate For Calcs": NaN,
        "Normalized EBITDA": NaN,
        "Net Income From Continuing Operation Net Minority Interest": NaN,
        "Reconciled Depreciation": NaN,
        "Reconciled Cost Of Revenue": NaN,
        "EBITDA": NaN,
        "EBIT": NaN,
        "Net Interest Income": NaN,
        "Normalized Income": NaN,
        "Net Income From Continuing And Discontinued Operation": NaN,
        "Total Expenses": NaN,
        "Total Operating Income As Reported": NaN,
        "Diluted Average Shares": 9208902.0,
        "Basic Average Shares": 9208902.0,
        "Diluted EPS": 0.1,
        "Basic EPS": 0.1,
        "Diluted NI Availto Com Stockholders": NaN,
        "Net Income Common Stockholders": NaN,
        "Net Income": NaN,
        "Net Income Including Noncontrolling Interests": NaN,
        "Net Income Continuous Operations": NaN,
        "Tax Provision": NaN,
        "Pretax Income": NaN,
        "Net Non Operating Interest Income Expense": NaN,
        "Total Other Finance Cost": NaN,
        "Operating Income": NaN,
        "Operating Expense": NaN,
        "Other Operating Expenses": NaN,
        "Research And Development": NaN,
        "Selling General And Administration": NaN,
        "Selling And Marketing Expense": 1332000.0,
        "General And Administrative Expense": 1788000.0,
        "Other Gand A": 1788000.0,
        "Gross Profit": NaN,
        "Cost Of Revenue": NaN,
        "Total Revenue": NaN,
        "Operating Revenue": NaN
    },
    "2023-09-30": {
        "Tax Effect Of Unusual Items": NaN,
        "Tax Rate For Calcs": NaN,
        "Normalized EBITDA": NaN,
        "Net Income From Continuing Operation Net Minority Interest": NaN,
        "Reconciled Depreciation": NaN,
        "Reconciled Cost Of Revenue": NaN,
        "EBITDA": NaN,
        "EBIT": NaN,
        "Net Interest Income": NaN,
        "Normalized Income": NaN,
        "Net Income From Continuing And Discontinued Operation": NaN,
        "Total Expenses": NaN,
        "Total Operating Income As Reported": NaN,
        "Diluted Average Shares": NaN,
        "Basic Average Shares": NaN,
        "Diluted EPS": NaN,
        "Basic EPS": NaN,
        "Diluted NI Availto Com Stockholders": NaN,
        "Net Income Common Stockholders": NaN,
        "Net Income": NaN,
        "Net Income Including Noncontrolling Interests": NaN,
        "Net Income Continuous Operations": NaN,
        "Tax Provision": NaN,
        "Pretax Income": NaN,
        "Net Non Operating Interest Income Expense": NaN,
        "Total Other Finance Cost": NaN,
        "Operating Income": NaN,
        "Operating Expense": NaN,
        "Other Operating Expenses": -224000.0,
        "Research And Development": NaN,
        "Selling General And Administration": NaN,
        "Selling And Marketing Expense": NaN,
        "General And Administrative Expense": NaN,
        "Other Gand A": NaN,
        "Gross Profit": NaN,
        "Cost Of Revenue": NaN,
        "Total Revenue": NaN,
        "Operating Revenue": NaN
    },
    "2023-12-31": {
        "Tax Effect Of Unusual Items": 0.0,
        "Tax Rate For Calcs": 0.21,
        "Normalized EBITDA": 5638000.0,
        "Net Income From Continuing Operation Net Minority Interest": -1743000.0,
        "Reconciled Depreciation": 346000.0,
        "Reconciled Cost Of Revenue": 4619000.0,
        "EBITDA": 5638000.0,
        "EBIT": 5292000.0,
        "Net Interest Income": -5385000.0,
        "Normalized Income": -1743000.0,
        "Net Income From Continuing And Discontinued Operation": -1743000.0,
        "Total Expenses": 9443000.0,
        "Total Operating Income As Reported": -3894000.0,
        "Diluted Average Shares": NaN,
        "Basic Average Shares": NaN,
        "Diluted EPS": NaN,
        "Basic EPS": NaN,
        "Diluted NI Availto Com Stockholders": -1743000.0,
        "Net Income Common Stockholders": -1743000.0,
        "Net Income": -1743000.0,
        "Net Income Including Noncontrolling Interests": -1743000.0,
        "Net Income Continuous Operations": -1743000.0,
        "Tax Provision": NaN,
        "Pretax Income": -1623000.0,
        "Net Non Operating Interest Income Expense": -5385000.0,
        "Total Other Finance Cost": 7299000.0,
        "Operating Income": -4105000.0,
        "Operating Expense": 4824000.0,
        "Other Operating Expenses": NaN,
        "Research And Development": 1808000.0,
        "Selling General And Administration": 2557000.0,
        "Selling And Marketing Expense": NaN,
        "General And Administrative Expense": NaN,
        "Other Gand A": NaN,
        "Gross Profit": 719000.0,
        "Cost Of Revenue": 4619000.0,
        "Total Revenue": 5338000.0,
        "Operating Revenue": 5338000.0
    },
    "2024-03-31": {
        "Tax Effect Of Unusual Items": NaN,
        "Tax Rate For Calcs": NaN,
        "Normalized EBITDA": NaN,
        "Net Income From Continuing Operation Net Minority Interest": NaN,
        "Reconciled Depreciation": NaN,
        "Reconciled Cost Of Revenue": NaN,
        "EBITDA": NaN,
        "EBIT": NaN,
        "Net Interest Income": NaN,
        "Interest Expense": NaN,
        "Normalized Income": NaN,
        "Net Income From Continuing And Discontinued Operation": NaN,
        "Total Expenses": NaN,
        "Total Operating Income As Reported": NaN,
        "Diluted Average Shares": NaN,
        "Basic Average Shares": NaN,
        "Diluted EPS": NaN,
        "Basic EPS": NaN,
        "Diluted NI Availto Com Stockholders": NaN,
        "Net Income Common Stockholders": NaN,
        "Net Income": NaN,
        "Net Income Including Noncontrolling Interests": NaN,
        "Net Income Continuous Operations": NaN,
        "Tax Provision": NaN,
        "Pretax Income": NaN,
        "Net Non Operating Interest Income Expense": NaN,
        "Total Other Finance Cost": 5971000.0,
        "Interest Expense Non Operating": NaN,
        "Operating Income": NaN,
        "Operating Expense": NaN,
        "Other Operating Expenses": NaN,
        "Research And Development": NaN,
        "Selling General And Administration": NaN,
        "Selling And Marketing Expense": NaN,
        "General And Administrative Expense": NaN,
        "Other Gand A": NaN,
        "Gross Profit": NaN,
        "Cost Of Revenue": NaN,
        "Total Revenue": NaN,
        "Operating Revenue": NaN
    },
    "2024-06-30": {
        "Tax Effect Of Unusual Items": 0.0,
        "Tax Rate For Calcs": 0.000317,
        "Normalized EBITDA": -4127000.0,
        "Net Income From Continuing Operation Net Minority Interest": -6305000.0,
        "Reconciled Depreciation": 357000.0,
        "Reconciled Cost Of Revenue": 4616000.0,
        "EBITDA": -4127000.0,
        "EBIT": -4484000.0,
        "Net Interest Income": -1823000.0,
        "Interest Expense": 1823000.0,
        "Normalized Income": -6305000.0,
        "Net Income From Continuing And Discontinued Operation": -6305000.0,
        "Total Expenses": 9547000.0,
        "Total Operating Income As Reported": -4484000.0,
        "Diluted Average Shares": 9279370.0,
        "Basic Average Shares": 9279370.0,
        "Diluted EPS": -0.68,
        "Basic EPS": -0.68,
        "Diluted NI Availto Com Stockholders": -6305000.0,
        "Net Income Common Stockholders": -6305000.0,
        "Net Income": -6305000.0,
        "Net Income Including Noncontrolling Interests": -6305000.0,
        "Net Income Continuous Operations": -6305000.0,
        "Tax Provision": -2000.0,
        "Pretax Income": -6307000.0,
        "Net Non Operating Interest Income Expense": -1823000.0,
        "Total Other Finance Cost": 1823000.0,
        "Interest Expense Non Operating": 1823000.0,
        "Operating Income": -4484000.0,
        "Operating Expense": 4931000.0,
        "Other Operating Expenses": NaN,
        "Research And Development": 1898000.0,
        "Selling General And Administration": 3033000.0,
        "Selling And Marketing Expense": 1224000.0,
        "General And Administrative Expense": 1809000.0,
        "Other Gand A": 1809000.0,
        "Gross Profit": 447000.0,
        "Cost Of Revenue": 4616000.0,
        "Total Revenue": 5063000.0,
        "Operating Revenue": 5063000.0
    },
    "2024-09-30": {
        "Tax Effect Of Unusual Items": 0.0,
        "Tax Rate For Calcs": 0.21,
        "Normalized EBITDA": -4720000.0,
        "Net Income From Continuing Operation Net Minority Interest": -10282000.0,
        "Reconciled Depreciation": 361000.0,
        "Reconciled Cost Of Revenue": 3678000.0,
        "EBITDA": -4720000.0,
        "EBIT": -5081000.0,
        "Net Interest Income": -5180000.0,
        "Interest Expense": NaN,
        "Normalized Income": -10282000.0,
        "Net Income From Continuing And Discontinued Operation": -10282000.0,
        "Total Expenses": 9436000.0,
        "Total Operating Income As Reported": -5081000.0,
        "Diluted Average Shares": 10511288.0,
        "Basic Average Shares": 10511288.0,
        "Diluted EPS": -0.98,
        "Basic EPS": -0.98,
        "Diluted NI Availto Com Stockholders": -10282000.0,
        "Net Income Common Stockholders": -10282000.0,
        "Net Income": -10282000.0,
        "Net Income Including Noncontrolling Interests": -10282000.0,
        "Net Income Continuous Operations": -10282000.0,
        "Tax Provision": 21000.0,
        "Pretax Income": -10261000.0,
        "Net Non Operating Interest Income Expense": -5180000.0,
        "Total Other Finance Cost": 5180000.0,
        "Interest Expense Non Operating": NaN,
        "Operating Income": -5081000.0,
        "Operating Expense": 5758000.0,
        "Other Operating Expenses": NaN,
        "Research And Development": 2524000.0,
        "Selling General And Administration": 3234000.0,
        "Selling And Marketing Expense": 1063000.0,
        "General And Administrative Expense": 2171000.0,
        "Other Gand A": 2171000.0,
        "Gross Profit": 677000.0,
        "Cost Of Revenue": 3678000.0,
        "Total Revenue": 4355000.0,
        "Operating Revenue": 4355000.0
    },
    "2024-12-31": {
        "Tax Effect Of Unusual Items": 0.0,
        "Tax Rate For Calcs": 0.21,
        "Normalized EBITDA": -15715000.0,
        "Net Income From Continuing Operation Net Minority Interest": -3908000.0,
        "Reconciled Depreciation": 397000.0,
        "Reconciled Cost Of Revenue": 4937000.0,
        "EBITDA": -15715000.0,
        "EBIT": -16112000.0,
        "Net Interest Income": 12939000.0,
        "Interest Expense": NaN,
        "Normalized Income": -3908000.0,
        "Net Income From Continuing And Discontinued Operation": -3908000.0,
        "Total Expenses": 11923000.0,
        "Total Operating Income As Reported": -6101000.0,
        "Diluted Average Shares": 10790959.0,
        "Basic Average Shares": 10790959.0,
        "Diluted EPS": -0.36,
        "Basic EPS": -0.36,
        "Diluted NI Availto Com Stockholders": -3908000.0,
        "Net Income Common Stockholders": -3908000.0,
        "Net Income": -3908000.0,
        "Net Income Including Noncontrolling Interests": -3908000.0,
        "Net Income Continuous Operations": -3908000.0,
        "Tax Provision": 18000.0,
        "Pretax Income": -3890000.0,
        "Net Non Operating Interest Income Expense": 12939000.0,
        "Total Other Finance Cost": -11643000.0,
        "Interest Expense Non Operating": NaN,
        "Operating Income": -6083000.0,
        "Operating Expense": 6986000.0,
        "Other Operating Expenses": NaN,
        "Research And Development": 2986000.0,
        "Selling General And Administration": 3772000.0,
        "Selling And Marketing Expense": -270000.0,
        "General And Administrative Expense": 4042000.0,
        "Other Gand A": -2525000.0,
        "Gross Profit": 903000.0,
        "Cost Of Revenue": 4937000.0,
        "Total Revenue": 5840000.0,
        "Operating Revenue": 5840000.0
    },
    "2025-03-31": {
        "Tax Effect Of Unusual Items": 0.0,
        "Tax Rate For Calcs": 0.21,
        "Normalized EBITDA": -4867000.0,
        "Net Income From Continuing Operation Net Minority Interest": -726000.0,
        "Reconciled Depreciation": 358000.0,
        "Reconciled Cost Of Revenue": 3217000.0,
        "EBITDA": -4867000.0,
        "EBIT": -5225000.0,
        "Net Interest Income": 4504000.0,
        "Interest Expense": NaN,
        "Normalized Income": -726000.0,
        "Net Income From Continuing And Discontinued Operation": -726000.0,
        "Total Expenses": 9180000.0,
        "Total Operating Income As Reported": -5225000.0,
        "Diluted Average Shares": 10798318.0,
        "Basic Average Shares": 10798318.0,
        "Diluted EPS": -0.07,
        "Basic EPS": -0.07,
        "Diluted NI Availto Com Stockholders": -726000.0,
        "Net Income Common Stockholders": -726000.0,
        "Net Income": -726000.0,
        "Net Income Including Noncontrolling Interests": -726000.0,
        "Net Income Continuous Operations": -726000.0,
        "Tax Provision": 5000.0,
        "Pretax Income": -721000.0,
        "Net Non Operating Interest Income Expense": 4504000.0,
        "Total Other Finance Cost": -4504000.0,
        "Interest Expense Non Operating": NaN,
        "Operating Income": -5225000.0,
        "Operating Expense": 5963000.0,
        "Other Operating Expenses": 4000.0,
        "Research And Development": 2886000.0,
        "Selling General And Administration": 3073000.0,
        "Selling And Marketing Expense": 1287000.0,
        "General And Administrative Expense": 1786000.0,
        "Other Gand A": 1786000.0,
        "Gross Profit": 738000.0,
        "Cost Of Revenue": 3217000.0,
        "Total Revenue": 3955000.0,
        "Operating Revenue": 3955000.0
    },
    "2025-06-30": {
        "Tax Effect Of Unusual Items": 0.0,
        "Tax Rate For Calcs": 0.21,
        "Normalized EBITDA": -5322000.0,
        "Net Income From Continuing Operation Net Minority Interest": -13318000.0,
        "Reconciled Depreciation": 394000.0,
        "Reconciled Cost Of Revenue": 4366000.0,
        "EBITDA": -5322000.0,
        "EBIT": -5716000.0,
        "Net Interest Income": -7564000.0,
        "Interest Expense": 7564000.0,
        "Normalized Income": -13318000.0,
        "Net Income From Continuing And Discontinued Operation": -13318000.0,
        "Total Expenses": 11424000.0,
        "Total Operating Income As Reported": -5716000.0,
        "Diluted Average Shares": 10835251.0,
        "Basic Average Shares": 10835251.0,
        "Diluted EPS": -1.23,
        "Basic EPS": -1.23,
        "Diluted NI Availto Com Stockholders": -13318000.0,
        "Net Income Common Stockholders": -13318000.0,
        "Net Income": -13318000.0,
        "Net Income Including Noncontrolling Interests": -13318000.0,
        "Net Income Continuous Operations": -13318000.0,
        "Tax Provision": 38000.0,
        "Pretax Income": -13280000.0,
        "Net Non Operating Interest Income Expense": -7564000.0,
        "Total Other Finance Cost": NaN,
        "Interest Expense Non Operating": 7564000.0,
        "Operating Income": -5716000.0,
        "Operating Expense": 7058000.0,
        "Other Operating Expenses": NaN,
        "Research And Development": 3491000.0,
        "Selling General And Administration": 3567000.0,
        "Selling And Marketing Expense": 1462000.0,
        "General And Administrative Expense": 2105000.0,
        "Other Gand A": 2105000.0,
        "Gross Profit": 1342000.0,
        "Cost Of Revenue": 4366000.0,
        "Total Revenue": 5708000.0,
        "Operating Revenue": 5708000.0
    }
}