{
    "2023-03-31": {
        "Tax Effect Of Unusual Items": NaN,
        "Tax Rate For Calcs": NaN,
        "Normalized EBITDA": NaN,
        "Net Income From Continuing Operation Net Minority Interest": NaN,
        "Reconciled Depreciation": NaN,
        "Reconciled Cost Of Revenue": NaN,
        "EBITDA": NaN,
        "EBIT": NaN,
        "Net Interest Income": NaN,
        "Interest Expense": NaN,
        "Interest Income": NaN,
        "Normalized Income": NaN,
        "Net Income From Continuing And Discontinued Operation": NaN,
        "Total Expenses": NaN,
        "Total Operating Income As Reported": NaN,
        "Diluted Average Shares": 22092453.0,
        "Basic Average Shares": 22092453.0,
        "Diluted EPS": -0.53,
        "Basic EPS": -0.53,
        "Diluted NI Availto Com Stockholders": NaN,
        "Net Income Common Stockholders": NaN,
        "Net Income": NaN,
        "Net Income Including Noncontrolling Interests": NaN,
        "Net Income Continuous Operations": NaN,
        "Tax Provision": NaN,
        "Pretax Income": NaN,
        "Net Non Operating Interest Income Expense": NaN,
        "Interest Expense Non Operating": NaN,
        "Interest Income Non Operating": NaN,
        "Operating Income": NaN,
        "Operating Expense": NaN,
        "Other Operating Expenses": NaN,
        "Depreciation Amortization Depletion Income Statement": 1124000.0,
        "Depreciation And Amortization In Income Statement": 1124000.0,
        "Amortization": 1124000.0,
        "Amortization Of Intangibles Income Statement": 1124000.0,
        "Research And Development": NaN,
        "Selling General And Administration": NaN,
        "Selling And Marketing Expense": NaN,
        "General And Administrative Expense": NaN,
        "Other Gand A": NaN,
        "Gross Profit": NaN,
        "Cost Of Revenue": NaN,
        "Total Revenue": NaN,
        "Operating Revenue": NaN
    },
    "2022-12-31": {
        "Tax Effect Of Unusual Items": NaN,
        "Tax Rate For Calcs": NaN,
        "Normalized EBITDA": NaN,
        "Net Income From Continuing Operation Net Minority Interest": NaN,
        "Reconciled Depreciation": NaN,
        "Reconciled Cost Of Revenue": NaN,
        "EBITDA": NaN,
        "EBIT": NaN,
        "Net Interest Income": NaN,
        "Interest Expense": NaN,
        "Interest Income": 39000.0,
        "Normalized Income": NaN,
        "Net Income From Continuing And Discontinued Operation": NaN,
        "Total Expenses": NaN,
        "Total Operating Income As Reported": NaN,
        "Diluted Average Shares": NaN,
        "Basic Average Shares": NaN,
        "Diluted EPS": NaN,
        "Basic EPS": NaN,
        "Diluted NI Availto Com Stockholders": NaN,
        "Net Income Common Stockholders": NaN,
        "Net Income": NaN,
        "Net Income Including Noncontrolling Interests": NaN,
        "Net Income Continuous Operations": NaN,
        "Tax Provision": NaN,
        "Pretax Income": NaN,
        "Net Non Operating Interest Income Expense": NaN,
        "Interest Expense Non Operating": NaN,
        "Interest Income Non Operating": 39000.0,
        "Operating Income": NaN,
        "Operating Expense": NaN,
        "Other Operating Expenses": NaN,
        "Depreciation Amortization Depletion Income Statement": NaN,
        "Depreciation And Amortization In Income Statement": NaN,
        "Amortization": NaN,
        "Amortization Of Intangibles Income Statement": NaN,
        "Research And Development": NaN,
        "Selling General And Administration": NaN,
        "Selling And Marketing Expense": NaN,
        "General And Administrative Expense": NaN,
        "Other Gand A": NaN,
        "Gross Profit": NaN,
        "Cost Of Revenue": NaN,
        "Total Revenue": NaN,
        "Operating Revenue": NaN
    },
    "2022-09-30": {
        "Tax Effect Of Unusual Items": NaN,
        "Tax Rate For Calcs": NaN,
        "Normalized EBITDA": NaN,
        "Net Income From Continuing Operation Net Minority Interest": NaN,
        "Reconciled Depreciation": NaN,
        "Reconciled Cost Of Revenue": NaN,
        "EBITDA": NaN,
        "EBIT": NaN,
        "Net Interest Income": NaN,
        "Interest Expense": NaN,
        "Interest Income": 59000.0,
        "Normalized Income": NaN,
        "Net Income From Continuing And Discontinued Operation": NaN,
        "Total Expenses": NaN,
        "Total Operating Income As Reported": NaN,
        "Diluted Average Shares": 16877500.0,
        "Basic Average Shares": 16877500.0,
        "Diluted EPS": -0.8,
        "Basic EPS": -0.8,
        "Diluted NI Availto Com Stockholders": NaN,
        "Net Income Common Stockholders": NaN,
        "Net Income": NaN,
        "Net Income Including Noncontrolling Interests": NaN,
        "Net Income Continuous Operations": NaN,
        "Tax Provision": NaN,
        "Pretax Income": NaN,
        "Net Non Operating Interest Income Expense": NaN,
        "Interest Expense Non Operating": NaN,
        "Interest Income Non Operating": 59000.0,
        "Operating Income": NaN,
        "Operating Expense": NaN,
        "Other Operating Expenses": NaN,
        "Depreciation Amortization Depletion Income Statement": NaN,
        "Depreciation And Amortization In Income Statement": NaN,
        "Amortization": NaN,
        "Amortization Of Intangibles Income Statement": NaN,
        "Research And Development": NaN,
        "Selling General And Administration": NaN,
        "Selling And Marketing Expense": NaN,
        "General And Administrative Expense": NaN,
        "Other Gand A": NaN,
        "Gross Profit": NaN,
        "Cost Of Revenue": NaN,
        "Total Revenue": NaN,
        "Operating Revenue": NaN
    },
    "2022-06-30": {
        "Tax Effect Of Unusual Items": 0.0,
        "Tax Rate For Calcs": 0.4,
        "Normalized EBITDA": -8355000.0,
        "Net Income From Continuing Operation Net Minority Interest": -9834000.0,
        "Reconciled Depreciation": 789000.0,
        "Reconciled Cost Of Revenue": 3974000.0,
        "EBITDA": -8355000.0,
        "EBIT": -9144000.0,
        "Net Interest Income": -662000.0,
        "Interest Expense": 689000.0,
        "Interest Income": NaN,
        "Normalized Income": -9834000.0,
        "Net Income From Continuing And Discontinued Operation": -9834000.0,
        "Total Expenses": 16074000.0,
        "Total Operating Income As Reported": -9171000.0,
        "Diluted Average Shares": 13633333.0,
        "Basic Average Shares": 13633333.0,
        "Diluted EPS": -0.7,
        "Basic EPS": -0.7,
        "Diluted NI Availto Com Stockholders": -9834000.0,
        "Net Income Common Stockholders": -9834000.0,
        "Net Income": -9834000.0,
        "Net Income Including Noncontrolling Interests": -9834000.0,
        "Net Income Continuous Operations": -9834000.0,
        "Tax Provision": 1000.0,
        "Pretax Income": -9833000.0,
        "Net Non Operating Interest Income Expense": -662000.0,
        "Interest Expense Non Operating": 689000.0,
        "Interest Income Non Operating": NaN,
        "Operating Income": -9171000.0,
        "Operating Expense": 12100000.0,
        "Other Operating Expenses": -271000.0,
        "Research And Development": 1801000.0,
        "Selling General And Administration": 10570000.0,
        "Selling And Marketing Expense": 5426000.0,
        "General And Administrative Expense": 5144000.0,
        "Other Gand A": 5144000.0,
        "Gross Profit": 2929000.0,
        "Cost Of Revenue": 3974000.0,
        "Total Revenue": 6903000.0,
        "Operating Revenue": 6883000.0
    },
    "2022-03-31": {
        "Diluted EPS": -0.5,
        "Total Revenue": 6,
        "Gross Profit": 3,
        "Operating Income": -8,
        "EBIT": -7,
        "Net Income": -8
    },
    "2021-12-31": {
        "Diluted EPS": 0.0,
        "Total Revenue": NaN,
        "Gross Profit": NaN,
        "Operating Income": NaN,
        "EBIT": NaN,
        "Net Income": NaN
    },
    "2021-09-30": {
        "Diluted EPS": -0.6,
        "Total Revenue": 5,
        "Gross Profit": 3,
        "Operating Income": -7,
        "EBIT": -7,
        "Net Income": -8
    },
    "2020-12-31": {
        "Diluted EPS": 0.0,
        "Total Revenue": NaN,
        "Gross Profit": NaN,
        "Operating Income": NaN,
        "EBIT": NaN,
        "Net Income": NaN
    },
    "2023-06-30": {
        "Tax Effect Of Unusual Items": 0.0,
        "Tax Rate For Calcs": 0.0,
        "Normalized EBITDA": -9045000.0,
        "Net Income From Continuing Operation Net Minority Interest": -10626000.0,
        "Reconciled Depreciation": 1776000.0,
        "Reconciled Cost Of Revenue": 6755000.0,
        "EBITDA": -9045000.0,
        "EBIT": -10821000.0,
        "Net Interest Income": 446000.0,
        "Interest Expense": -195000.0,
        "Normalized Income": -10626000.0,
        "Net Income From Continuing And Discontinued Operation": -10626000.0,
        "Total Expenses": 24488000.0,
        "Total Operating Income As Reported": -7743000.0,
        "Diluted Average Shares": NaN,
        "Basic Average Shares": NaN,
        "Diluted EPS": NaN,
        "Basic EPS": NaN,
        "Diluted NI Availto Com Stockholders": -10626000.0,
        "Net Income Common Stockholders": -10626000.0,
        "Net Income": -10626000.0,
        "Net Income Including Noncontrolling Interests": -10626000.0,
        "Net Income Continuous Operations": -10626000.0,
        "Tax Provision": 0.0,
        "Pretax Income": -10626000.0,
        "Net Non Operating Interest Income Expense": 446000.0,
        "Interest Expense Non Operating": -195000.0,
        "Operating Income": -7743000.0,
        "Operating Expense": 17733000.0,
        "Other Operating Expenses": -58000.0,
        "Depreciation Amortization Depletion Income Statement": NaN,
        "Depreciation And Amortization In Income Statement": NaN,
        "Amortization": NaN,
        "Amortization Of Intangibles Income Statement": NaN,
        "Research And Development": 2454000.0,
        "Selling General And Administration": 15337000.0,
        "Selling And Marketing Expense": 9601000.0,
        "General And Administrative Expense": 5736000.0,
        "Other Gand A": 5736000.0,
        "Gross Profit": 9990000.0,
        "Cost Of Revenue": 6755000.0,
        "Total Revenue": 16745000.0,
        "Operating Revenue": 16738000.0
    },
    "2023-09-30": {
        "Tax Effect Of Unusual Items": NaN,
        "Tax Rate For Calcs": NaN,
        "Normalized EBITDA": NaN,
        "Net Income From Continuing Operation Net Minority Interest": NaN,
        "Reconciled Depreciation": NaN,
        "Reconciled Cost Of Revenue": NaN,
        "EBITDA": NaN,
        "EBIT": NaN,
        "Net Interest Income": NaN,
        "Interest Expense": NaN,
        "Interest Income": 564000.0,
        "Normalized Income": NaN,
        "Net Income From Continuing And Discontinued Operation": NaN,
        "Total Expenses": NaN,
        "Total Operating Income As Reported": NaN,
        "Diluted Average Shares": NaN,
        "Basic Average Shares": NaN,
        "Diluted EPS": NaN,
        "Basic EPS": NaN,
        "Diluted NI Availto Com Stockholders": NaN,
        "Net Income Common Stockholders": NaN,
        "Net Income": NaN,
        "Net Income Including Noncontrolling Interests": NaN,
        "Net Income Continuous Operations": NaN,
        "Tax Provision": NaN,
        "Pretax Income": NaN,
        "Net Non Operating Interest Income Expense": NaN,
        "Interest Expense Non Operating": NaN,
        "Interest Income Non Operating": 564000.0,
        "Operating Income": NaN,
        "Operating Expense": NaN,
        "Other Operating Expenses": NaN,
        "Depreciation Amortization Depletion Income Statement": NaN,
        "Depreciation And Amortization In Income Statement": NaN,
        "Amortization": NaN,
        "Amortization Of Intangibles Income Statement": NaN,
        "Research And Development": NaN,
        "Selling General And Administration": NaN,
        "Selling And Marketing Expense": NaN,
        "General And Administrative Expense": NaN,
        "Other Gand A": NaN,
        "Gross Profit": NaN,
        "Cost Of Revenue": NaN,
        "Total Revenue": NaN,
        "Operating Revenue": NaN
    },
    "2024-03-31": {
        "Tax Effect Of Unusual Items": NaN,
        "Tax Rate For Calcs": NaN,
        "Normalized EBITDA": NaN,
        "Net Income From Continuing Operation Net Minority Interest": NaN,
        "Reconciled Depreciation": NaN,
        "Reconciled Cost Of Revenue": NaN,
        "EBITDA": NaN,
        "EBIT": NaN,
        "Net Interest Income": NaN,
        "Interest Expense": NaN,
        "Interest Income": NaN,
        "Normalized Income": NaN,
        "Net Income From Continuing And Discontinued Operation": NaN,
        "Total Expenses": NaN,
        "Total Operating Income As Reported": NaN,
        "Diluted Average Shares": 27454839.0,
        "Basic Average Shares": 27454839.0,
        "Diluted EPS": -0.31,
        "Basic EPS": -0.31,
        "Diluted NI Availto Com Stockholders": NaN,
        "Net Income Common Stockholders": NaN,
        "Net Income": NaN,
        "Net Income Including Noncontrolling Interests": NaN,
        "Net Income Continuous Operations": NaN,
        "Tax Provision": NaN,
        "Pretax Income": NaN,
        "Net Non Operating Interest Income Expense": NaN,
        "Interest Expense Non Operating": NaN,
        "Interest Income Non Operating": NaN,
        "Operating Income": NaN,
        "Operating Expense": NaN,
        "Other Operating Expenses": NaN,
        "Depreciation Amortization Depletion Income Statement": NaN,
        "Depreciation And Amortization In Income Statement": NaN,
        "Amortization": NaN,
        "Amortization Of Intangibles Income Statement": NaN,
        "Research And Development": NaN,
        "Selling General And Administration": NaN,
        "Selling And Marketing Expense": NaN,
        "General And Administrative Expense": NaN,
        "Other Gand A": NaN,
        "Gross Profit": NaN,
        "Cost Of Revenue": NaN,
        "Total Revenue": NaN,
        "Operating Revenue": NaN
    },
    "2023-12-31": {
        "Tax Effect Of Unusual Items": NaN,
        "Tax Rate For Calcs": NaN,
        "Normalized EBITDA": NaN,
        "Net Income From Continuing Operation Net Minority Interest": NaN,
        "Reconciled Depreciation": NaN,
        "Reconciled Cost Of Revenue": NaN,
        "EBITDA": NaN,
        "EBIT": NaN,
        "Net Interest Income": NaN,
        "Interest Expense": NaN,
        "Interest Income": NaN,
        "Normalized Income": NaN,
        "Net Income From Continuing And Discontinued Operation": NaN,
        "Total Expenses": NaN,
        "Total Operating Income As Reported": NaN,
        "Diluted Average Shares": 27487179.0,
        "Basic Average Shares": 27487179.0,
        "Diluted EPS": -0.39,
        "Basic EPS": -0.39,
        "Diluted NI Availto Com Stockholders": NaN,
        "Net Income Common Stockholders": NaN,
        "Net Income": NaN,
        "Net Income Including Noncontrolling Interests": NaN,
        "Net Income Continuous Operations": NaN,
        "Tax Provision": NaN,
        "Pretax Income": NaN,
        "Net Non Operating Interest Income Expense": NaN,
        "Interest Expense Non Operating": NaN,
        "Interest Income Non Operating": NaN,
        "Operating Income": NaN,
        "Operating Expense": NaN,
        "Other Operating Expenses": NaN,
        "Depreciation Amortization Depletion Income Statement": NaN,
        "Depreciation And Amortization In Income Statement": NaN,
        "Amortization": NaN,
        "Amortization Of Intangibles Income Statement": NaN,
        "Research And Development": NaN,
        "Selling General And Administration": NaN,
        "Selling And Marketing Expense": NaN,
        "General And Administrative Expense": NaN,
        "Other Gand A": NaN,
        "Gross Profit": NaN,
        "Cost Of Revenue": NaN,
        "Total Revenue": NaN,
        "Operating Revenue": NaN
    },
    "2024-06-30": {
        "Tax Effect Of Unusual Items": 0.0,
        "Tax Rate For Calcs": 0.0,
        "Normalized EBITDA": -8345000.0,
        "Net Income From Continuing Operation Net Minority Interest": -11528000.0,
        "Reconciled Depreciation": 1798000.0,
        "Reconciled Cost Of Revenue": 8198000.0,
        "EBITDA": -8345000.0,
        "EBIT": -10143000.0,
        "Net Interest Income": -1163000.0,
        "Interest Expense": 1385000.0,
        "Interest Income": NaN,
        "Normalized Income": -11528000.0,
        "Net Income From Continuing And Discontinued Operation": -11528000.0,
        "Total Expenses": 29577000.0,
        "Total Operating Income As Reported": -7418000.0,
        "Diluted Average Shares": NaN,
        "Basic Average Shares": NaN,
        "Diluted EPS": NaN,
        "Basic EPS": NaN,
        "Diluted NI Availto Com Stockholders": -11528000.0,
        "Net Income Common Stockholders": -11528000.0,
        "Net Income": -11528000.0,
        "Net Income Including Noncontrolling Interests": -11528000.0,
        "Net Income Continuous Operations": -11528000.0,
        "Tax Provision": 0.0,
        "Pretax Income": -11528000.0,
        "Net Non Operating Interest Income Expense": -1163000.0,
        "Interest Expense Non Operating": 1385000.0,
        "Interest Income Non Operating": NaN,
        "Operating Income": -7418000.0,
        "Operating Expense": 20704000.0,
        "Other Operating Expenses": 203000.0,
        "Depreciation Amortization Depletion Income Statement": 1123000.0,
        "Depreciation And Amortization In Income Statement": 1123000.0,
        "Amortization": 1123000.0,
        "Amortization Of Intangibles Income Statement": 1123000.0,
        "Research And Development": 2903000.0,
        "Selling General And Administration": 16475000.0,
        "Selling And Marketing Expense": 10633000.0,
        "General And Administrative Expense": 5842000.0,
        "Other Gand A": 5842000.0,
        "Gross Profit": 13286000.0,
        "Cost Of Revenue": 8873000.0,
        "Total Revenue": 22159000.0,
        "Operating Revenue": 22129000.0
    },
    "2024-09-30": {
        "Tax Effect Of Unusual Items": 0.0,
        "Tax Rate For Calcs": 0.21,
        "Normalized EBITDA": -3747000.0,
        "Net Income From Continuing Operation Net Minority Interest": -11189000.0,
        "Reconciled Depreciation": 2148000.0,
        "Reconciled Cost Of Revenue": 8221000.0,
        "EBITDA": -3747000.0,
        "EBIT": -5895000.0,
        "Net Interest Income": -4763000.0,
        "Interest Expense": 4960000.0,
        "Interest Income": 197000.0,
        "Normalized Income": -11189000.0,
        "Net Income From Continuing And Discontinued Operation": -11189000.0,
        "Total Expenses": 29409000.0,
        "Total Operating Income As Reported": -6092000.0,
        "Diluted Average Shares": 47288093.0,
        "Basic Average Shares": 47288093.0,
        "Diluted EPS": -0.4,
        "Basic EPS": -0.4,
        "Diluted NI Availto Com Stockholders": -11189000.0,
        "Net Income Common Stockholders": -11189000.0,
        "Net Income": -11189000.0,
        "Net Income Including Noncontrolling Interests": -11189000.0,
        "Net Income Continuous Operations": -11189000.0,
        "Tax Provision": 334000.0,
        "Pretax Income": -10855000.0,
        "Net Non Operating Interest Income Expense": -4763000.0,
        "Interest Expense Non Operating": 4960000.0,
        "Interest Income Non Operating": 197000.0,
        "Operating Income": -6092000.0,
        "Operating Expense": 20367000.0,
        "Other Operating Expenses": -11000.0,
        "Depreciation Amortization Depletion Income Statement": 1327000.0,
        "Depreciation And Amortization In Income Statement": 1327000.0,
        "Amortization": 1327000.0,
        "Amortization Of Intangibles Income Statement": 1327000.0,
        "Research And Development": 2697000.0,
        "Selling General And Administration": 16354000.0,
        "Selling And Marketing Expense": 10619000.0,
        "General And Administrative Expense": 5735000.0,
        "Other Gand A": 5735000.0,
        "Gross Profit": 14275000.0,
        "Cost Of Revenue": 9042000.0,
        "Total Revenue": 23317000.0,
        "Operating Revenue": 23317000.0
    },
    "2024-12-31": {
        "Tax Effect Of Unusual Items": 0.0,
        "Tax Rate For Calcs": 0.21,
        "Normalized EBITDA": -8000000.0,
        "Net Income From Continuing Operation Net Minority Interest": -6841000.0,
        "Reconciled Depreciation": 2193000.0,
        "Reconciled Cost Of Revenue": 10745000.0,
        "EBITDA": -8000000.0,
        "EBIT": -11716000.0,
        "Net Interest Income": 3912000.0,
        "Interest Expense": -4923000.0,
        "Interest Income": -694000.0,
        "Normalized Income": -6841000.0,
        "Net Income From Continuing And Discontinued Operation": -6841000.0,
        "Total Expenses": 28652000.0,
        "Total Operating Income As Reported": -4608000.0,
        "Diluted Average Shares": 48864286.0,
        "Basic Average Shares": 48864286.0,
        "Diluted EPS": -0.14,
        "Basic EPS": -0.14,
        "Diluted NI Availto Com Stockholders": -6841000.0,
        "Net Income Common Stockholders": -6841000.0,
        "Net Income": -6841000.0,
        "Net Income Including Noncontrolling Interests": -6841000.0,
        "Net Income Continuous Operations": -6841000.0,
        "Tax Provision": 48000.0,
        "Pretax Income": -6793000.0,
        "Net Non Operating Interest Income Expense": 3912000.0,
        "Interest Expense Non Operating": -4923000.0,
        "Interest Income Non Operating": -694000.0,
        "Operating Income": -3913000.0,
        "Operating Expense": 19430000.0,
        "Other Operating Expenses": -254000.0,
        "Depreciation Amortization Depletion Income Statement": 3716000.0,
        "Depreciation And Amortization In Income Statement": 3716000.0,
        "Amortization": 1330000.0,
        "Amortization Of Intangibles Income Statement": 1330000.0,
        "Research And Development": 2788000.0,
        "Selling General And Administration": 13180000.0,
        "Selling And Marketing Expense": -24838000.0,
        "General And Administrative Expense": 38018000.0,
        "Other Gand A": -7501000.0,
        "Gross Profit": 15517000.0,
        "Cost Of Revenue": 9222000.0,
        "Total Revenue": 24739000.0,
        "Operating Revenue": 7019000.0
    },
    "2025-03-31": {
        "Tax Effect Of Unusual Items": 0.0,
        "Tax Rate For Calcs": 0.21,
        "Normalized EBITDA": -1649000.0,
        "Net Income From Continuing Operation Net Minority Interest": -9209000.0,
        "Reconciled Depreciation": 2247000.0,
        "Reconciled Cost Of Revenue": 7863000.0,
        "EBITDA": -1649000.0,
        "EBIT": -3896000.0,
        "Net Interest Income": -4484000.0,
        "Interest Expense": 5176000.0,
        "Interest Income": 692000.0,
        "Normalized Income": -9209000.0,
        "Net Income From Continuing And Discontinued Operation": -9209000.0,
        "Total Expenses": 28880000.0,
        "Total Operating Income As Reported": -4588000.0,
        "Diluted Average Shares": 48468421.0,
        "Basic Average Shares": 48468421.0,
        "Diluted EPS": -0.19,
        "Basic EPS": -0.19,
        "Diluted NI Availto Com Stockholders": -9209000.0,
        "Net Income Common Stockholders": -9209000.0,
        "Net Income": -9209000.0,
        "Net Income Including Noncontrolling Interests": -9209000.0,
        "Net Income Continuous Operations": -9209000.0,
        "Tax Provision": 137000.0,
        "Pretax Income": -9072000.0,
        "Net Non Operating Interest Income Expense": -4484000.0,
        "Interest Expense Non Operating": 5176000.0,
        "Interest Income Non Operating": 692000.0,
        "Operating Income": -4588000.0,
        "Operating Expense": 20092000.0,
        "Other Operating Expenses": 608000.0,
        "Depreciation Amortization Depletion Income Statement": 1322000.0,
        "Depreciation And Amortization In Income Statement": 1322000.0,
        "Amortization": 1322000.0,
        "Amortization Of Intangibles Income Statement": 1322000.0,
        "Research And Development": 2499000.0,
        "Selling General And Administration": 15663000.0,
        "Selling And Marketing Expense": 9821000.0,
        "General And Administrative Expense": 5842000.0,
        "Other Gand A": 5842000.0,
        "Gross Profit": 15504000.0,
        "Cost Of Revenue": 8788000.0,
        "Total Revenue": 24292000.0,
        "Operating Revenue": 24292000.0
    },
    "2025-06-30": {
        "Tax Effect Of Unusual Items": 0.0,
        "Tax Rate For Calcs": 0.053416,
        "Normalized EBITDA": 770000.0,
        "Net Income From Continuing Operation Net Minority Interest": -7372000.0,
        "Reconciled Depreciation": 2266000.0,
        "Reconciled Cost Of Revenue": 8092000.0,
        "EBITDA": 770000.0,
        "EBIT": -1496000.0,
        "Net Interest Income": -5872000.0,
        "Interest Expense": 6292000.0,
        "Interest Income": 420000.0,
        "Normalized Income": -7372000.0,
        "Net Income From Continuing And Discontinued Operation": -7372000.0,
        "Total Expenses": 28521000.0,
        "Total Operating Income As Reported": -1916000.0,
        "Diluted Average Shares": NaN,
        "Basic Average Shares": NaN,
        "Diluted EPS": NaN,
        "Basic EPS": NaN,
        "Diluted NI Availto Com Stockholders": -7372000.0,
        "Net Income Common Stockholders": -7372000.0,
        "Net Income": -7372000.0,
        "Net Income Including Noncontrolling Interests": -7372000.0,
        "Net Income Continuous Operations": -7372000.0,
        "Tax Provision": -416000.0,
        "Pretax Income": -7788000.0,
        "Net Non Operating Interest Income Expense": -5872000.0,
        "Interest Expense Non Operating": 6292000.0,
        "Interest Income Non Operating": 420000.0,
        "Operating Income": -1916000.0,
        "Operating Expense": 19483000.0,
        "Other Operating Expenses": -561000.0,
        "Depreciation Amortization Depletion Income Statement": 1320000.0,
        "Depreciation And Amortization In Income Statement": 1320000.0,
        "Amortization": 1320000.0,
        "Amortization Of Intangibles Income Statement": 1320000.0,
        "Research And Development": 2567000.0,
        "Selling General And Administration": 16157000.0,
        "Selling And Marketing Expense": 9922000.0,
        "General And Administrative Expense": 6235000.0,
        "Other Gand A": 6235000.0,
        "Gross Profit": 17567000.0,
        "Cost Of Revenue": 9038000.0,
        "Total Revenue": 26605000.0,
        "Operating Revenue": 26590000.0
    },
    "2025-09-30": {
        "Tax Effect Of Unusual Items": 0.0,
        "Tax Rate For Calcs": 0.000749,
        "Normalized EBITDA": 114000.0,
        "Net Income From Continuing Operation Net Minority Interest": -8010000.0,
        "Reconciled Depreciation": 2254000.0,
        "Reconciled Cost Of Revenue": 8601000.0,
        "EBITDA": 114000.0,
        "EBIT": -2140000.0,
        "Net Interest Income": -5374000.0,
        "Interest Expense": 5876000.0,
        "Interest Income": 502000.0,
        "Normalized Income": -8010000.0,
        "Net Income From Continuing And Discontinued Operation": -8010000.0,
        "Total Expenses": 30075000.0,
        "Total Operating Income As Reported": -2642000.0,
        "Diluted Average Shares": 50062500.0,
        "Basic Average Shares": 50062500.0,
        "Diluted EPS": -0.16,
        "Basic EPS": -0.16,
        "Diluted NI Availto Com Stockholders": -8010000.0,
        "Net Income Common Stockholders": -8010000.0,
        "Net Income": -8010000.0,
        "Net Income Including Noncontrolling Interests": -8010000.0,
        "Net Income Continuous Operations": -8010000.0,
        "Tax Provision": -6000.0,
        "Pretax Income": -8016000.0,
        "Net Non Operating Interest Income Expense": -5374000.0,
        "Interest Expense Non Operating": 5876000.0,
        "Interest Income Non Operating": 502000.0,
        "Operating Income": -2642000.0,
        "Operating Expense": 20517000.0,
        "Other Operating Expenses": -834000.0,
        "Depreciation Amortization Depletion Income Statement": 1297000.0,
        "Depreciation And Amortization In Income Statement": 1297000.0,
        "Amortization": 1297000.0,
        "Amortization Of Intangibles Income Statement": 1297000.0,
        "Research And Development": 2007000.0,
        "Selling General And Administration": 18047000.0,
        "Selling And Marketing Expense": 10588000.0,
        "General And Administrative Expense": 7459000.0,
        "Other Gand A": 7459000.0,
        "Gross Profit": 17875000.0,
        "Cost Of Revenue": 9558000.0,
        "Total Revenue": 27433000.0,
        "Operating Revenue": 27433000.0
    }
}