{
    "2023-03-31": {
        "Tax Effect Of Unusual Items": NaN,
        "Tax Rate For Calcs": NaN,
        "Normalized EBITDA": NaN,
        "Total Unusual Items": NaN,
        "Total Unusual Items Excluding Goodwill": NaN,
        "Net Income From Continuing Operation Net Minority Interest": NaN,
        "Reconciled Depreciation": NaN,
        "Reconciled Cost Of Revenue": NaN,
        "EBITDA": NaN,
        "EBIT": NaN,
        "Net Interest Income": NaN,
        "Interest Income": 4369000.0,
        "Normalized Income": NaN,
        "Net Income From Continuing And Discontinued Operation": NaN,
        "Total Expenses": NaN,
        "Total Operating Income As Reported": NaN,
        "Diluted Average Shares": 456254405.0,
        "Basic Average Shares": 456254405.0,
        "Diluted EPS": -0.14,
        "Basic EPS": -0.14,
        "Diluted NI Availto Com Stockholders": NaN,
        "Net Income Common Stockholders": NaN,
        "Net Income": NaN,
        "Net Income Including Noncontrolling Interests": NaN,
        "Net Income Continuous Operations": NaN,
        "Tax Provision": -633000.0,
        "Pretax Income": NaN,
        "Other Income Expense": NaN,
        "Other Non Operating Income Expenses": NaN,
        "Special Income Charges": NaN,
        "Impairment Of Capital Assets": NaN,
        "Restructuring And Mergern Acquisition": NaN,
        "Net Non Operating Interest Income Expense": NaN,
        "Total Other Finance Cost": NaN,
        "Interest Income Non Operating": 4369000.0,
        "Operating Income": NaN,
        "Operating Expense": NaN,
        "Depreciation Amortization Depletion Income Statement": NaN,
        "Depreciation And Amortization In Income Statement": NaN,
        "Research And Development": NaN,
        "Selling General And Administration": NaN,
        "Selling And Marketing Expense": NaN,
        "General And Administrative Expense": NaN,
        "Other Gand A": NaN,
        "Salaries And Wages": NaN,
        "Gross Profit": NaN,
        "Cost Of Revenue": NaN,
        "Total Revenue": NaN,
        "Operating Revenue": NaN
    },
    "2022-12-31": {
        "Tax Effect Of Unusual Items": NaN,
        "Tax Rate For Calcs": NaN,
        "Normalized EBITDA": NaN,
        "Total Unusual Items": NaN,
        "Total Unusual Items Excluding Goodwill": NaN,
        "Net Income From Continuing Operation Net Minority Interest": NaN,
        "Reconciled Depreciation": NaN,
        "Reconciled Cost Of Revenue": NaN,
        "EBITDA": NaN,
        "EBIT": NaN,
        "Net Interest Income": NaN,
        "Interest Income": NaN,
        "Normalized Income": NaN,
        "Net Income From Continuing And Discontinued Operation": NaN,
        "Total Expenses": NaN,
        "Total Operating Income As Reported": NaN,
        "Diluted Average Shares": NaN,
        "Basic Average Shares": NaN,
        "Diluted EPS": NaN,
        "Basic EPS": NaN,
        "Diluted NI Availto Com Stockholders": NaN,
        "Net Income Common Stockholders": NaN,
        "Net Income": NaN,
        "Net Income Including Noncontrolling Interests": NaN,
        "Net Income Continuous Operations": NaN,
        "Tax Provision": NaN,
        "Pretax Income": NaN,
        "Other Income Expense": NaN,
        "Other Non Operating Income Expenses": NaN,
        "Special Income Charges": NaN,
        "Impairment Of Capital Assets": 0.0,
        "Restructuring And Mergern Acquisition": NaN,
        "Net Non Operating Interest Income Expense": NaN,
        "Total Other Finance Cost": NaN,
        "Interest Income Non Operating": NaN,
        "Operating Income": NaN,
        "Operating Expense": NaN,
        "Depreciation Amortization Depletion Income Statement": NaN,
        "Depreciation And Amortization In Income Statement": NaN,
        "Research And Development": NaN,
        "Selling General And Administration": NaN,
        "Selling And Marketing Expense": NaN,
        "General And Administrative Expense": NaN,
        "Other Gand A": NaN,
        "Salaries And Wages": NaN,
        "Gross Profit": NaN,
        "Cost Of Revenue": NaN,
        "Total Revenue": NaN,
        "Operating Revenue": NaN
    },
    "2022-09-30": {
        "Tax Effect Of Unusual Items": NaN,
        "Tax Rate For Calcs": NaN,
        "Normalized EBITDA": NaN,
        "Total Unusual Items": NaN,
        "Total Unusual Items Excluding Goodwill": NaN,
        "Net Income From Continuing Operation Net Minority Interest": NaN,
        "Reconciled Depreciation": NaN,
        "Reconciled Cost Of Revenue": NaN,
        "EBITDA": NaN,
        "EBIT": NaN,
        "Net Interest Income": NaN,
        "Interest Income": NaN,
        "Normalized Income": NaN,
        "Net Income From Continuing And Discontinued Operation": NaN,
        "Total Expenses": NaN,
        "Total Operating Income As Reported": NaN,
        "Diluted Average Shares": NaN,
        "Basic Average Shares": NaN,
        "Diluted EPS": NaN,
        "Basic EPS": NaN,
        "Diluted NI Availto Com Stockholders": NaN,
        "Net Income Common Stockholders": NaN,
        "Net Income": NaN,
        "Net Income Including Noncontrolling Interests": NaN,
        "Net Income Continuous Operations": NaN,
        "Tax Provision": NaN,
        "Pretax Income": NaN,
        "Other Income Expense": NaN,
        "Other Non Operating Income Expenses": NaN,
        "Special Income Charges": NaN,
        "Impairment Of Capital Assets": NaN,
        "Restructuring And Mergern Acquisition": NaN,
        "Net Non Operating Interest Income Expense": NaN,
        "Total Other Finance Cost": -1392000.0,
        "Interest Income Non Operating": NaN,
        "Operating Income": NaN,
        "Operating Expense": NaN,
        "Depreciation Amortization Depletion Income Statement": NaN,
        "Depreciation And Amortization In Income Statement": NaN,
        "Research And Development": NaN,
        "Selling General And Administration": NaN,
        "Selling And Marketing Expense": NaN,
        "General And Administrative Expense": NaN,
        "Other Gand A": NaN,
        "Salaries And Wages": NaN,
        "Gross Profit": NaN,
        "Cost Of Revenue": NaN,
        "Total Revenue": NaN,
        "Operating Revenue": NaN
    },
    "2022-06-30": {
        "Tax Effect Of Unusual Items": 0.0,
        "Tax Rate For Calcs": 0.002829,
        "Normalized EBITDA": -80184000.0,
        "Total Unusual Items": NaN,
        "Total Unusual Items Excluding Goodwill": NaN,
        "Net Income From Continuing Operation Net Minority Interest": -89532000.0,
        "Reconciled Depreciation": 9412000.0,
        "Reconciled Cost Of Revenue": 39023000.0,
        "EBITDA": -80184000.0,
        "EBIT": -89596000.0,
        "Net Interest Income": 245000.0,
        "Interest Income": 245000.0,
        "Normalized Income": -89532000.0,
        "Net Income From Continuing And Discontinued Operation": -89532000.0,
        "Total Expenses": 154109000.0,
        "Total Operating Income As Reported": -89596000.0,
        "Diluted Average Shares": 446505329.0,
        "Basic Average Shares": 446505329.0,
        "Diluted EPS": -0.2,
        "Basic EPS": -0.2,
        "Diluted NI Availto Com Stockholders": -89532000.0,
        "Net Income Common Stockholders": -89532000.0,
        "Net Income": -89532000.0,
        "Net Income Including Noncontrolling Interests": -89532000.0,
        "Net Income Continuous Operations": -89532000.0,
        "Tax Provision": -254000.0,
        "Pretax Income": -89786000.0,
        "Other Income Expense": -435000.0,
        "Other Non Operating Income Expenses": -435000.0,
        "Special Income Charges": NaN,
        "Restructuring And Mergern Acquisition": NaN,
        "Net Non Operating Interest Income Expense": 245000.0,
        "Total Other Finance Cost": NaN,
        "Interest Income Non Operating": 245000.0,
        "Operating Income": -89596000.0,
        "Operating Expense": 115086000.0,
        "Depreciation Amortization Depletion Income Statement": 3315000.0,
        "Depreciation And Amortization In Income Statement": 3315000.0,
        "Research And Development": 52009000.0,
        "Selling General And Administration": 63077000.0,
        "Selling And Marketing Expense": 33434000.0,
        "General And Administrative Expense": 29643000.0,
        "Other Gand A": 29643000.0,
        "Salaries And Wages": 6120000.0,
        "Gross Profit": 25490000.0,
        "Cost Of Revenue": 39023000.0,
        "Total Revenue": 64513000.0,
        "Operating Revenue": 64513000.0
    },
    "2023-06-30": {
        "Tax Effect Of Unusual Items": NaN,
        "Tax Rate For Calcs": NaN,
        "Normalized EBITDA": NaN,
        "Total Unusual Items": NaN,
        "Total Unusual Items Excluding Goodwill": NaN,
        "Net Income From Continuing Operation Net Minority Interest": NaN,
        "Reconciled Depreciation": NaN,
        "Reconciled Cost Of Revenue": NaN,
        "EBITDA": NaN,
        "EBIT": NaN,
        "Net Interest Income": NaN,
        "Interest Income": NaN,
        "Normalized Income": NaN,
        "Net Income From Continuing And Discontinued Operation": NaN,
        "Total Expenses": NaN,
        "Total Operating Income As Reported": NaN,
        "Diluted Average Shares": 23112722.0,
        "Basic Average Shares": 23112722.0,
        "Diluted EPS": -4.6,
        "Basic EPS": -4.6,
        "Diluted NI Availto Com Stockholders": NaN,
        "Net Income Common Stockholders": NaN,
        "Net Income": NaN,
        "Net Income Including Noncontrolling Interests": NaN,
        "Net Income Continuous Operations": NaN,
        "Tax Provision": 0.0,
        "Pretax Income": NaN,
        "Other Income Expense": NaN,
        "Other Non Operating Income Expenses": NaN,
        "Special Income Charges": NaN,
        "Impairment Of Capital Assets": NaN,
        "Restructuring And Mergern Acquisition": NaN,
        "Net Non Operating Interest Income Expense": NaN,
        "Total Other Finance Cost": NaN,
        "Interest Income Non Operating": NaN,
        "Operating Income": NaN,
        "Operating Expense": NaN,
        "Depreciation Amortization Depletion Income Statement": NaN,
        "Depreciation And Amortization In Income Statement": NaN,
        "Research And Development": NaN,
        "Selling General And Administration": NaN,
        "Selling And Marketing Expense": NaN,
        "General And Administrative Expense": NaN,
        "Other Gand A": NaN,
        "Salaries And Wages": NaN,
        "Gross Profit": NaN,
        "Cost Of Revenue": NaN,
        "Total Revenue": NaN,
        "Operating Revenue": NaN
    },
    "2023-09-30": {
        "Tax Effect Of Unusual Items": -557340.0,
        "Tax Rate For Calcs": 0.21,
        "Normalized EBITDA": -65711000.0,
        "Total Unusual Items": -2654000.0,
        "Total Unusual Items Excluding Goodwill": -2654000.0,
        "Net Income From Continuing Operation Net Minority Interest": -75270000.0,
        "Reconciled Depreciation": 8112000.0,
        "Reconciled Cost Of Revenue": 23317000.0,
        "EBITDA": -68365000.0,
        "EBIT": -76477000.0,
        "Net Interest Income": 3752000.0,
        "Interest Income": 3752000.0,
        "Normalized Income": -73173340.0,
        "Net Income From Continuing And Discontinued Operation": -75270000.0,
        "Total Expenses": 126476000.0,
        "Total Operating Income As Reported": -79131000.0,
        "Diluted Average Shares": 23742914.0,
        "Basic Average Shares": 23742914.0,
        "Diluted EPS": -3.17,
        "Basic EPS": -3.17,
        "Diluted NI Availto Com Stockholders": -75270000.0,
        "Net Income Common Stockholders": -75270000.0,
        "Net Income": -75270000.0,
        "Net Income Including Noncontrolling Interests": -75270000.0,
        "Net Income Continuous Operations": -75270000.0,
        "Tax Provision": 36000.0,
        "Pretax Income": -75234000.0,
        "Other Income Expense": -2509000.0,
        "Other Non Operating Income Expenses": 145000.0,
        "Special Income Charges": -2654000.0,
        "Impairment Of Capital Assets": NaN,
        "Restructuring And Mergern Acquisition": 2654000.0,
        "Net Non Operating Interest Income Expense": 3752000.0,
        "Total Other Finance Cost": -3752000.0,
        "Interest Income Non Operating": 3752000.0,
        "Operating Income": -76477000.0,
        "Operating Expense": 98206000.0,
        "Depreciation Amortization Depletion Income Statement": 3159000.0,
        "Depreciation And Amortization In Income Statement": 3159000.0,
        "Research And Development": 54588000.0,
        "Selling General And Administration": 40459000.0,
        "Selling And Marketing Expense": 10513000.0,
        "General And Administrative Expense": 29946000.0,
        "Other Gand A": 25290000.0,
        "Salaries And Wages": 4656000.0,
        "Gross Profit": 21729000.0,
        "Cost Of Revenue": 28270000.0,
        "Total Revenue": 49999000.0,
        "Operating Revenue": 49999000.0
    },
    "2023-12-31": {
        "Tax Effect Of Unusual Items": -42062370.0,
        "Tax Rate For Calcs": 0.21,
        "Normalized EBITDA": 126701000.0,
        "Total Unusual Items": -200297000.0,
        "Total Unusual Items Excluding Goodwill": -200297000.0,
        "Net Income From Continuing Operation Net Minority Interest": -277976000.0,
        "Reconciled Depreciation": 7317000.0,
        "Reconciled Cost Of Revenue": 19440000.0,
        "EBITDA": -73596000.0,
        "EBIT": -80913000.0,
        "Net Interest Income": 3230000.0,
        "Interest Income": 3230000.0,
        "Normalized Income": -119741370.0,
        "Net Income From Continuing And Discontinued Operation": -277976000.0,
        "Total Expenses": 125660000.0,
        "Total Operating Income As Reported": -281210000.0,
        "Diluted Average Shares": 24040477.0,
        "Basic Average Shares": 24040477.0,
        "Diluted EPS": -11.6,
        "Basic EPS": -11.6,
        "Diluted NI Availto Com Stockholders": -277976000.0,
        "Net Income Common Stockholders": -277976000.0,
        "Net Income": -277976000.0,
        "Net Income Including Noncontrolling Interests": -277976000.0,
        "Net Income Continuous Operations": -277976000.0,
        "Tax Provision": 19000.0,
        "Pretax Income": -277957000.0,
        "Other Income Expense": -200274000.0,
        "Other Non Operating Income Expenses": 23000.0,
        "Special Income Charges": -200297000.0,
        "Impairment Of Capital Assets": 198800000.0,
        "Restructuring And Mergern Acquisition": 1497000.0,
        "Net Non Operating Interest Income Expense": 3230000.0,
        "Total Other Finance Cost": NaN,
        "Interest Income Non Operating": 3230000.0,
        "Operating Income": -80913000.0,
        "Operating Expense": 100849000.0,
        "Depreciation Amortization Depletion Income Statement": 1946000.0,
        "Depreciation And Amortization In Income Statement": 1946000.0,
        "Research And Development": 41720000.0,
        "Selling General And Administration": 57183000.0,
        "Selling And Marketing Expense": 21614000.0,
        "General And Administrative Expense": 35569000.0,
        "Other Gand A": 31446000.0,
        "Salaries And Wages": 4123000.0,
        "Gross Profit": 19936000.0,
        "Cost Of Revenue": 24811000.0,
        "Total Revenue": 44747000.0,
        "Operating Revenue": 44747000.0
    },
    "2024-03-31": {
        "Tax Effect Of Unusual Items": -32118240.0,
        "Tax Rate For Calcs": 0.21,
        "Normalized EBITDA": 99962000.0,
        "Total Unusual Items": -152944000.0,
        "Total Unusual Items Excluding Goodwill": -152944000.0,
        "Net Income From Continuing Operation Net Minority Interest": -208834000.0,
        "Reconciled Depreciation": 5937000.0,
        "Reconciled Cost Of Revenue": 32416000.0,
        "EBITDA": -52982000.0,
        "EBIT": -58919000.0,
        "Net Interest Income": 3042000.0,
        "Interest Income": 3042000.0,
        "Normalized Income": -88008240.0,
        "Net Income From Continuing And Discontinued Operation": -208834000.0,
        "Total Expenses": 122947000.0,
        "Total Operating Income As Reported": -211863000.0,
        "Diluted Average Shares": NaN,
        "Basic Average Shares": NaN,
        "Diluted EPS": NaN,
        "Basic EPS": NaN,
        "Diluted NI Availto Com Stockholders": -208834000.0,
        "Net Income Common Stockholders": -208834000.0,
        "Net Income": -208834000.0,
        "Net Income Including Noncontrolling Interests": -208834000.0,
        "Net Income Continuous Operations": -208834000.0,
        "Tax Provision": 18000.0,
        "Pretax Income": -208816000.0,
        "Other Income Expense": -152939000.0,
        "Other Non Operating Income Expenses": 5000.0,
        "Special Income Charges": -152944000.0,
        "Impairment Of Capital Assets": 152944000.0,
        "Restructuring And Mergern Acquisition": 0.0,
        "Net Non Operating Interest Income Expense": 3042000.0,
        "Total Other Finance Cost": NaN,
        "Interest Income Non Operating": 3042000.0,
        "Operating Income": -58919000.0,
        "Operating Expense": 85951000.0,
        "Depreciation Amortization Depletion Income Statement": 1357000.0,
        "Depreciation And Amortization In Income Statement": 1357000.0,
        "Research And Development": 46724000.0,
        "Selling General And Administration": 37870000.0,
        "Selling And Marketing Expense": 10498000.0,
        "General And Administrative Expense": 27372000.0,
        "Other Gand A": 22296000.0,
        "Salaries And Wages": 5076000.0,
        "Gross Profit": 27032000.0,
        "Cost Of Revenue": 36996000.0,
        "Total Revenue": 64028000.0,
        "Operating Revenue": 64028000.0
    },
    "2024-06-30": {
        "Tax Effect Of Unusual Items": 0.0,
        "Tax Rate For Calcs": 0.0,
        "Normalized EBITDA": -66169000.0,
        "Total Unusual Items": 0.0,
        "Total Unusual Items Excluding Goodwill": 0.0,
        "Net Income From Continuing Operation Net Minority Interest": -69400000.0,
        "Reconciled Depreciation": 5786000.0,
        "Reconciled Cost Of Revenue": 15405000.0,
        "EBITDA": -66169000.0,
        "EBIT": -71955000.0,
        "Net Interest Income": 2574000.0,
        "Interest Income": 2574000.0,
        "Normalized Income": -69400000.0,
        "Net Income From Continuing And Discontinued Operation": -69400000.0,
        "Total Expenses": 112369000.0,
        "Total Operating Income As Reported": -71955000.0,
        "Diluted Average Shares": 24794645.0,
        "Basic Average Shares": 24794645.0,
        "Diluted EPS": -2.8,
        "Basic EPS": -2.8,
        "Diluted NI Availto Com Stockholders": -69400000.0,
        "Net Income Common Stockholders": -69400000.0,
        "Net Income": -69400000.0,
        "Net Income Including Noncontrolling Interests": -69400000.0,
        "Net Income Continuous Operations": -69400000.0,
        "Tax Provision": NaN,
        "Pretax Income": -69400000.0,
        "Other Income Expense": -19000.0,
        "Other Non Operating Income Expenses": -19000.0,
        "Special Income Charges": 0.0,
        "Impairment Of Capital Assets": NaN,
        "Restructuring And Mergern Acquisition": 0.0,
        "Net Non Operating Interest Income Expense": 2574000.0,
        "Total Other Finance Cost": NaN,
        "Interest Income Non Operating": 2574000.0,
        "Operating Income": -71955000.0,
        "Operating Expense": 92469000.0,
        "Depreciation Amortization Depletion Income Statement": 1291000.0,
        "Depreciation And Amortization In Income Statement": 1291000.0,
        "Research And Development": 44637000.0,
        "Selling General And Administration": 46541000.0,
        "Selling And Marketing Expense": 8610000.0,
        "General And Administrative Expense": 37931000.0,
        "Other Gand A": 32360000.0,
        "Salaries And Wages": 5571000.0,
        "Gross Profit": 20514000.0,
        "Cost Of Revenue": 19900000.0,
        "Total Revenue": 40414000.0,
        "Operating Revenue": 40414000.0
    },
    "2024-09-30": {
        "Tax Effect Of Unusual Items": -1554.206682,
        "Tax Rate For Calcs": 0.000693,
        "Normalized EBITDA": -49936000.0,
        "Total Unusual Items": -2242000.0,
        "Total Unusual Items Excluding Goodwill": -2242000.0,
        "Net Income From Continuing Operation Net Minority Interest": -59103000.0,
        "Reconciled Depreciation": 6748000.0,
        "Reconciled Cost Of Revenue": 16199000.0,
        "EBITDA": -52178000.0,
        "EBIT": -58926000.0,
        "Net Interest Income": 2009000.0,
        "Interest Income": 2009000.0,
        "Normalized Income": -56862554.206682,
        "Net Income From Continuing And Discontinued Operation": -59103000.0,
        "Total Expenses": 102997000.0,
        "Total Operating Income As Reported": -61168000.0,
        "Diluted Average Shares": 1275982.0,
        "Basic Average Shares": 1275982.0,
        "Diluted EPS": -46.4,
        "Basic EPS": -46.4,
        "Diluted NI Availto Com Stockholders": -59103000.0,
        "Net Income Common Stockholders": -59103000.0,
        "Net Income": -59103000.0,
        "Net Income Including Noncontrolling Interests": -59103000.0,
        "Net Income Continuous Operations": -59103000.0,
        "Tax Provision": -41000.0,
        "Pretax Income": -59144000.0,
        "Other Income Expense": -2227000.0,
        "Other Non Operating Income Expenses": 15000.0,
        "Special Income Charges": -2242000.0,
        "Impairment Of Capital Assets": NaN,
        "Restructuring And Mergern Acquisition": 2242000.0,
        "Net Non Operating Interest Income Expense": 2009000.0,
        "Total Other Finance Cost": NaN,
        "Interest Income Non Operating": 2009000.0,
        "Operating Income": -58926000.0,
        "Operating Expense": 81333000.0,
        "Depreciation Amortization Depletion Income Statement": 1283000.0,
        "Depreciation And Amortization In Income Statement": 1283000.0,
        "Research And Development": 41041000.0,
        "Selling General And Administration": 39009000.0,
        "Selling And Marketing Expense": 10113000.0,
        "General And Administrative Expense": 28896000.0,
        "Other Gand A": 23418000.0,
        "Salaries And Wages": 5478000.0,
        "Gross Profit": 22407000.0,
        "Cost Of Revenue": 21664000.0,
        "Total Revenue": 44071000.0,
        "Operating Revenue": 44071000.0
    }
}