{
    "2023-03-31": {
        "Tax Effect Of Unusual Items": NaN,
        "Tax Rate For Calcs": NaN,
        "Normalized EBITDA": NaN,
        "Total Unusual Items": NaN,
        "Total Unusual Items Excluding Goodwill": NaN,
        "Net Income From Continuing Operation Net Minority Interest": NaN,
        "Reconciled Depreciation": NaN,
        "EBITDA": NaN,
        "EBIT": NaN,
        "Net Interest Income": NaN,
        "Interest Income": NaN,
        "Normalized Income": NaN,
        "Net Income From Continuing And Discontinued Operation": NaN,
        "Total Expenses": NaN,
        "Total Operating Income As Reported": NaN,
        "Diluted Average Shares": 6663000.0,
        "Basic Average Shares": 6663000.0,
        "Diluted EPS": -2.32,
        "Basic EPS": -2.32,
        "Diluted NI Availto Com Stockholders": NaN,
        "Average Dilution Earnings": 0.0,
        "Net Income Common Stockholders": NaN,
        "Net Income": NaN,
        "Net Income Including Noncontrolling Interests": NaN,
        "Net Income Continuous Operations": NaN,
        "Pretax Income": NaN,
        "Other Income Expense": NaN,
        "Other Non Operating Income Expenses": NaN,
        "Gain On Sale Of Security": NaN,
        "Net Non Operating Interest Income Expense": NaN,
        "Interest Income Non Operating": NaN,
        "Operating Income": NaN,
        "Operating Expense": NaN,
        "Research And Development": NaN,
        "Selling General And Administration": NaN,
        "General And Administrative Expense": NaN,
        "Other Gand A": NaN,
        "Total Revenue": NaN,
        "Operating Revenue": NaN
    },
    "2022-12-31": {
        "Tax Effect Of Unusual Items": NaN,
        "Tax Rate For Calcs": NaN,
        "Normalized EBITDA": NaN,
        "Total Unusual Items": 486000.0,
        "Total Unusual Items Excluding Goodwill": 486000.0,
        "Net Income From Continuing Operation Net Minority Interest": NaN,
        "Reconciled Depreciation": NaN,
        "EBITDA": NaN,
        "EBIT": NaN,
        "Net Interest Income": NaN,
        "Interest Income": NaN,
        "Normalized Income": NaN,
        "Net Income From Continuing And Discontinued Operation": NaN,
        "Total Expenses": NaN,
        "Total Operating Income As Reported": NaN,
        "Diluted Average Shares": 6663000.0,
        "Basic Average Shares": 6663000.0,
        "Diluted EPS": 1.54,
        "Basic EPS": 1.54,
        "Diluted NI Availto Com Stockholders": NaN,
        "Average Dilution Earnings": 0.0,
        "Net Income Common Stockholders": NaN,
        "Net Income": NaN,
        "Net Income Including Noncontrolling Interests": NaN,
        "Net Income Continuous Operations": NaN,
        "Pretax Income": NaN,
        "Other Income Expense": NaN,
        "Other Non Operating Income Expenses": NaN,
        "Gain On Sale Of Security": 486000.0,
        "Net Non Operating Interest Income Expense": NaN,
        "Interest Income Non Operating": NaN,
        "Operating Income": NaN,
        "Operating Expense": NaN,
        "Research And Development": NaN,
        "Selling General And Administration": NaN,
        "General And Administrative Expense": NaN,
        "Other Gand A": NaN,
        "Total Revenue": NaN,
        "Operating Revenue": NaN
    },
    "2022-09-30": {
        "Tax Effect Of Unusual Items": NaN,
        "Tax Rate For Calcs": NaN,
        "Normalized EBITDA": NaN,
        "Total Unusual Items": 1117000.0,
        "Total Unusual Items Excluding Goodwill": 1117000.0,
        "Net Income From Continuing Operation Net Minority Interest": NaN,
        "Reconciled Depreciation": NaN,
        "EBITDA": NaN,
        "EBIT": NaN,
        "Net Interest Income": NaN,
        "Interest Income": NaN,
        "Normalized Income": NaN,
        "Net Income From Continuing And Discontinued Operation": NaN,
        "Total Expenses": NaN,
        "Total Operating Income As Reported": NaN,
        "Diluted Average Shares": NaN,
        "Basic Average Shares": NaN,
        "Diluted EPS": NaN,
        "Basic EPS": NaN,
        "Diluted NI Availto Com Stockholders": NaN,
        "Average Dilution Earnings": 0.0,
        "Net Income Common Stockholders": NaN,
        "Net Income": NaN,
        "Net Income Including Noncontrolling Interests": NaN,
        "Net Income Continuous Operations": NaN,
        "Pretax Income": NaN,
        "Other Income Expense": NaN,
        "Other Non Operating Income Expenses": NaN,
        "Gain On Sale Of Security": 1117000.0,
        "Net Non Operating Interest Income Expense": NaN,
        "Interest Income Non Operating": NaN,
        "Operating Income": NaN,
        "Operating Expense": NaN,
        "Research And Development": NaN,
        "Selling General And Administration": NaN,
        "General And Administrative Expense": NaN,
        "Other Gand A": NaN,
        "Total Revenue": NaN,
        "Operating Revenue": NaN
    },
    "2022-06-30": {
        "Tax Effect Of Unusual Items": 0.0,
        "Tax Rate For Calcs": 0.0,
        "Normalized EBITDA": -16044000.0,
        "Total Unusual Items": -67000.0,
        "Total Unusual Items Excluding Goodwill": -67000.0,
        "Net Income From Continuing Operation Net Minority Interest": -16063000.0,
        "Reconciled Depreciation": 85000.0,
        "Reconciled Cost Of Revenue": 0.0,
        "EBITDA": -16111000.0,
        "EBIT": -16196000.0,
        "Net Interest Income": 206000.0,
        "Interest Income": 206000.0,
        "Normalized Income": -15996000.0,
        "Net Income From Continuing And Discontinued Operation": -16063000.0,
        "Total Expenses": 27610000.0,
        "Total Operating Income As Reported": -16196000.0,
        "Diluted Average Shares": 6656400.0,
        "Basic Average Shares": 6654600.0,
        "Diluted EPS": -2.49,
        "Basic EPS": -2.49,
        "Diluted NI Availto Com Stockholders": -16063000.0,
        "Average Dilution Earnings": 0.0,
        "Net Income Common Stockholders": -16063000.0,
        "Net Income": -16063000.0,
        "Net Income Including Noncontrolling Interests": -16063000.0,
        "Net Income Continuous Operations": -16063000.0,
        "Pretax Income": -16063000.0,
        "Other Income Expense": -73000.0,
        "Other Non Operating Income Expenses": NaN,
        "Gain On Sale Of Security": -67000.0,
        "Net Non Operating Interest Income Expense": 206000.0,
        "Interest Income Non Operating": 206000.0,
        "Operating Income": -16196000.0,
        "Operating Expense": 27610000.0,
        "Research And Development": 21839000.0,
        "Selling General And Administration": 5771000.0,
        "General And Administrative Expense": 5771000.0,
        "Other Gand A": 5771000.0,
        "Gross Profit": 11414000.0,
        "Cost Of Revenue": 0.0,
        "Total Revenue": 11414000.0,
        "Operating Revenue": 11414000.0
    },
    "2022-03-31": {
        "Diluted EPS": -1.31,
        "Total Revenue": 10,
        "Gross Profit": 10,
        "Operating Income": -22,
        "EBIT": -21,
        "Net Income": -9
    },
    "2021-12-31": {
        "Diluted EPS": -2.8,
        "Total Revenue": 12,
        "Gross Profit": 12,
        "Operating Income": -18,
        "EBIT": -18,
        "Net Income": -12
    },
    "2021-09-30": {
        "Diluted EPS": -3.6,
        "Total Revenue": 8,
        "Gross Profit": 8,
        "Operating Income": -20,
        "EBIT": -20,
        "Net Income": -18
    },
    "2021-06-30": {
        "Diluted EPS": -2.6,
        "Total Revenue": 7,
        "Gross Profit": 7,
        "Operating Income": -15,
        "EBIT": -15,
        "Net Income": -8
    },
    "2021-03-31": {
        "Diluted EPS": -4.6,
        "Total Revenue": 8,
        "Gross Profit": 8,
        "Operating Income": -16,
        "EBIT": -16,
        "Net Income": -26
    },
    "2020-12-31": {
        "Diluted EPS": -2.6,
        "Total Revenue": 13,
        "Gross Profit": 12,
        "Operating Income": -16,
        "EBIT": -16,
        "Net Income": -8
    },
    "2020-09-30": {
        "Diluted EPS": -2.2,
        "Total Revenue": 7,
        "Gross Profit": 6,
        "Operating Income": -13,
        "EBIT": -13,
        "Net Income": 1
    },
    "2020-06-30": {
        "Diluted EPS": -3.6,
        "Total Revenue": 24,
        "Gross Profit": 24,
        "Operating Income": 11,
        "EBIT": 12,
        "Net Income": -20
    },
    "2020-03-31": {
        "Diluted EPS": -0.8,
        "Total Revenue": 1,
        "Gross Profit": 0,
        "Operating Income": -12,
        "EBIT": -12,
        "Net Income": -4
    },
    "2019-12-31": {
        "Diluted EPS": -5.2,
        "Total Revenue": 1,
        "Gross Profit": 0,
        "Operating Income": -12,
        "EBIT": -12,
        "Net Income": -20
    },
    "2019-09-30": {
        "Diluted EPS": -0.8,
        "Total Revenue": 1,
        "Gross Profit": 0,
        "Operating Income": -13,
        "EBIT": -13,
        "Net Income": -3
    },
    "2019-06-30": {
        "Diluted EPS": -3.0,
        "Total Revenue": 1,
        "Gross Profit": 0,
        "Operating Income": -12,
        "EBIT": -12,
        "Net Income": 3
    },
    "2019-03-31": {
        "Diluted EPS": -4.8,
        "Total Revenue": 1,
        "Gross Profit": 0,
        "Operating Income": -13,
        "EBIT": -13,
        "Net Income": -17
    },
    "2018-12-31": {
        "Diluted EPS": -3.0,
        "Total Revenue": 2,
        "Gross Profit": 1,
        "Operating Income": -12,
        "EBIT": -12,
        "Net Income": 12
    },
    "2018-09-30": {
        "Diluted EPS": -4.2,
        "Total Revenue": 0,
        "Gross Profit": -1,
        "Operating Income": -10,
        "EBIT": -10,
        "Net Income": -15
    },
    "2018-06-30": {
        "Diluted EPS": -8.2,
        "Total Revenue": 1,
        "Gross Profit": -1,
        "Operating Income": -7,
        "EBIT": -7,
        "Net Income": -19
    },
    "2018-03-31": {
        "Diluted EPS": -3.2,
        "Total Revenue": 0,
        "Gross Profit": 0,
        "Operating Income": -6,
        "EBIT": -6,
        "Net Income": -6
    },
    "2017-12-31": {
        "Diluted EPS": -3.2,
        "Total Revenue": 0,
        "Gross Profit": 0,
        "Operating Income": -6,
        "EBIT": -6,
        "Net Income": -6
    },
    "2017-09-30": {
        "Diluted EPS": -4.8,
        "Total Revenue": 0,
        "Gross Profit": 0,
        "Operating Income": -9,
        "EBIT": -9,
        "Net Income": -9
    },
    "2017-06-30": {
        "Diluted EPS": -2.2,
        "Total Revenue": 0,
        "Gross Profit": -1,
        "Operating Income": -4,
        "EBIT": -4,
        "Net Income": -4
    },
    "2017-03-31": {
        "Diluted EPS": -0.4,
        "Total Revenue": 5,
        "Gross Profit": 3,
        "Operating Income": -1,
        "EBIT": -1,
        "Net Income": -1
    },
    "2016-12-31": {
        "Diluted EPS": 6.4,
        "Total Revenue": 17,
        "Gross Profit": 15,
        "Operating Income": 12,
        "EBIT": 12,
        "Net Income": 12
    },
    "2016-09-30": {
        "Diluted EPS": -2.4,
        "Total Revenue": 1,
        "Gross Profit": 0,
        "Operating Income": -4,
        "EBIT": -4,
        "Net Income": -4
    },
    "2016-06-30": {
        "Diluted EPS": -3.4,
        "Total Revenue": NaN,
        "Gross Profit": NaN,
        "Operating Income": -6,
        "EBIT": -6,
        "Net Income": -6
    },
    "2016-03-31": {
        "Diluted EPS": -3.2,
        "Total Revenue": NaN,
        "Gross Profit": NaN,
        "Operating Income": -5,
        "EBIT": -5,
        "Net Income": -5
    },
    "2015-12-31": {
        "Diluted EPS": -3.0,
        "Total Revenue": NaN,
        "Gross Profit": NaN,
        "Operating Income": -5,
        "EBIT": -5,
        "Net Income": -5
    },
    "2015-09-30": {
        "Diluted EPS": -2.6,
        "Total Revenue": NaN,
        "Gross Profit": NaN,
        "Operating Income": -5,
        "EBIT": -5,
        "Net Income": -5
    },
    "2015-06-30": {
        "Diluted EPS": -1.6,
        "Total Revenue": NaN,
        "Gross Profit": NaN,
        "Operating Income": -6,
        "EBIT": -6,
        "Net Income": -6
    },
    "2015-03-31": {
        "Diluted EPS": -5.4,
        "Total Revenue": NaN,
        "Gross Profit": NaN,
        "Operating Income": -9,
        "EBIT": -9,
        "Net Income": -9
    },
    "2014-12-31": {
        "Diluted EPS": -7.8,
        "Total Revenue": NaN,
        "Gross Profit": NaN,
        "Operating Income": -9,
        "EBIT": -9,
        "Net Income": -9
    },
    "2014-09-30": {
        "Diluted EPS": -8.4,
        "Total Revenue": NaN,
        "Gross Profit": NaN,
        "Operating Income": -9,
        "EBIT": -9,
        "Net Income": -9
    },
    "2014-06-30": {
        "Diluted EPS": -8.0,
        "Total Revenue": NaN,
        "Gross Profit": NaN,
        "Operating Income": -9,
        "EBIT": -9,
        "Net Income": -9
    },
    "2014-03-31": {
        "Diluted EPS": -6.8,
        "Total Revenue": NaN,
        "Gross Profit": NaN,
        "Operating Income": -7,
        "EBIT": -7,
        "Net Income": -7
    },
    "2013-12-31": {
        "Diluted EPS": -6.4,
        "Total Revenue": NaN,
        "Gross Profit": NaN,
        "Operating Income": -6,
        "EBIT": -6,
        "Net Income": -6
    },
    "2013-09-30": {
        "Diluted EPS": -5.8,
        "Total Revenue": NaN,
        "Gross Profit": NaN,
        "Operating Income": -5,
        "EBIT": -5,
        "Net Income": -5
    },
    "2013-06-30": {
        "Diluted EPS": 5.6,
        "Total Revenue": NaN,
        "Gross Profit": NaN,
        "Operating Income": -3,
        "EBIT": -3,
        "Net Income": -3
    },
    "2013-03-31": {
        "Diluted EPS": -3.6,
        "Total Revenue": NaN,
        "Gross Profit": NaN,
        "Operating Income": -3,
        "EBIT": -3,
        "Net Income": -3
    },
    "2012-12-31": {
        "Diluted EPS": -10.0,
        "Total Revenue": NaN,
        "Gross Profit": NaN,
        "Operating Income": -3,
        "EBIT": -3,
        "Net Income": -3
    },
    "2012-09-30": {
        "Diluted EPS": -14.0,
        "Total Revenue": NaN,
        "Gross Profit": NaN,
        "Operating Income": -2,
        "EBIT": -2,
        "Net Income": -2
    },
    "2012-06-30": {
        "Diluted EPS": -12.4,
        "Total Revenue": NaN,
        "Gross Profit": NaN,
        "Operating Income": -2,
        "EBIT": -2,
        "Net Income": -2
    },
    "2012-03-31": {
        "Diluted EPS": -18.6,
        "Total Revenue": NaN,
        "Gross Profit": NaN,
        "Operating Income": -2,
        "EBIT": -2,
        "Net Income": -2
    },
    "2011-12-31": {
        "Diluted EPS": -15.6,
        "Total Revenue": NaN,
        "Gross Profit": NaN,
        "Operating Income": -2,
        "EBIT": -2,
        "Net Income": -2
    },
    "2011-09-30": {
        "Diluted EPS": -20.4,
        "Total Revenue": NaN,
        "Gross Profit": NaN,
        "Operating Income": -2,
        "EBIT": -2,
        "Net Income": -2
    },
    "2011-06-30": {
        "Diluted EPS": -22.8,
        "Total Revenue": NaN,
        "Gross Profit": NaN,
        "Operating Income": -1,
        "EBIT": -1,
        "Net Income": -2
    },
    "2011-03-31": {
        "Diluted EPS": -21.6,
        "Total Revenue": NaN,
        "Gross Profit": NaN,
        "Operating Income": -1,
        "EBIT": -1,
        "Net Income": -1
    },
    "2010-12-31": {
        "Diluted EPS": -33.59,
        "Total Revenue": NaN,
        "Gross Profit": NaN,
        "Operating Income": -2,
        "EBIT": -2,
        "Net Income": -2
    },
    "2010-09-30": {
        "Diluted EPS": -28.79,
        "Total Revenue": NaN,
        "Gross Profit": NaN,
        "Operating Income": -2,
        "EBIT": -2,
        "Net Income": -2
    },
    "2010-06-30": {
        "Diluted EPS": -28.79,
        "Total Revenue": NaN,
        "Gross Profit": NaN,
        "Operating Income": -2,
        "EBIT": -2,
        "Net Income": -2
    },
    "2010-03-31": {
        "Diluted EPS": -35.99,
        "Total Revenue": NaN,
        "Gross Profit": NaN,
        "Operating Income": -2,
        "EBIT": -2,
        "Net Income": -2
    },
    "2009-12-31": {
        "Diluted EPS": -24.0,
        "Total Revenue": NaN,
        "Gross Profit": NaN,
        "Operating Income": -1,
        "EBIT": -1,
        "Net Income": -1
    },
    "2009-09-30": {
        "Diluted EPS": -39.59,
        "Total Revenue": 0,
        "Gross Profit": 0,
        "Operating Income": -2,
        "EBIT": -2,
        "Net Income": -2
    },
    "2009-06-30": {
        "Diluted EPS": -92.38,
        "Total Revenue": NaN,
        "Gross Profit": NaN,
        "Operating Income": -5,
        "EBIT": -5,
        "Net Income": -5
    },
    "2009-03-31": {
        "Diluted EPS": -31.19,
        "Total Revenue": 0,
        "Gross Profit": 0,
        "Operating Income": -2,
        "EBIT": -2,
        "Net Income": -2
    },
    "2023-06-30": {
        "Tax Effect Of Unusual Items": NaN,
        "Tax Rate For Calcs": NaN,
        "Normalized EBITDA": NaN,
        "Total Unusual Items": 0.0,
        "Total Unusual Items Excluding Goodwill": 0.0,
        "Net Income From Continuing Operation Net Minority Interest": NaN,
        "Reconciled Depreciation": NaN,
        "EBITDA": NaN,
        "EBIT": NaN,
        "Net Interest Income": NaN,
        "Interest Income": NaN,
        "Normalized Income": NaN,
        "Net Income From Continuing And Discontinued Operation": NaN,
        "Total Expenses": NaN,
        "Total Operating Income As Reported": NaN,
        "Diluted Average Shares": NaN,
        "Basic Average Shares": NaN,
        "Diluted EPS": NaN,
        "Basic EPS": NaN,
        "Diluted NI Availto Com Stockholders": NaN,
        "Average Dilution Earnings": 0.0,
        "Net Income Common Stockholders": NaN,
        "Net Income": NaN,
        "Net Income Including Noncontrolling Interests": NaN,
        "Net Income Continuous Operations": NaN,
        "Pretax Income": NaN,
        "Other Income Expense": NaN,
        "Other Non Operating Income Expenses": NaN,
        "Special Income Charges": NaN,
        "Gain On Sale Of Ppe": NaN,
        "Gain On Sale Of Security": 0.0,
        "Net Non Operating Interest Income Expense": NaN,
        "Interest Income Non Operating": NaN,
        "Operating Income": NaN,
        "Operating Expense": NaN,
        "Research And Development": NaN,
        "Selling General And Administration": NaN,
        "General And Administrative Expense": NaN,
        "Other Gand A": NaN,
        "Total Revenue": NaN,
        "Operating Revenue": NaN
    },
    "2023-09-30": {
        "Tax Effect Of Unusual Items": NaN,
        "Tax Rate For Calcs": NaN,
        "Normalized EBITDA": NaN,
        "Total Unusual Items": NaN,
        "Total Unusual Items Excluding Goodwill": NaN,
        "Net Income From Continuing Operation Net Minority Interest": NaN,
        "Reconciled Depreciation": NaN,
        "EBITDA": NaN,
        "EBIT": NaN,
        "Net Interest Income": NaN,
        "Interest Income": NaN,
        "Normalized Income": NaN,
        "Net Income From Continuing And Discontinued Operation": NaN,
        "Total Expenses": NaN,
        "Total Operating Income As Reported": NaN,
        "Diluted Average Shares": 6663000.0,
        "Basic Average Shares": 6663000.0,
        "Diluted EPS": 8.46,
        "Basic EPS": 8.46,
        "Diluted NI Availto Com Stockholders": NaN,
        "Net Income Common Stockholders": NaN,
        "Net Income": NaN,
        "Net Income Including Noncontrolling Interests": NaN,
        "Net Income Continuous Operations": NaN,
        "Pretax Income": NaN,
        "Other Income Expense": NaN,
        "Other Non Operating Income Expenses": NaN,
        "Special Income Charges": NaN,
        "Gain On Sale Of Ppe": NaN,
        "Net Non Operating Interest Income Expense": NaN,
        "Interest Income Non Operating": NaN,
        "Operating Income": NaN,
        "Operating Expense": NaN,
        "Research And Development": NaN,
        "Selling General And Administration": NaN,
        "General And Administrative Expense": NaN,
        "Other Gand A": NaN,
        "Total Revenue": NaN,
        "Operating Revenue": NaN
    },
    "2023-12-31": {
        "Tax Effect Of Unusual Items": NaN,
        "Tax Rate For Calcs": NaN,
        "Normalized EBITDA": NaN,
        "Total Unusual Items": 0.0,
        "Total Unusual Items Excluding Goodwill": 0.0,
        "Net Income From Continuing Operation Net Minority Interest": NaN,
        "Reconciled Depreciation": NaN,
        "EBITDA": NaN,
        "EBIT": NaN,
        "Net Interest Income": NaN,
        "Interest Income": NaN,
        "Normalized Income": NaN,
        "Net Income From Continuing And Discontinued Operation": NaN,
        "Total Expenses": NaN,
        "Total Operating Income As Reported": NaN,
        "Diluted Average Shares": 6663000.0,
        "Basic Average Shares": 6663000.0,
        "Diluted EPS": -1.66,
        "Basic EPS": -1.66,
        "Diluted NI Availto Com Stockholders": NaN,
        "Net Income Common Stockholders": NaN,
        "Net Income": NaN,
        "Net Income Including Noncontrolling Interests": NaN,
        "Net Income Continuous Operations": NaN,
        "Pretax Income": NaN,
        "Other Income Expense": NaN,
        "Other Non Operating Income Expenses": NaN,
        "Special Income Charges": 0.0,
        "Gain On Sale Of Ppe": 0.0,
        "Net Non Operating Interest Income Expense": NaN,
        "Interest Income Non Operating": NaN,
        "Operating Income": NaN,
        "Operating Expense": NaN,
        "Research And Development": NaN,
        "Selling General And Administration": NaN,
        "General And Administrative Expense": NaN,
        "Other Gand A": NaN,
        "Total Revenue": NaN,
        "Operating Revenue": NaN
    },
    "2024-03-31": {
        "Tax Effect Of Unusual Items": 0.0,
        "Tax Rate For Calcs": 0.0,
        "Normalized EBITDA": -9743000.0,
        "Total Unusual Items": 0.0,
        "Total Unusual Items Excluding Goodwill": 0.0,
        "Net Income From Continuing Operation Net Minority Interest": -9127000.0,
        "Reconciled Depreciation": 86000.0,
        "EBITDA": -9743000.0,
        "EBIT": -9829000.0,
        "Net Interest Income": 706000.0,
        "Interest Income": 706000.0,
        "Normalized Income": -9127000.0,
        "Net Income From Continuing And Discontinued Operation": -9127000.0,
        "Total Expenses": 9829000.0,
        "Total Operating Income As Reported": -9829000.0,
        "Diluted Average Shares": 6663000.0,
        "Basic Average Shares": 6663000.0,
        "Diluted EPS": -1.37,
        "Basic EPS": -1.37,
        "Diluted NI Availto Com Stockholders": -9127000.0,
        "Net Income Common Stockholders": -9127000.0,
        "Net Income": -9127000.0,
        "Net Income Including Noncontrolling Interests": -9127000.0,
        "Net Income Continuous Operations": -9127000.0,
        "Pretax Income": -9127000.0,
        "Other Income Expense": -4000.0,
        "Other Non Operating Income Expenses": -4000.0,
        "Special Income Charges": 0.0,
        "Gain On Sale Of Ppe": 0.0,
        "Net Non Operating Interest Income Expense": 706000.0,
        "Interest Income Non Operating": 706000.0,
        "Operating Income": -9829000.0,
        "Operating Expense": 9829000.0,
        "Research And Development": 5220000.0,
        "Selling General And Administration": 4609000.0,
        "General And Administrative Expense": 4609000.0,
        "Other Gand A": 4609000.0,
        "Total Revenue": 0.0,
        "Operating Revenue": 0.0
    },
    "2024-06-30": {
        "Tax Effect Of Unusual Items": 0.0,
        "Tax Rate For Calcs": 0.0,
        "Normalized EBITDA": -7956000.0,
        "Total Unusual Items": NaN,
        "Total Unusual Items Excluding Goodwill": NaN,
        "Net Income From Continuing Operation Net Minority Interest": -18406000.0,
        "Reconciled Depreciation": 125000.0,
        "EBITDA": -7956000.0,
        "EBIT": -8081000.0,
        "Net Interest Income": 608000.0,
        "Interest Income": 608000.0,
        "Normalized Income": -18406000.0,
        "Net Income From Continuing And Discontinued Operation": -18406000.0,
        "Total Expenses": 8081000.0,
        "Total Operating Income As Reported": -18980000.0,
        "Diluted Average Shares": NaN,
        "Basic Average Shares": NaN,
        "Diluted EPS": NaN,
        "Basic EPS": NaN,
        "Diluted NI Availto Com Stockholders": -18406000.0,
        "Net Income Common Stockholders": -18406000.0,
        "Net Income": -18406000.0,
        "Net Income Including Noncontrolling Interests": -18406000.0,
        "Net Income Continuous Operations": -18406000.0,
        "Pretax Income": -18406000.0,
        "Other Income Expense": -10933000.0,
        "Other Non Operating Income Expenses": -34000.0,
        "Special Income Charges": NaN,
        "Gain On Sale Of Ppe": NaN,
        "Net Non Operating Interest Income Expense": 608000.0,
        "Interest Income Non Operating": 608000.0,
        "Operating Income": -8081000.0,
        "Operating Expense": 8081000.0,
        "Research And Development": 3944000.0,
        "Selling General And Administration": 4137000.0,
        "General And Administrative Expense": 4137000.0,
        "Other Gand A": 4137000.0,
        "Total Revenue": 0.0,
        "Operating Revenue": 0.0
    },
    "2024-09-30": {
        "Tax Effect Of Unusual Items": 0.0,
        "Tax Rate For Calcs": 0.0,
        "Normalized EBITDA": -7984000.0,
        "Total Unusual Items": NaN,
        "Total Unusual Items Excluding Goodwill": NaN,
        "Net Income From Continuing Operation Net Minority Interest": -8007000.0,
        "Reconciled Depreciation": 368000.0,
        "EBITDA": -7984000.0,
        "EBIT": -8352000.0,
        "Net Interest Income": 355000.0,
        "Interest Income": 355000.0,
        "Normalized Income": -8007000.0,
        "Net Income From Continuing And Discontinued Operation": -8007000.0,
        "Total Expenses": 8352000.0,
        "Total Operating Income As Reported": -8352000.0,
        "Diluted Average Shares": 6663000.0,
        "Basic Average Shares": 6663000.0,
        "Diluted EPS": -1.2,
        "Basic EPS": -1.2,
        "Diluted NI Availto Com Stockholders": -8007000.0,
        "Net Income Common Stockholders": -8007000.0,
        "Net Income": -8007000.0,
        "Net Income Including Noncontrolling Interests": -8007000.0,
        "Net Income Continuous Operations": -8007000.0,
        "Pretax Income": -8007000.0,
        "Other Income Expense": -10000.0,
        "Other Non Operating Income Expenses": -10000.0,
        "Special Income Charges": NaN,
        "Gain On Sale Of Ppe": NaN,
        "Net Non Operating Interest Income Expense": 355000.0,
        "Interest Income Non Operating": 355000.0,
        "Operating Income": -8352000.0,
        "Operating Expense": 8352000.0,
        "Research And Development": 3163000.0,
        "Selling General And Administration": 5189000.0,
        "General And Administrative Expense": 5189000.0,
        "Other Gand A": 5189000.0,
        "Total Revenue": 0.0,
        "Operating Revenue": 0.0
    },
    "2024-12-31": {
        "Tax Effect Of Unusual Items": 0.0,
        "Tax Rate For Calcs": 0.0,
        "Normalized EBITDA": -3951000.0,
        "Total Unusual Items": 500000.0,
        "Total Unusual Items Excluding Goodwill": 500000.0,
        "Net Income From Continuing Operation Net Minority Interest": -2677000.0,
        "Reconciled Depreciation": 0.0,
        "EBITDA": -3451000.0,
        "EBIT": -3451000.0,
        "Net Interest Income": 279000.0,
        "Interest Income": 279000.0,
        "Normalized Income": -3177000.0,
        "Net Income From Continuing And Discontinued Operation": -2677000.0,
        "Total Expenses": 3451000.0,
        "Total Operating Income As Reported": -3451000.0,
        "Diluted Average Shares": 6663000.0,
        "Basic Average Shares": 6663000.0,
        "Diluted EPS": -0.4,
        "Basic EPS": -0.4,
        "Diluted NI Availto Com Stockholders": -2677000.0,
        "Net Income Common Stockholders": -2677000.0,
        "Net Income": -2677000.0,
        "Net Income Including Noncontrolling Interests": -2677000.0,
        "Net Income Continuous Operations": -2677000.0,
        "Pretax Income": -2677000.0,
        "Other Income Expense": 495000.0,
        "Other Non Operating Income Expenses": -5000.0,
        "Special Income Charges": 500000.0,
        "Gain On Sale Of Ppe": 500000.0,
        "Net Non Operating Interest Income Expense": 279000.0,
        "Interest Income Non Operating": 279000.0,
        "Operating Income": -3451000.0,
        "Operating Expense": 3451000.0,
        "Research And Development": 308000.0,
        "Selling General And Administration": 3143000.0,
        "General And Administrative Expense": 3143000.0,
        "Other Gand A": 3143000.0,
        "Total Revenue": 0.0,
        "Operating Revenue": 0.0
    },
    "2025-03-31": {
        "Tax Effect Of Unusual Items": 0.0,
        "Tax Rate For Calcs": 0.0,
        "Normalized EBITDA": -2774000.0,
        "Total Unusual Items": 0.0,
        "Total Unusual Items Excluding Goodwill": 0.0,
        "Net Income From Continuing Operation Net Minority Interest": -2573000.0,
        "Reconciled Depreciation": 0.0,
        "EBITDA": -2774000.0,
        "EBIT": -2774000.0,
        "Net Interest Income": 202000.0,
        "Interest Income": 202000.0,
        "Normalized Income": -2573000.0,
        "Net Income From Continuing And Discontinued Operation": -2573000.0,
        "Total Expenses": 2774000.0,
        "Total Operating Income As Reported": -2774000.0,
        "Diluted Average Shares": 6663000.0,
        "Basic Average Shares": 6663000.0,
        "Diluted EPS": -0.39,
        "Basic EPS": -0.39,
        "Diluted NI Availto Com Stockholders": -2573000.0,
        "Net Income Common Stockholders": -2573000.0,
        "Net Income": -2573000.0,
        "Net Income Including Noncontrolling Interests": -2573000.0,
        "Net Income Continuous Operations": -2573000.0,
        "Pretax Income": -2573000.0,
        "Other Income Expense": -1000.0,
        "Other Non Operating Income Expenses": -1000.0,
        "Special Income Charges": 0.0,
        "Gain On Sale Of Ppe": 0.0,
        "Net Non Operating Interest Income Expense": 202000.0,
        "Interest Income Non Operating": 202000.0,
        "Operating Income": -2774000.0,
        "Operating Expense": 2774000.0,
        "Research And Development": 369000.0,
        "Selling General And Administration": 2405000.0,
        "General And Administrative Expense": 2405000.0,
        "Other Gand A": 2405000.0,
        "Total Revenue": 0.0,
        "Operating Revenue": 0.0
    }
}