{
    "2023-03-31": {
        "Tax Effect Of Unusual Items": 0.0,
        "Tax Rate For Calcs": 0.21,
        "Net Income From Continuing Operation Net Minority Interest": 80000000.0,
        "EBIT": 512000000.0,
        "Net Interest Income": -255000000.0,
        "Interest Expense": 255000000.0,
        "Normalized Income": 80000000.0,
        "Net Income From Continuing And Discontinued Operation": 80000000.0,
        "Total Expenses": 15199000000.0,
        "Diluted Average Shares": 781200000.0,
        "Basic Average Shares": 775400000.0,
        "Diluted EPS": 0.02,
        "Basic EPS": 0.02,
        "Diluted NI Availto Com Stockholders": 14000000.0,
        "Net Income Common Stockholders": 14000000.0,
        "Otherunder Preferred Stock Dividend": NaN,
        "Preferred Stock Dividends": 66000000.0,
        "Net Income": 80000000.0,
        "Minority Interests": -5000000.0,
        "Net Income Including Noncontrolling Interests": 85000000.0,
        "Net Income Continuous Operations": 85000000.0,
        "Tax Provision": 172000000.0,
        "Pretax Income": 257000000.0,
        "Other Income Expense": 77000000.0,
        "Net Non Operating Interest Income Expense": -255000000.0,
        "Interest Expense Non Operating": 255000000.0,
        "Other Operating Expenses": 161000000.0,
        "Selling General And Administration": 1479000000.0,
        "General And Administrative Expense": 1479000000.0,
        "Other Gand A": 143000000.0,
        "Salaries And Wages": 1336000000.0,
        "Total Revenue": 15456000000.0,
        "Operating Revenue": 15456000000.0,
        "Loss Adjustment Expense": 10051000000.0,
        "Net Policyholder Benefits And Claims": 10051000000.0,
        "Policyholder Benefits Gross": 10051000000.0
    },
    "2022-12-31": {
        "Tax Effect Of Unusual Items": 0.0,
        "Tax Rate For Calcs": 0.220614,
        "Net Income From Continuing Operation Net Minority Interest": 1343000000.0,
        "EBIT": 1975000000.0,
        "Net Interest Income": -248000000.0,
        "Interest Expense": 248000000.0,
        "Normalized Income": 1343000000.0,
        "Net Income From Continuing And Discontinued Operation": 1343000000.0,
        "Total Expenses": 14605000000.0,
        "Diluted Average Shares": 790200000.0,
        "Basic Average Shares": 779098414.0,
        "Diluted EPS": 1.66,
        "Basic EPS": 1.686565,
        "Diluted NI Availto Com Stockholders": 1314000000.0,
        "Net Income Common Stockholders": 1314000000.0,
        "Otherunder Preferred Stock Dividend": NaN,
        "Preferred Stock Dividends": 29000000.0,
        "Net Income": 1343000000.0,
        "Minority Interests": -3000000.0,
        "Net Income Including Noncontrolling Interests": 1346000000.0,
        "Net Income Continuous Operations": 1346000000.0,
        "Tax Provision": 381000000.0,
        "Pretax Income": 1727000000.0,
        "Other Income Expense": 104000000.0,
        "Net Non Operating Interest Income Expense": -248000000.0,
        "Interest Expense Non Operating": 248000000.0,
        "Other Operating Expenses": 146000000.0,
        "Selling General And Administration": 1569000000.0,
        "General And Administrative Expense": 1569000000.0,
        "Other Gand A": 214000000.0,
        "Salaries And Wages": 1355000000.0,
        "Total Revenue": 16332000000.0,
        "Operating Revenue": 16332000000.0
    },
    "2022-09-30": {
        "Tax Effect Of Unusual Items": NaN,
        "Tax Rate For Calcs": NaN,
        "Net Income From Continuing Operation Net Minority Interest": NaN,
        "EBIT": NaN,
        "Net Interest Income": NaN,
        "Interest Expense": NaN,
        "Normalized Income": NaN,
        "Net Income From Continuing And Discontinued Operation": NaN,
        "Total Expenses": NaN,
        "Diluted Average Shares": NaN,
        "Basic Average Shares": NaN,
        "Diluted EPS": NaN,
        "Basic EPS": NaN,
        "Diluted NI Availto Com Stockholders": NaN,
        "Net Income Common Stockholders": NaN,
        "Otherunder Preferred Stock Dividend": 1509000000.0,
        "Preferred Stock Dividends": NaN,
        "Net Income": NaN,
        "Minority Interests": NaN,
        "Net Income Including Noncontrolling Interests": NaN,
        "Net Income Continuous Operations": NaN,
        "Tax Provision": NaN,
        "Pretax Income": NaN,
        "Other Income Expense": NaN,
        "Net Non Operating Interest Income Expense": NaN,
        "Interest Expense Non Operating": NaN,
        "Other Operating Expenses": NaN,
        "Selling General And Administration": NaN,
        "General And Administrative Expense": NaN,
        "Other Gand A": NaN,
        "Salaries And Wages": NaN,
        "Total Revenue": NaN,
        "Operating Revenue": NaN
    },
    "2022-06-30": {
        "Tax Effect Of Unusual Items": 0.0,
        "Tax Rate For Calcs": 0.4,
        "Total Unusual Items": NaN,
        "Total Unusual Items Excluding Goodwill": NaN,
        "Net Income From Continuing Operation Net Minority Interest": 132000000.0,
        "EBIT": 224000000.0,
        "Net Interest Income": -226000000.0,
        "Interest Expense": 226000000.0,
        "Normalized Income": 132000000.0,
        "Net Income From Continuing And Discontinued Operation": 132000000.0,
        "Total Expenses": 15558000000.0,
        "Diluted Average Shares": 814500000.0,
        "Basic Average Shares": 809700000.0,
        "Diluted EPS": 1.08,
        "Basic EPS": 1.09,
        "Diluted NI Availto Com Stockholders": 103000000.0,
        "Net Income Common Stockholders": 103000000.0,
        "Preferred Stock Dividends": 29000000.0,
        "Net Income": 132000000.0,
        "Minority Interests": -6000000.0,
        "Net Income Including Noncontrolling Interests": 138000000.0,
        "Net Income Continuous Operations": 138000000.0,
        "Tax Provision": -140000000.0,
        "Pretax Income": -2000000.0,
        "Other Income Expense": 616000000.0,
        "Special Income Charges": NaN,
        "Restructuring And Mergern Acquisition": NaN,
        "Net Non Operating Interest Income Expense": -226000000.0,
        "Interest Expense Non Operating": 226000000.0,
        "Other Operating Expenses": 2873000000.0,
        "Selling General And Administration": NaN,
        "General And Administrative Expense": NaN,
        "Other Gand A": NaN,
        "Salaries And Wages": NaN,
        "Total Revenue": 15556000000.0,
        "Operating Revenue": 15556000000.0
    },
    "2023-06-30": {
        "Tax Effect Of Unusual Items": 0.0,
        "Tax Rate For Calcs": 0.05,
        "Net Income From Continuing Operation Net Minority Interest": 402000000.0,
        "EBIT": 686000000.0,
        "Net Interest Income": -256000000.0,
        "Interest Expense": 256000000.0,
        "Normalized Income": 402000000.0,
        "Net Income From Continuing And Discontinued Operation": 402000000.0,
        "Total Expenses": 15950000000.0,
        "Diluted Average Shares": 769600000.0,
        "Basic Average Shares": 765900000.0,
        "Diluted EPS": 0.48,
        "Basic EPS": 0.483092,
        "Diluted NI Availto Com Stockholders": 370000000.0,
        "Net Income Common Stockholders": 370000000.0,
        "Otherunder Preferred Stock Dividend": NaN,
        "Preferred Stock Dividends": 32000000.0,
        "Net Income": 402000000.0,
        "Minority Interests": -6000000.0,
        "Net Income Including Noncontrolling Interests": 408000000.0,
        "Net Income Continuous Operations": 408000000.0,
        "Tax Provision": 22000000.0,
        "Pretax Income": 430000000.0,
        "Other Income Expense": 75000000.0,
        "Net Non Operating Interest Income Expense": -256000000.0,
        "Interest Expense Non Operating": 256000000.0,
        "Other Operating Expenses": 184000000.0,
        "Selling General And Administration": 1502000000.0,
        "General And Administrative Expense": 1502000000.0,
        "Other Gand A": 187000000.0,
        "Salaries And Wages": 1315000000.0,
        "Total Revenue": 16380000000.0,
        "Operating Revenue": 16380000000.0,
        "Loss Adjustment Expense": 10976000000.0,
        "Net Policyholder Benefits And Claims": 10976000000.0,
        "Policyholder Benefits Gross": 10976000000.0
    },
    "2022-03-31": {
        "Diluted EPS": 1.89,
        "Total Revenue": NaN,
        "Gross Profit": NaN,
        "Operating Income": NaN,
        "EBIT": NaN,
        "Net Income": NaN
    },
    "2021-12-31": {
        "Diluted EPS": 1.38,
        "Total Revenue": NaN,
        "Gross Profit": NaN,
        "Operating Income": NaN,
        "EBIT": NaN,
        "Net Income": NaN
    },
    "2021-09-30": {
        "Diluted EPS": 1.77,
        "Total Revenue": NaN,
        "Gross Profit": NaN,
        "Operating Income": NaN,
        "EBIT": NaN,
        "Net Income": NaN
    },
    "2021-06-30": {
        "Diluted EPS": 3.83,
        "Total Revenue": NaN,
        "Gross Profit": NaN,
        "Operating Income": NaN,
        "EBIT": NaN,
        "Net Income": NaN
    },
    "2021-03-31": {
        "Diluted EPS": 0.33,
        "Total Revenue": NaN,
        "Gross Profit": NaN,
        "Operating Income": 291,
        "EBIT": 291,
        "Net Income": 290
    },
    "2020-12-31": {
        "Diluted EPS": 0.17,
        "Total Revenue": NaN,
        "Gross Profit": NaN,
        "Operating Income": 164,
        "EBIT": 164,
        "Net Income": 124
    },
    "2020-09-30": {
        "Diluted EPS": 0.69,
        "Total Revenue": NaN,
        "Gross Profit": NaN,
        "Operating Income": 923,
        "EBIT": 923,
        "Net Income": 633
    },
    "2020-06-30": {
        "Diluted EPS": 0.07,
        "Total Revenue": NaN,
        "Gross Profit": NaN,
        "Operating Income": 197,
        "EBIT": 197,
        "Net Income": 68
    },
    "2020-03-31": {
        "Diluted EPS": 4.75,
        "Total Revenue": NaN,
        "Gross Profit": NaN,
        "Operating Income": NaN,
        "EBIT": NaN,
        "Net Income": NaN
    },
    "2019-12-31": {
        "Diluted EPS": 0.59,
        "Total Revenue": NaN,
        "Gross Profit": NaN,
        "Operating Income": -37,
        "EBIT": -37,
        "Net Income": 536
    },
    "2019-09-30": {
        "Diluted EPS": 2.3,
        "Total Revenue": NaN,
        "Gross Profit": NaN,
        "Operating Income": NaN,
        "EBIT": NaN,
        "Net Income": NaN
    },
    "2019-06-30": {
        "Diluted EPS": 1.77,
        "Total Revenue": NaN,
        "Gross Profit": NaN,
        "Operating Income": NaN,
        "EBIT": NaN,
        "Net Income": NaN
    },
    "2019-03-31": {
        "Diluted EPS": 1.4,
        "Total Revenue": NaN,
        "Gross Profit": NaN,
        "Operating Income": NaN,
        "EBIT": NaN,
        "Net Income": NaN
    },
    "2018-12-31": {
        "Diluted EPS": 2.01,
        "Total Revenue": NaN,
        "Gross Profit": NaN,
        "Operating Income": NaN,
        "EBIT": NaN,
        "Net Income": NaN
    },
    "2018-09-30": {
        "Diluted EPS": 0.88,
        "Total Revenue": NaN,
        "Gross Profit": NaN,
        "Operating Income": NaN,
        "EBIT": NaN,
        "Net Income": 880
    },
    "2018-06-30": {
        "Diluted EPS": 0.83,
        "Total Revenue": NaN,
        "Gross Profit": NaN,
        "Operating Income": NaN,
        "EBIT": NaN,
        "Net Income": 845
    },
    "2018-03-31": {
        "Diluted EPS": 1.19,
        "Total Revenue": NaN,
        "Gross Profit": NaN,
        "Operating Income": NaN,
        "EBIT": NaN,
        "Net Income": NaN
    },
    "2017-12-31": {
        "Diluted EPS": 2.12,
        "Total Revenue": NaN,
        "Gross Profit": NaN,
        "Operating Income": 961,
        "EBIT": 961,
        "Net Income": NaN
    },
    "2017-09-30": {
        "Diluted EPS": -0.09,
        "Total Revenue": NaN,
        "Gross Profit": NaN,
        "Operating Income": 485,
        "EBIT": 485,
        "Net Income": -97
    },
    "2017-06-30": {
        "Diluted EPS": 0.8,
        "Total Revenue": NaN,
        "Gross Profit": NaN,
        "Operating Income": NaN,
        "EBIT": NaN,
        "Net Income": 865
    },
    "2017-03-31": {
        "Diluted EPS": 0.79,
        "Total Revenue": NaN,
        "Gross Profit": NaN,
        "Operating Income": NaN,
        "EBIT": NaN,
        "Net Income": 867
    },
    "2016-12-31": {
        "Diluted EPS": -1.88,
        "Total Revenue": NaN,
        "Gross Profit": NaN,
        "Operating Income": 300,
        "EBIT": 300,
        "Net Income": NaN
    },
    "2016-09-30": {
        "Diluted EPS": 0.51,
        "Total Revenue": NaN,
        "Gross Profit": NaN,
        "Operating Income": NaN,
        "EBIT": NaN,
        "Net Income": 571
    },
    "2016-06-30": {
        "Diluted EPS": 0.06,
        "Total Revenue": NaN,
        "Gross Profit": NaN,
        "Operating Income": -100,
        "EBIT": -100,
        "Net Income": 64
    },
    "2016-03-31": {
        "Diluted EPS": 1.98,
        "Total Revenue": NaN,
        "Gross Profit": NaN,
        "Operating Income": NaN,
        "EBIT": NaN,
        "Net Income": NaN
    },
    "2015-12-31": {
        "Diluted EPS": 0.77,
        "Total Revenue": NaN,
        "Gross Profit": NaN,
        "Operating Income": -684,
        "EBIT": -684,
        "Net Income": 848
    },
    "2015-09-30": {
        "Diluted EPS": 1.06,
        "Total Revenue": NaN,
        "Gross Profit": NaN,
        "Operating Income": NaN,
        "EBIT": NaN,
        "Net Income": NaN
    },
    "2015-06-30": {
        "Diluted EPS": 0.92,
        "Total Revenue": NaN,
        "Gross Profit": NaN,
        "Operating Income": NaN,
        "EBIT": NaN,
        "Net Income": NaN
    },
    "2015-03-31": {
        "Diluted EPS": 1.87,
        "Total Revenue": NaN,
        "Gross Profit": NaN,
        "Operating Income": NaN,
        "EBIT": NaN,
        "Net Income": NaN
    },
    "2014-12-31": {
        "Diluted EPS": 1.3,
        "Total Revenue": NaN,
        "Gross Profit": NaN,
        "Operating Income": NaN,
        "EBIT": NaN,
        "Net Income": NaN
    },
    "2014-09-30": {
        "Diluted EPS": 1.81,
        "Total Revenue": NaN,
        "Gross Profit": NaN,
        "Operating Income": NaN,
        "EBIT": NaN,
        "Net Income": NaN
    },
    "2014-06-30": {
        "Diluted EPS": 1.17,
        "Total Revenue": NaN,
        "Gross Profit": NaN,
        "Operating Income": NaN,
        "EBIT": NaN,
        "Net Income": NaN
    },
    "2014-03-31": {
        "Diluted EPS": 1.14,
        "Total Revenue": NaN,
        "Gross Profit": NaN,
        "Operating Income": NaN,
        "EBIT": NaN,
        "Net Income": NaN
    },
    "2013-12-31": {
        "Diluted EPS": 0.77,
        "Total Revenue": NaN,
        "Gross Profit": NaN,
        "Operating Income": NaN,
        "EBIT": NaN,
        "Net Income": 877
    },
    "2013-09-30": {
        "Diluted EPS": 0.84,
        "Total Revenue": NaN,
        "Gross Profit": NaN,
        "Operating Income": 976,
        "EBIT": 976,
        "Net Income": 942
    },
    "2013-06-30": {
        "Diluted EPS": 0.43,
        "Total Revenue": NaN,
        "Gross Profit": NaN,
        "Operating Income": 561,
        "EBIT": 561,
        "Net Income": 471
    },
    "2013-03-31": {
        "Diluted EPS": 0.87,
        "Total Revenue": NaN,
        "Gross Profit": NaN,
        "Operating Income": NaN,
        "EBIT": NaN,
        "Net Income": 956
    },
    "2012-12-31": {
        "Diluted EPS": 0.08,
        "Total Revenue": NaN,
        "Gross Profit": NaN,
        "Operating Income": -477,
        "EBIT": -477,
        "Net Income": 96
    },
    "2012-09-30": {
        "Diluted EPS": -0.92,
        "Total Revenue": NaN,
        "Gross Profit": NaN,
        "Operating Income": NaN,
        "EBIT": NaN,
        "Net Income": -984
    },
    "2012-06-30": {
        "Diluted EPS": 2.12,
        "Total Revenue": NaN,
        "Gross Profit": NaN,
        "Operating Income": NaN,
        "EBIT": NaN,
        "Net Income": NaN
    },
    "2012-03-31": {
        "Diluted EPS": -0.16,
        "Total Revenue": NaN,
        "Gross Profit": NaN,
        "Operating Income": -409,
        "EBIT": -409,
        "Net Income": -174
    },
    "2011-12-31": {
        "Diluted EPS": 0.89,
        "Total Revenue": NaN,
        "Gross Profit": NaN,
        "Operating Income": NaN,
        "EBIT": NaN,
        "Net Income": 959
    },
    "2011-09-30": {
        "Diluted EPS": 3.21,
        "Total Revenue": NaN,
        "Gross Profit": NaN,
        "Operating Income": NaN,
        "EBIT": NaN,
        "Net Income": NaN
    },
    "2011-06-30": {
        "Diluted EPS": 1.0,
        "Total Revenue": NaN,
        "Gross Profit": NaN,
        "Operating Income": NaN,
        "EBIT": NaN,
        "Net Income": NaN
    },
    "2011-03-31": {
        "Diluted EPS": 0.66,
        "Total Revenue": NaN,
        "Gross Profit": NaN,
        "Operating Income": NaN,
        "EBIT": NaN,
        "Net Income": 701
    },
    "2010-12-31": {
        "Diluted EPS": -0.26,
        "Total Revenue": NaN,
        "Gross Profit": NaN,
        "Operating Income": -204,
        "EBIT": -204,
        "Net Income": -72
    },
    "2010-09-30": {
        "Diluted EPS": 0.32,
        "Total Revenue": NaN,
        "Gross Profit": NaN,
        "Operating Income": 385,
        "EBIT": 385,
        "Net Income": 286
    },
    "2010-06-30": {
        "Diluted EPS": 1.84,
        "Total Revenue": NaN,
        "Gross Profit": NaN,
        "Operating Income": NaN,
        "EBIT": NaN,
        "Net Income": NaN
    },
    "2010-03-31": {
        "Diluted EPS": 0.96,
        "Total Revenue": NaN,
        "Gross Profit": NaN,
        "Operating Income": NaN,
        "EBIT": NaN,
        "Net Income": 805
    },
    "2009-12-31": {
        "Diluted EPS": 0.35,
        "Total Revenue": NaN,
        "Gross Profit": NaN,
        "Operating Income": 151,
        "EBIT": 151,
        "Net Income": 289
    },
    "2009-09-30": {
        "Diluted EPS": -0.79,
        "Total Revenue": NaN,
        "Gross Profit": NaN,
        "Operating Income": NaN,
        "EBIT": NaN,
        "Net Income": -650
    },
    "2009-06-30": {
        "Diluted EPS": -1.74,
        "Total Revenue": NaN,
        "Gross Profit": -344,
        "Operating Income": NaN,
        "EBIT": NaN,
        "Net Income": NaN
    },
    "2009-03-31": {
        "Diluted EPS": -0.71,
        "Total Revenue": NaN,
        "Gross Profit": NaN,
        "Operating Income": -962,
        "EBIT": -962,
        "Net Income": -574
    },
    "2023-09-30": {
        "Tax Effect Of Unusual Items": NaN,
        "Tax Rate For Calcs": NaN,
        "Net Income From Continuing Operation Net Minority Interest": NaN,
        "EBIT": NaN,
        "Net Interest Income": NaN,
        "Interest Expense": NaN,
        "Normalized Income": NaN,
        "Net Income From Continuing And Discontinued Operation": NaN,
        "Total Expenses": NaN,
        "Diluted Average Shares": NaN,
        "Basic Average Shares": NaN,
        "Diluted EPS": NaN,
        "Basic EPS": NaN,
        "Diluted NI Availto Com Stockholders": NaN,
        "Net Income Common Stockholders": NaN,
        "Otherunder Preferred Stock Dividend": 1349000000.0,
        "Preferred Stock Dividends": NaN,
        "Net Income": NaN,
        "Minority Interests": NaN,
        "Net Income Including Noncontrolling Interests": NaN,
        "Net Income Continuous Operations": NaN,
        "Tax Provision": NaN,
        "Pretax Income": NaN,
        "Other Income Expense": NaN,
        "Net Non Operating Interest Income Expense": NaN,
        "Interest Expense Non Operating": NaN,
        "Other Operating Expenses": NaN,
        "Selling General And Administration": NaN,
        "General And Administrative Expense": NaN,
        "Other Gand A": NaN,
        "Salaries And Wages": NaN,
        "Total Revenue": NaN,
        "Operating Revenue": NaN,
        "Loss Adjustment Expense": NaN,
        "Net Policyholder Benefits And Claims": NaN,
        "Policyholder Benefits Gross": NaN
    },
    "2023-12-31": {
        "Tax Effect Of Unusual Items": 0.0,
        "Tax Rate For Calcs": 0.347503,
        "Net Income From Continuing Operation Net Minority Interest": 607000000.0,
        "EBIT": 1210000000.0,
        "Net Interest Income": -269000000.0,
        "Interest Expense": 269000000.0,
        "Normalized Income": 607000000.0,
        "Net Income From Continuing And Discontinued Operation": 607000000.0,
        "Total Expenses": 18094000000.0,
        "Diluted Average Shares": 745454545.0,
        "Basic Average Shares": 745454545.0,
        "Diluted EPS": 0.77,
        "Basic EPS": 0.77,
        "Diluted NI Availto Com Stockholders": 574000000.0,
        "Net Income Common Stockholders": 574000000.0,
        "Otherunder Preferred Stock Dividend": NaN,
        "Preferred Stock Dividends": 33000000.0,
        "Net Income": 607000000.0,
        "Minority Interests": -7000000.0,
        "Net Income Including Noncontrolling Interests": 614000000.0,
        "Net Income Continuous Operations": 614000000.0,
        "Tax Provision": 327000000.0,
        "Pretax Income": 941000000.0,
        "Other Income Expense": 93000000.0,
        "Net Non Operating Interest Income Expense": -269000000.0,
        "Interest Expense Non Operating": 269000000.0,
        "Other Operating Expenses": 153000000.0,
        "Selling General And Administration": 1652000000.0,
        "General And Administrative Expense": 1652000000.0,
        "Other Gand A": 289000000.0,
        "Salaries And Wages": 1363000000.0,
        "Total Revenue": 19035000000.0,
        "Operating Revenue": 19035000000.0,
        "Loss Adjustment Expense": 12207000000.0,
        "Net Policyholder Benefits And Claims": 12207000000.0,
        "Policyholder Benefits Gross": 14676000000.0
    },
    "2024-03-31": {
        "Tax Effect Of Unusual Items": 0.0,
        "Tax Rate For Calcs": 0.162679,
        "Net Income From Continuing Operation Net Minority Interest": 867000000.0,
        "EBIT": 1309000000.0,
        "Net Interest Income": -264000000.0,
        "Interest Expense": 264000000.0,
        "Normalized Income": 867000000.0,
        "Net Income From Continuing And Discontinued Operation": 867000000.0,
        "Total Expenses": 14857000000.0,
        "Diluted Average Shares": 728400000.0,
        "Basic Average Shares": 723200000.0,
        "Diluted EPS": 1.098298,
        "Basic EPS": 1.106195,
        "Diluted NI Availto Com Stockholders": 800000000.0,
        "Net Income Common Stockholders": 800000000.0,
        "Otherunder Preferred Stock Dividend": NaN,
        "Preferred Stock Dividends": 67000000.0,
        "Net Income": 867000000.0,
        "Minority Interests": -8000000.0,
        "Net Income Including Noncontrolling Interests": 875000000.0,
        "Net Income Continuous Operations": 875000000.0,
        "Tax Provision": 170000000.0,
        "Pretax Income": 1045000000.0,
        "Other Income Expense": 97000000.0,
        "Net Non Operating Interest Income Expense": -264000000.0,
        "Interest Expense Non Operating": 264000000.0,
        "Other Operating Expenses": 176000000.0,
        "Selling General And Administration": 1512000000.0,
        "General And Administrative Expense": 1512000000.0,
        "Other Gand A": 148000000.0,
        "Salaries And Wages": 1364000000.0,
        "Total Revenue": 15902000000.0,
        "Operating Revenue": 15902000000.0,
        "Loss Adjustment Expense": 9358000000.0,
        "Net Policyholder Benefits And Claims": 9358000000.0,
        "Policyholder Benefits Gross": 9358000000.0
    },
    "2024-06-30": {
        "Tax Effect Of Unusual Items": 0.0,
        "Tax Rate For Calcs": 0.21,
        "Net Income From Continuing Operation Net Minority Interest": 946000000.0,
        "EBIT": 1459000000.0,
        "Net Interest Income": -257000000.0,
        "Interest Expense": 257000000.0,
        "Normalized Income": 946000000.0,
        "Net Income From Continuing And Discontinued Operation": 946000000.0,
        "Total Expenses": 16280000000.0,
        "Diluted Average Shares": 714700000.0,
        "Basic Average Shares": 710500000.0,
        "Diluted EPS": 1.28,
        "Basic EPS": 1.283603,
        "Diluted NI Availto Com Stockholders": 912000000.0,
        "Net Income Common Stockholders": 912000000.0,
        "Otherunder Preferred Stock Dividend": NaN,
        "Preferred Stock Dividends": 34000000.0,
        "Net Income": 946000000.0,
        "Minority Interests": -7000000.0,
        "Net Income Including Noncontrolling Interests": 953000000.0,
        "Net Income Continuous Operations": 953000000.0,
        "Tax Provision": 249000000.0,
        "Pretax Income": 1202000000.0,
        "Other Income Expense": 80000000.0,
        "Net Non Operating Interest Income Expense": -257000000.0,
        "Interest Expense Non Operating": 257000000.0,
        "Other Operating Expenses": 171000000.0,
        "Selling General And Administration": 1480000000.0,
        "General And Administrative Expense": 1480000000.0,
        "Other Gand A": 153000000.0,
        "Salaries And Wages": 1327000000.0,
        "Total Revenue": 17482000000.0,
        "Operating Revenue": 17482000000.0,
        "Loss Adjustment Expense": 11293000000.0,
        "Net Policyholder Benefits And Claims": 11293000000.0,
        "Policyholder Benefits Gross": 11293000000.0
    },
    "2024-09-30": {
        "Tax Effect Of Unusual Items": 0.0,
        "Tax Rate For Calcs": 0.33,
        "Net Income From Continuing Operation Net Minority Interest": 1342000000.0,
        "EBIT": 2251000000.0,
        "Net Interest Income": -257000000.0,
        "Interest Expense": 257000000.0,
        "Normalized Income": 1342000000.0,
        "Net Income From Continuing And Discontinued Operation": 1342000000.0,
        "Total Expenses": 16264000000.0,
        "Diluted Average Shares": 703700000.0,
        "Basic Average Shares": 699300000.0,
        "Diluted EPS": 1.81,
        "Basic EPS": 1.823252,
        "Diluted NI Availto Com Stockholders": 1275000000.0,
        "Net Income Common Stockholders": 1275000000.0,
        "Otherunder Preferred Stock Dividend": NaN,
        "Preferred Stock Dividends": 67000000.0,
        "Net Income": 1342000000.0,
        "Minority Interests": 1000000.0,
        "Net Income Including Noncontrolling Interests": 1341000000.0,
        "Net Income Continuous Operations": 1341000000.0,
        "Tax Provision": 653000000.0,
        "Pretax Income": 1994000000.0,
        "Other Income Expense": 94000000.0,
        "Net Non Operating Interest Income Expense": -257000000.0,
        "Interest Expense Non Operating": 257000000.0,
        "Other Operating Expenses": 183000000.0,
        "Selling General And Administration": 1490000000.0,
        "General And Administrative Expense": 1490000000.0,
        "Other Gand A": 162000000.0,
        "Salaries And Wages": 1328000000.0,
        "Total Revenue": 18258000000.0,
        "Operating Revenue": 18258000000.0,
        "Loss Adjustment Expense": 10996000000.0,
        "Net Policyholder Benefits And Claims": 10996000000.0,
        "Policyholder Benefits Gross": 10996000000.0
    },
    "2024-12-31": {
        "Tax Effect Of Unusual Items": 0.0,
        "Tax Rate For Calcs": 0.076756,
        "Net Income From Continuing Operation Net Minority Interest": 1271000000.0,
        "EBIT": 1640000000.0,
        "Net Interest Income": -259000000.0,
        "Interest Expense": 259000000.0,
        "Normalized Income": 1271000000.0,
        "Net Income From Continuing And Discontinued Operation": 1271000000.0,
        "Total Expenses": 16995000000.0,
        "Diluted Average Shares": 697900000.0,
        "Basic Average Shares": 696067416.0,
        "Diluted EPS": 1.775326,
        "Basic EPS": 1.78,
        "Diluted NI Availto Com Stockholders": 1239000000.0,
        "Net Income Common Stockholders": 1239000000.0,
        "Otherunder Preferred Stock Dividend": NaN,
        "Preferred Stock Dividends": 32000000.0,
        "Net Income": 1271000000.0,
        "Minority Interests": -4000000.0,
        "Net Income Including Noncontrolling Interests": 1275000000.0,
        "Net Income Continuous Operations": 1275000000.0,
        "Tax Provision": 106000000.0,
        "Pretax Income": 1381000000.0,
        "Other Income Expense": 85000000.0,
        "Net Non Operating Interest Income Expense": -259000000.0,
        "Interest Expense Non Operating": 259000000.0,
        "Other Operating Expenses": 253000000.0,
        "Selling General And Administration": 1509000000.0,
        "General And Administrative Expense": 1509000000.0,
        "Other Gand A": 18000000.0,
        "Salaries And Wages": 1491000000.0,
        "Total Revenue": 18376000000.0,
        "Operating Revenue": 18376000000.0,
        "Loss Adjustment Expense": 11766000000.0,
        "Net Policyholder Benefits And Claims": 11766000000.0,
        "Policyholder Benefits Gross": 16314000000.0
    },
    "2025-03-31": {
        "Tax Effect Of Unusual Items": 0.0,
        "Tax Rate For Calcs": 0.298375,
        "Net Income From Continuing Operation Net Minority Interest": 945000000.0,
        "EBIT": 1612000000.0,
        "Net Interest Income": -258000000.0,
        "Interest Expense": 258000000.0,
        "Normalized Income": 945000000.0,
        "Net Income From Continuing And Discontinued Operation": 945000000.0,
        "Total Expenses": 16930000000.0,
        "Diluted Average Shares": 687000000.0,
        "Basic Average Shares": 682300000.0,
        "Diluted EPS": 1.28,
        "Basic EPS": 1.29,
        "Diluted NI Availto Com Stockholders": 879000000.0,
        "Net Income Common Stockholders": 879000000.0,
        "Otherunder Preferred Stock Dividend": NaN,
        "Preferred Stock Dividends": 66000000.0,
        "Net Income": 945000000.0,
        "Minority Interests": -5000000.0,
        "Net Income Including Noncontrolling Interests": 950000000.0,
        "Net Income Continuous Operations": 950000000.0,
        "Tax Provision": 404000000.0,
        "Pretax Income": 1354000000.0,
        "Other Income Expense": 76000000.0,
        "Net Non Operating Interest Income Expense": -258000000.0,
        "Interest Expense Non Operating": 258000000.0,
        "Other Operating Expenses": 161000000.0,
        "Selling General And Administration": 1563000000.0,
        "General And Administrative Expense": 1563000000.0,
        "Other Gand A": 126000000.0,
        "Salaries And Wages": 1437000000.0,
        "Total Revenue": 18284000000.0,
        "Operating Revenue": 18284000000.0,
        "Loss Adjustment Expense": 12074000000.0,
        "Net Policyholder Benefits And Claims": 12074000000.0,
        "Policyholder Benefits Gross": 12074000000.0
    }
}