{
    "2023-06-30": {
        "Tax Effect Of Unusual Items": -23200000.0,
        "Tax Rate For Calcs": 0.16,
        "Normalized EBITDA": 12177000000.0,
        "Total Unusual Items": -145000000.0,
        "Total Unusual Items Excluding Goodwill": -145000000.0,
        "Net Income From Continuing Operation Net Minority Interest": 7788000000.0,
        "Reconciled Depreciation": 2623000000.0,
        "Reconciled Cost Of Revenue": 5945000000.0,
        "EBITDA": 12032000000.0,
        "EBIT": 9409000000.0,
        "Net Interest Income": 46000000.0,
        "Interest Expense": 116000000.0,
        "Interest Income": 323000000.0,
        "Normalized Income": 7909800000.0,
        "Net Income From Continuing And Discontinued Operation": 7788000000.0,
        "Total Expenses": 22607000000.0,
        "Total Operating Income As Reported": 9392000000.0,
        "Diluted Average Shares": 2612000000.0,
        "Basic Average Shares": 2568000000.0,
        "Diluted EPS": 2.98,
        "Basic EPS": 3.03,
        "Diluted NI Availto Com Stockholders": 7788000000.0,
        "Average Dilution Earnings": NaN,
        "Net Income Common Stockholders": 7788000000.0,
        "Net Income": 7788000000.0,
        "Net Income Including Noncontrolling Interests": 7788000000.0,
        "Net Income Continuous Operations": 7788000000.0,
        "Tax Provision": 1505000000.0,
        "Pretax Income": 9293000000.0,
        "Other Income Expense": -145000000.0,
        "Gain On Sale Of Security": -145000000.0,
        "Net Non Operating Interest Income Expense": 46000000.0,
        "Total Other Finance Cost": 161000000.0,
        "Interest Expense Non Operating": 116000000.0,
        "Interest Income Non Operating": 323000000.0,
        "Operating Income": 9392000000.0,
        "Operating Expense": 16662000000.0,
        "Research And Development": 9344000000.0,
        "Selling General And Administration": 7318000000.0,
        "Selling And Marketing Expense": 3154000000.0,
        "General And Administrative Expense": 4164000000.0,
        "Other Gand A": 4164000000.0,
        "Gross Profit": 26054000000.0,
        "Cost Of Revenue": 5945000000.0,
        "Total Revenue": 31999000000.0,
        "Operating Revenue": 31774000000.0
    },
    "2023-03-31": {
        "Tax Effect Of Unusual Items": NaN,
        "Tax Rate For Calcs": NaN,
        "Normalized EBITDA": NaN,
        "Total Unusual Items": NaN,
        "Total Unusual Items Excluding Goodwill": NaN,
        "Net Income From Continuing Operation Net Minority Interest": NaN,
        "Reconciled Depreciation": NaN,
        "Reconciled Cost Of Revenue": NaN,
        "EBITDA": NaN,
        "EBIT": NaN,
        "Net Interest Income": NaN,
        "Interest Expense": NaN,
        "Interest Income": NaN,
        "Normalized Income": NaN,
        "Net Income From Continuing And Discontinued Operation": NaN,
        "Total Expenses": NaN,
        "Total Operating Income As Reported": NaN,
        "Diluted Average Shares": NaN,
        "Basic Average Shares": NaN,
        "Diluted EPS": NaN,
        "Basic EPS": NaN,
        "Diluted NI Availto Com Stockholders": NaN,
        "Average Dilution Earnings": 801000000.0,
        "Net Income Common Stockholders": NaN,
        "Net Income": NaN,
        "Net Income Including Noncontrolling Interests": NaN,
        "Net Income Continuous Operations": NaN,
        "Tax Provision": NaN,
        "Pretax Income": NaN,
        "Other Income Expense": NaN,
        "Gain On Sale Of Security": NaN,
        "Net Non Operating Interest Income Expense": NaN,
        "Total Other Finance Cost": NaN,
        "Interest Expense Non Operating": NaN,
        "Interest Income Non Operating": NaN,
        "Operating Income": NaN,
        "Operating Expense": NaN,
        "Research And Development": NaN,
        "Selling General And Administration": NaN,
        "Selling And Marketing Expense": NaN,
        "General And Administrative Expense": NaN,
        "Other Gand A": NaN,
        "Gross Profit": NaN,
        "Cost Of Revenue": NaN,
        "Total Revenue": NaN,
        "Operating Revenue": NaN
    },
    "2022-12-31": {
        "Tax Effect Of Unusual Items": NaN,
        "Tax Rate For Calcs": NaN,
        "Normalized EBITDA": NaN,
        "Total Unusual Items": NaN,
        "Total Unusual Items Excluding Goodwill": NaN,
        "Net Income From Continuing Operation Net Minority Interest": NaN,
        "Reconciled Depreciation": NaN,
        "Reconciled Cost Of Revenue": NaN,
        "EBITDA": NaN,
        "EBIT": NaN,
        "Net Interest Income": NaN,
        "Interest Expense": NaN,
        "Interest Income": NaN,
        "Normalized Income": NaN,
        "Net Income From Continuing And Discontinued Operation": NaN,
        "Total Expenses": NaN,
        "Total Operating Income As Reported": NaN,
        "Diluted Average Shares": NaN,
        "Basic Average Shares": NaN,
        "Diluted EPS": NaN,
        "Basic EPS": NaN,
        "Diluted NI Availto Com Stockholders": NaN,
        "Average Dilution Earnings": NaN,
        "Net Income Common Stockholders": NaN,
        "Net Income": NaN,
        "Net Income Including Noncontrolling Interests": NaN,
        "Net Income Continuous Operations": NaN,
        "Tax Provision": NaN,
        "Pretax Income": NaN,
        "Other Income Expense": NaN,
        "Other Non Operating Income Expenses": -339000000.0,
        "Gain On Sale Of Security": NaN,
        "Net Non Operating Interest Income Expense": NaN,
        "Total Other Finance Cost": NaN,
        "Interest Expense Non Operating": NaN,
        "Interest Income Non Operating": NaN,
        "Operating Income": NaN,
        "Operating Expense": NaN,
        "Research And Development": NaN,
        "Selling General And Administration": NaN,
        "Selling And Marketing Expense": NaN,
        "General And Administrative Expense": NaN,
        "Other Gand A": NaN,
        "Gross Profit": NaN,
        "Cost Of Revenue": NaN,
        "Total Revenue": NaN,
        "Operating Revenue": NaN
    },
    "2022-09-30": {
        "Tax Effect Of Unusual Items": NaN,
        "Tax Rate For Calcs": NaN,
        "Normalized EBITDA": NaN,
        "Total Unusual Items": NaN,
        "Total Unusual Items Excluding Goodwill": NaN,
        "Net Income From Continuing Operation Net Minority Interest": NaN,
        "Reconciled Depreciation": NaN,
        "Reconciled Cost Of Revenue": NaN,
        "EBITDA": NaN,
        "EBIT": NaN,
        "Net Interest Income": NaN,
        "Interest Expense": NaN,
        "Interest Income": NaN,
        "Normalized Income": NaN,
        "Net Income From Continuing And Discontinued Operation": NaN,
        "Total Expenses": NaN,
        "Total Operating Income As Reported": NaN,
        "Diluted Average Shares": NaN,
        "Basic Average Shares": NaN,
        "Diluted EPS": NaN,
        "Basic EPS": NaN,
        "Diluted NI Availto Com Stockholders": NaN,
        "Average Dilution Earnings": 665000000.0,
        "Net Income Common Stockholders": NaN,
        "Net Income": NaN,
        "Net Income Including Noncontrolling Interests": NaN,
        "Net Income Continuous Operations": NaN,
        "Tax Provision": NaN,
        "Pretax Income": NaN,
        "Other Income Expense": NaN,
        "Other Non Operating Income Expenses": -34000000.0,
        "Gain On Sale Of Security": NaN,
        "Net Non Operating Interest Income Expense": NaN,
        "Total Other Finance Cost": NaN,
        "Interest Expense Non Operating": NaN,
        "Interest Income Non Operating": NaN,
        "Operating Income": NaN,
        "Operating Expense": NaN,
        "Research And Development": NaN,
        "Selling General And Administration": NaN,
        "Selling And Marketing Expense": NaN,
        "General And Administrative Expense": NaN,
        "Other Gand A": NaN,
        "Gross Profit": NaN,
        "Cost Of Revenue": NaN,
        "Total Revenue": NaN,
        "Operating Revenue": NaN
    },
    "2022-06-30": {
        "Tax Effect Of Unusual Items": 0.0,
        "Tax Rate For Calcs": 0.18,
        "Normalized EBITDA": 10337000000.0,
        "Total Unusual Items": -60000000.0,
        "Total Unusual Items Excluding Goodwill": -60000000.0,
        "Net Income From Continuing Operation Net Minority Interest": 6687000000.0,
        "Reconciled Depreciation": 1979000000.0,
        "Reconciled Cost Of Revenue": 5192000000.0,
        "EBITDA": 10337000000.0,
        "EBIT": 8358000000.0,
        "Net Interest Income": -172000000.0,
        "Interest Expense": NaN,
        "Interest Income": 91000000.0,
        "Normalized Income": 6687000000.0,
        "Net Income From Continuing And Discontinued Operation": 6687000000.0,
        "Total Expenses": 20464000000.0,
        "Total Operating Income As Reported": 8358000000.0,
        "Diluted Average Shares": 2713000000.0,
        "Basic Average Shares": 2704000000.0,
        "Diluted EPS": 2.46,
        "Basic EPS": 2.47,
        "Diluted NI Availto Com Stockholders": 6687000000.0,
        "Average Dilution Earnings": 1010000000.0,
        "Net Income Common Stockholders": 6687000000.0,
        "Net Income": 6687000000.0,
        "Net Income Including Noncontrolling Interests": 6687000000.0,
        "Net Income Continuous Operations": 6687000000.0,
        "Tax Provision": 1499000000.0,
        "Pretax Income": 8186000000.0,
        "Other Income Expense": -263000000.0,
        "Other Non Operating Income Expenses": -203000000.0,
        "Gain On Sale Of Security": -60000000.0,
        "Net Non Operating Interest Income Expense": -172000000.0,
        "Total Other Finance Cost": 172000000.0,
        "Interest Expense Non Operating": NaN,
        "Interest Income Non Operating": 91000000.0,
        "Operating Income": 8358000000.0,
        "Operating Expense": 15272000000.0,
        "Research And Development": 8690000000.0,
        "Selling General And Administration": 6582000000.0,
        "Selling And Marketing Expense": 3595000000.0,
        "General And Administrative Expense": 2987000000.0,
        "Other Gand A": 2987000000.0,
        "Gross Profit": 23630000000.0,
        "Cost Of Revenue": 5192000000.0,
        "Total Revenue": 28822000000.0,
        "Operating Revenue": 28604000000.0
    },
    "2022-03-31": {
        "Diluted EPS": 2.72,
        "Total Revenue": NaN,
        "Gross Profit": NaN,
        "Operating Income": NaN,
        "EBIT": NaN,
        "Net Income": NaN
    },
    "2021-12-31": {
        "Diluted EPS": 3.64,
        "Total Revenue": NaN,
        "Gross Profit": NaN,
        "Operating Income": NaN,
        "EBIT": NaN,
        "Net Income": NaN
    },
    "2021-09-30": {
        "Diluted EPS": 3.22,
        "Total Revenue": NaN,
        "Gross Profit": NaN,
        "Operating Income": NaN,
        "EBIT": NaN,
        "Net Income": NaN
    },
    "2021-06-30": {
        "Diluted EPS": 3.61,
        "Total Revenue": NaN,
        "Gross Profit": NaN,
        "Operating Income": NaN,
        "EBIT": NaN,
        "Net Income": NaN
    },
    "2021-03-31": {
        "Diluted EPS": 3.3,
        "Total Revenue": NaN,
        "Gross Profit": NaN,
        "Operating Income": NaN,
        "EBIT": NaN,
        "Net Income": NaN
    },
    "2020-12-31": {
        "Diluted EPS": 3.87,
        "Total Revenue": NaN,
        "Gross Profit": NaN,
        "Operating Income": NaN,
        "EBIT": NaN,
        "Net Income": NaN
    },
    "2020-09-30": {
        "Diluted EPS": 2.71,
        "Total Revenue": NaN,
        "Gross Profit": NaN,
        "Operating Income": NaN,
        "EBIT": NaN,
        "Net Income": NaN
    },
    "2020-06-30": {
        "Diluted EPS": 1.8,
        "Total Revenue": NaN,
        "Gross Profit": NaN,
        "Operating Income": NaN,
        "EBIT": NaN,
        "Net Income": NaN
    },
    "2020-03-31": {
        "Diluted EPS": 1.71,
        "Total Revenue": NaN,
        "Gross Profit": NaN,
        "Operating Income": NaN,
        "EBIT": NaN,
        "Net Income": NaN
    },
    "2019-12-31": {
        "Diluted EPS": 2.55,
        "Total Revenue": NaN,
        "Gross Profit": NaN,
        "Operating Income": NaN,
        "EBIT": NaN,
        "Net Income": NaN
    },
    "2019-09-30": {
        "Diluted EPS": 2.12,
        "Total Revenue": NaN,
        "Gross Profit": NaN,
        "Operating Income": NaN,
        "EBIT": NaN,
        "Net Income": NaN
    },
    "2019-06-30": {
        "Diluted EPS": 0.91,
        "Total Revenue": NaN,
        "Gross Profit": NaN,
        "Operating Income": NaN,
        "EBIT": NaN,
        "Net Income": NaN
    },
    "2019-03-31": {
        "Diluted EPS": 0.85,
        "Total Revenue": NaN,
        "Gross Profit": NaN,
        "Operating Income": NaN,
        "EBIT": NaN,
        "Net Income": NaN
    },
    "2018-12-31": {
        "Diluted EPS": 2.38,
        "Total Revenue": NaN,
        "Gross Profit": NaN,
        "Operating Income": NaN,
        "EBIT": NaN,
        "Net Income": NaN
    },
    "2018-09-30": {
        "Diluted EPS": 1.76,
        "Total Revenue": NaN,
        "Gross Profit": NaN,
        "Operating Income": NaN,
        "EBIT": NaN,
        "Net Income": NaN
    },
    "2018-06-30": {
        "Diluted EPS": 1.74,
        "Total Revenue": NaN,
        "Gross Profit": NaN,
        "Operating Income": NaN,
        "EBIT": NaN,
        "Net Income": NaN
    },
    "2018-03-31": {
        "Diluted EPS": 1.69,
        "Total Revenue": NaN,
        "Gross Profit": NaN,
        "Operating Income": NaN,
        "EBIT": NaN,
        "Net Income": NaN
    },
    "2017-12-31": {
        "Diluted EPS": 1.44,
        "Total Revenue": NaN,
        "Gross Profit": NaN,
        "Operating Income": NaN,
        "EBIT": NaN,
        "Net Income": NaN
    },
    "2017-09-30": {
        "Diluted EPS": 1.59,
        "Total Revenue": NaN,
        "Gross Profit": NaN,
        "Operating Income": NaN,
        "EBIT": NaN,
        "Net Income": NaN
    },
    "2017-06-30": {
        "Diluted EPS": 1.32,
        "Total Revenue": NaN,
        "Gross Profit": NaN,
        "Operating Income": NaN,
        "EBIT": NaN,
        "Net Income": NaN
    },
    "2017-03-31": {
        "Diluted EPS": 1.04,
        "Total Revenue": NaN,
        "Gross Profit": NaN,
        "Operating Income": NaN,
        "EBIT": NaN,
        "Net Income": NaN
    },
    "2016-12-31": {
        "Diluted EPS": 1.21,
        "Total Revenue": NaN,
        "Gross Profit": NaN,
        "Operating Income": NaN,
        "EBIT": NaN,
        "Net Income": NaN
    },
    "2016-09-30": {
        "Diluted EPS": 0.9,
        "Total Revenue": NaN,
        "Gross Profit": NaN,
        "Operating Income": NaN,
        "EBIT": NaN,
        "Net Income": NaN
    },
    "2016-06-30": {
        "Diluted EPS": 0.78,
        "Total Revenue": NaN,
        "Gross Profit": NaN,
        "Operating Income": NaN,
        "EBIT": NaN,
        "Net Income": NaN
    },
    "2016-03-31": {
        "Diluted EPS": 0.6,
        "Total Revenue": NaN,
        "Gross Profit": NaN,
        "Operating Income": NaN,
        "EBIT": NaN,
        "Net Income": NaN
    },
    "2015-12-31": {
        "Diluted EPS": 0.55,
        "Total Revenue": NaN,
        "Gross Profit": NaN,
        "Operating Income": NaN,
        "EBIT": NaN,
        "Net Income": NaN
    },
    "2015-09-30": {
        "Diluted EPS": 0.31,
        "Total Revenue": NaN,
        "Gross Profit": NaN,
        "Operating Income": NaN,
        "EBIT": NaN,
        "Net Income": 891
    },
    "2015-06-30": {
        "Diluted EPS": 0.25,
        "Total Revenue": NaN,
        "Gross Profit": NaN,
        "Operating Income": NaN,
        "EBIT": NaN,
        "Net Income": 715
    },
    "2015-03-31": {
        "Diluted EPS": 0.18,
        "Total Revenue": NaN,
        "Gross Profit": NaN,
        "Operating Income": 933,
        "EBIT": NaN,
        "Net Income": 509
    },
    "2014-12-31": {
        "Diluted EPS": 0.25,
        "Total Revenue": NaN,
        "Gross Profit": NaN,
        "Operating Income": NaN,
        "EBIT": NaN,
        "Net Income": 696
    },
    "2014-09-30": {
        "Diluted EPS": 0.3,
        "Total Revenue": NaN,
        "Gross Profit": NaN,
        "Operating Income": NaN,
        "EBIT": NaN,
        "Net Income": 802
    },
    "2014-06-30": {
        "Diluted EPS": 0.3,
        "Total Revenue": NaN,
        "Gross Profit": NaN,
        "Operating Income": NaN,
        "EBIT": NaN,
        "Net Income": 788
    },
    "2014-03-31": {
        "Diluted EPS": 0.25,
        "Total Revenue": NaN,
        "Gross Profit": NaN,
        "Operating Income": NaN,
        "EBIT": NaN,
        "Net Income": 639
    },
    "2013-12-31": {
        "Diluted EPS": 0.21,
        "Total Revenue": NaN,
        "Gross Profit": NaN,
        "Operating Income": NaN,
        "EBIT": NaN,
        "Net Income": 521
    },
    "2013-09-30": {
        "Diluted EPS": 0.17,
        "Total Revenue": NaN,
        "Gross Profit": NaN,
        "Operating Income": 736,
        "EBIT": NaN,
        "Net Income": 422
    },
    "2013-06-30": {
        "Diluted EPS": 0.13,
        "Total Revenue": NaN,
        "Gross Profit": NaN,
        "Operating Income": 562,
        "EBIT": 792,
        "Net Income": 331
    },
    "2013-03-31": {
        "Diluted EPS": 0.09,
        "Total Revenue": NaN,
        "Gross Profit": NaN,
        "Operating Income": 373,
        "EBIT": 606,
        "Net Income": 217
    },
    "2012-12-31": {
        "Diluted EPS": 0.03,
        "Total Revenue": NaN,
        "Gross Profit": NaN,
        "Operating Income": 523,
        "EBIT": 747,
        "Net Income": 64
    },
    "2012-09-30": {
        "Diluted EPS": -0.02,
        "Total Revenue": NaN,
        "Gross Profit": 940,
        "Operating Income": 377,
        "EBIT": 553,
        "Net Income": -59
    },
    "2012-06-30": {
        "Diluted EPS": -0.08,
        "Total Revenue": NaN,
        "Gross Profit": 817,
        "Operating Income": -743,
        "EBIT": -604,
        "Net Income": -157
    },
    "2012-03-31": {
        "Diluted EPS": 0.09,
        "Total Revenue": NaN,
        "Gross Profit": 781,
        "Operating Income": 381,
        "EBIT": 491,
        "Net Income": 137
    },
    "2011-12-31": {
        "Diluted EPS": 0.14,
        "Total Revenue": NaN,
        "Gross Profit": 884,
        "Operating Income": 548,
        "EBIT": 651,
        "Net Income": 205
    },
    "2011-09-30": {
        "Diluted EPS": 0.1,
        "Total Revenue": 954,
        "Gross Profit": 718,
        "Operating Income": 414,
        "EBIT": 511,
        "Net Income": 150
    },
    "2011-06-30": {
        "Diluted EPS": 0.11,
        "Total Revenue": 895,
        "Gross Profit": 685,
        "Operating Income": 407,
        "EBIT": 479,
        "Net Income": 159
    },
    "2011-03-31": {
        "Diluted EPS": 0.11,
        "Total Revenue": 731,
        "Gross Profit": 564,
        "Operating Income": 388,
        "EBIT": 439,
        "Net Income": 153
    },
    "2010-12-31": {
        "Diluted EPS": 0.0,
        "Total Revenue": 731,
        "Gross Profit": 581,
        "Operating Income": 437,
        "EBIT": 437,
        "Net Income": 251
    },
    "2010-09-30": {
        "Diluted EPS": 0.0,
        "Total Revenue": 467,
        "Gross Profit": 336,
        "Operating Income": 216,
        "EBIT": 216,
        "Net Income": 131
    },
    "2010-06-30": {
        "Diluted EPS": 0.0,
        "Total Revenue": 431,
        "Gross Profit": 320,
        "Operating Income": 218,
        "EBIT": 218,
        "Net Income": 129
    },
    "2010-03-31": {
        "Diluted EPS": 0.0,
        "Total Revenue": 345,
        "Gross Profit": 245,
        "Operating Income": 162,
        "EBIT": 162,
        "Net Income": 95
    },
    "2009-12-31": {
        "Diluted EPS": 0.0,
        "Total Revenue": NaN,
        "Gross Profit": NaN,
        "Operating Income": NaN,
        "EBIT": NaN,
        "Net Income": NaN
    },
    "2023-09-30": {
        "Tax Effect Of Unusual Items": NaN,
        "Tax Rate For Calcs": NaN,
        "Normalized EBITDA": NaN,
        "Total Unusual Items": NaN,
        "Total Unusual Items Excluding Goodwill": NaN,
        "Net Income From Continuing Operation Net Minority Interest": NaN,
        "Reconciled Depreciation": NaN,
        "Reconciled Cost Of Revenue": NaN,
        "EBITDA": NaN,
        "EBIT": NaN,
        "Net Interest Income": NaN,
        "Interest Expense": NaN,
        "Interest Income": NaN,
        "Normalized Income": NaN,
        "Net Income From Continuing And Discontinued Operation": NaN,
        "Total Expenses": NaN,
        "Total Operating Income As Reported": NaN,
        "Diluted Average Shares": 2641000000.0,
        "Basic Average Shares": 2576000000.0,
        "Diluted EPS": 4.39,
        "Basic EPS": 4.5,
        "Diluted NI Availto Com Stockholders": NaN,
        "Net Income Common Stockholders": NaN,
        "Net Income": NaN,
        "Net Income Including Noncontrolling Interests": NaN,
        "Net Income Continuous Operations": NaN,
        "Tax Provision": NaN,
        "Pretax Income": NaN,
        "Other Income Expense": NaN,
        "Gain On Sale Of Security": NaN,
        "Net Non Operating Interest Income Expense": NaN,
        "Total Other Finance Cost": NaN,
        "Interest Expense Non Operating": NaN,
        "Interest Income Non Operating": NaN,
        "Operating Income": NaN,
        "Operating Expense": NaN,
        "Research And Development": NaN,
        "Selling General And Administration": NaN,
        "Selling And Marketing Expense": NaN,
        "General And Administrative Expense": NaN,
        "Other Gand A": NaN,
        "Gross Profit": NaN,
        "Cost Of Revenue": NaN,
        "Total Revenue": NaN,
        "Operating Revenue": NaN
    },
    "2023-12-31": {
        "Tax Effect Of Unusual Items": -10126137.918724,
        "Tax Rate For Calcs": 0.166002,
        "Normalized EBITDA": 20176000000.0,
        "Total Unusual Items": -61000000.0,
        "Total Unusual Items Excluding Goodwill": -61000000.0,
        "Net Income From Continuing Operation Net Minority Interest": 14017000000.0,
        "Reconciled Depreciation": 3172000000.0,
        "Reconciled Cost Of Revenue": 7695000000.0,
        "EBITDA": 20115000000.0,
        "EBIT": 16943000000.0,
        "Net Interest Income": 484000000.0,
        "Interest Expense": 136000000.0,
        "Interest Income": 588000000.0,
        "Normalized Income": 14067873862.081276,
        "Net Income From Continuing And Discontinued Operation": 14017000000.0,
        "Total Expenses": 23727000000.0,
        "Total Operating Income As Reported": 16384000000.0,
        "Diluted Average Shares": 2630000000.0,
        "Basic Average Shares": 2566000000.0,
        "Diluted EPS": 5.33,
        "Basic EPS": 5.46,
        "Diluted NI Availto Com Stockholders": 14017000000.0,
        "Net Income Common Stockholders": 14017000000.0,
        "Net Income": 14017000000.0,
        "Net Income Including Noncontrolling Interests": 14017000000.0,
        "Net Income Continuous Operations": 14017000000.0,
        "Tax Provision": 2790000000.0,
        "Pretax Income": 16807000000.0,
        "Other Income Expense": -61000000.0,
        "Gain On Sale Of Security": -61000000.0,
        "Net Non Operating Interest Income Expense": 484000000.0,
        "Total Other Finance Cost": -32000000.0,
        "Interest Expense Non Operating": 136000000.0,
        "Interest Income Non Operating": 588000000.0,
        "Operating Income": 16384000000.0,
        "Operating Expense": 16032000000.0,
        "Research And Development": 10517000000.0,
        "Selling General And Administration": 5515000000.0,
        "Selling And Marketing Expense": 3226000000.0,
        "General And Administrative Expense": 2289000000.0,
        "Other Gand A": 2289000000.0,
        "Gross Profit": 32416000000.0,
        "Cost Of Revenue": 7695000000.0,
        "Total Revenue": 40111000000.0,
        "Operating Revenue": 39777000000.0
    },
    "2024-03-31": {
        "Tax Effect Of Unusual Items": -19240000.0,
        "Tax Rate For Calcs": 0.13,
        "Normalized EBITDA": 17832000000.0,
        "Total Unusual Items": -148000000.0,
        "Total Unusual Items Excluding Goodwill": -148000000.0,
        "Net Income From Continuing Operation Net Minority Interest": 12369000000.0,
        "Reconciled Depreciation": 3374000000.0,
        "Reconciled Cost Of Revenue": 6640000000.0,
        "EBITDA": 17684000000.0,
        "EBIT": 14310000000.0,
        "Net Interest Income": 513000000.0,
        "Interest Expense": 127000000.0,
        "Interest Income": 585000000.0,
        "Normalized Income": 12497760000.0,
        "Net Income From Continuing And Discontinued Operation": 12369000000.0,
        "Total Expenses": 22637000000.0,
        "Total Operating Income As Reported": 13818000000.0,
        "Diluted Average Shares": 2625000000.0,
        "Basic Average Shares": 2545000000.0,
        "Diluted EPS": 4.71,
        "Basic EPS": 4.86,
        "Diluted NI Availto Com Stockholders": 12369000000.0,
        "Net Income Common Stockholders": 12369000000.0,
        "Net Income": 12369000000.0,
        "Net Income Including Noncontrolling Interests": 12369000000.0,
        "Net Income Continuous Operations": 12369000000.0,
        "Tax Provision": 1814000000.0,
        "Pretax Income": 14183000000.0,
        "Other Income Expense": -148000000.0,
        "Gain On Sale Of Security": -148000000.0,
        "Net Non Operating Interest Income Expense": 513000000.0,
        "Total Other Finance Cost": -55000000.0,
        "Interest Expense Non Operating": 127000000.0,
        "Interest Income Non Operating": 585000000.0,
        "Operating Income": 13818000000.0,
        "Operating Expense": 15997000000.0,
        "Research And Development": 9978000000.0,
        "Selling General And Administration": 6019000000.0,
        "Selling And Marketing Expense": 2564000000.0,
        "General And Administrative Expense": 3455000000.0,
        "Other Gand A": 3455000000.0,
        "Gross Profit": 29815000000.0,
        "Cost Of Revenue": 6640000000.0,
        "Total Revenue": 36455000000.0,
        "Operating Revenue": 36075000000.0
    },
    "2024-06-30": {
        "Tax Effect Of Unusual Items": -18250231.696015,
        "Tax Rate For Calcs": 0.108632,
        "Normalized EBITDA": 19039000000.0,
        "Total Unusual Items": -168000000.0,
        "Total Unusual Items Excluding Goodwill": -168000000.0,
        "Net Income From Continuing Operation Net Minority Interest": 13465000000.0,
        "Reconciled Depreciation": 3637000000.0,
        "Reconciled Cost Of Revenue": 7308000000.0,
        "EBITDA": 18871000000.0,
        "EBIT": 15234000000.0,
        "Net Interest Income": 427000000.0,
        "Interest Expense": 128000000.0,
        "Interest Income": 540000000.0,
        "Normalized Income": 13614749768.303986,
        "Net Income From Continuing And Discontinued Operation": 13465000000.0,
        "Total Expenses": 24224000000.0,
        "Total Operating Income As Reported": 14847000000.0,
        "Diluted Average Shares": 2610000000.0,
        "Basic Average Shares": 2534000000.0,
        "Diluted EPS": 5.16,
        "Basic EPS": 5.31,
        "Diluted NI Availto Com Stockholders": 13465000000.0,
        "Net Income Common Stockholders": 13465000000.0,
        "Net Income": 13465000000.0,
        "Net Income Including Noncontrolling Interests": 13465000000.0,
        "Net Income Continuous Operations": 13465000000.0,
        "Tax Provision": 1641000000.0,
        "Pretax Income": 15106000000.0,
        "Other Income Expense": -168000000.0,
        "Gain On Sale Of Security": -168000000.0,
        "Net Non Operating Interest Income Expense": 427000000.0,
        "Total Other Finance Cost": -15000000.0,
        "Interest Expense Non Operating": 128000000.0,
        "Interest Income Non Operating": 540000000.0,
        "Operating Income": 14847000000.0,
        "Operating Expense": 16916000000.0,
        "Research And Development": 10537000000.0,
        "Selling General And Administration": 6379000000.0,
        "Selling And Marketing Expense": 2721000000.0,
        "General And Administrative Expense": 3658000000.0,
        "Other Gand A": 3658000000.0,
        "Gross Profit": 31763000000.0,
        "Cost Of Revenue": 7308000000.0,
        "Total Revenue": 39071000000.0,
        "Operating Revenue": 38682000000.0
    },
    "2024-09-30": {
        "Tax Effect Of Unusual Items": 1320000.0,
        "Tax Rate For Calcs": 0.12,
        "Normalized EBITDA": 22046000000.0,
        "Total Unusual Items": 11000000.0,
        "Total Unusual Items Excluding Goodwill": 11000000.0,
        "Net Income From Continuing Operation Net Minority Interest": 15688000000.0,
        "Reconciled Depreciation": 4027000000.0,
        "Reconciled Cost Of Revenue": 7375000000.0,
        "EBITDA": 22057000000.0,
        "EBIT": 18030000000.0,
        "Net Interest Income": 461000000.0,
        "Interest Expense": 208000000.0,
        "Interest Income": 661000000.0,
        "Normalized Income": 15678320000.0,
        "Net Income From Continuing And Discontinued Operation": 15688000000.0,
        "Total Expenses": 23239000000.0,
        "Total Operating Income As Reported": 17350000000.0,
        "Diluted Average Shares": 2600000000.0,
        "Basic Average Shares": 2529000000.0,
        "Diluted EPS": 6.03,
        "Basic EPS": 6.2,
        "Diluted NI Availto Com Stockholders": 15688000000.0,
        "Net Income Common Stockholders": 15688000000.0,
        "Net Income": 15688000000.0,
        "Net Income Including Noncontrolling Interests": 15688000000.0,
        "Net Income Continuous Operations": 15688000000.0,
        "Tax Provision": 2134000000.0,
        "Pretax Income": 17822000000.0,
        "Other Income Expense": 11000000.0,
        "Gain On Sale Of Security": 11000000.0,
        "Net Non Operating Interest Income Expense": 461000000.0,
        "Total Other Finance Cost": -8000000.0,
        "Interest Expense Non Operating": 208000000.0,
        "Interest Income Non Operating": 661000000.0,
        "Operating Income": 17350000000.0,
        "Operating Expense": 15864000000.0,
        "Research And Development": 11177000000.0,
        "Selling General And Administration": 4687000000.0,
        "Selling And Marketing Expense": 2822000000.0,
        "General And Administrative Expense": 1865000000.0,
        "Other Gand A": 1865000000.0,
        "Gross Profit": 33214000000.0,
        "Cost Of Revenue": 7375000000.0,
        "Total Revenue": 40589000000.0,
        "Operating Revenue": 40155000000.0
    },
    "2024-12-31": {
        "Tax Effect Of Unusual Items": -44365234.375,
        "Tax Rate For Calcs": 0.115234,
        "Normalized EBITDA": 28648000000.0,
        "Total Unusual Items": -385000000.0,
        "Total Unusual Items Excluding Goodwill": -385000000.0,
        "Net Income From Continuing Operation Net Minority Interest": 20838000000.0,
        "Reconciled Depreciation": 4460000000.0,
        "Reconciled Cost Of Revenue": 8839000000.0,
        "EBITDA": 28263000000.0,
        "EBIT": 23803000000.0,
        "Net Interest Income": 573000000.0,
        "Interest Expense": 251000000.0,
        "Interest Income": 731000000.0,
        "Normalized Income": 21178634765.625,
        "Net Income From Continuing And Discontinued Operation": 20838000000.0,
        "Total Expenses": 25021000000.0,
        "Total Operating Income As Reported": 23364000000.0,
        "Diluted Average Shares": 2599000000.0,
        "Basic Average Shares": 2529000000.0,
        "Diluted EPS": 8.02,
        "Basic EPS": 8.24,
        "Diluted NI Availto Com Stockholders": 20838000000.0,
        "Net Income Common Stockholders": 20838000000.0,
        "Net Income": 20838000000.0,
        "Net Income Including Noncontrolling Interests": 20838000000.0,
        "Net Income Continuous Operations": 20838000000.0,
        "Tax Provision": 2714000000.0,
        "Pretax Income": 23552000000.0,
        "Other Income Expense": -385000000.0,
        "Gain On Sale Of Security": -385000000.0,
        "Net Non Operating Interest Income Expense": 573000000.0,
        "Total Other Finance Cost": -93000000.0,
        "Interest Expense Non Operating": 251000000.0,
        "Interest Income Non Operating": 731000000.0,
        "Operating Income": 23364000000.0,
        "Operating Expense": 16182000000.0,
        "Research And Development": 12180000000.0,
        "Selling General And Administration": 4002000000.0,
        "Selling And Marketing Expense": 3240000000.0,
        "General And Administrative Expense": 762000000.0,
        "Other Gand A": 762000000.0,
        "Gross Profit": 39546000000.0,
        "Cost Of Revenue": 8839000000.0,
        "Total Revenue": 48385000000.0,
        "Operating Revenue": 47866000000.0
    },
    "2025-03-31": {
        "Tax Effect Of Unusual Items": 20880000.0,
        "Tax Rate For Calcs": 0.09,
        "Normalized EBITDA": 22290000000.0,
        "Total Unusual Items": 232000000.0,
        "Total Unusual Items Excluding Goodwill": 232000000.0,
        "Net Income From Continuing Operation Net Minority Interest": 16644000000.0,
        "Reconciled Depreciation": 3900000000.0,
        "Reconciled Cost Of Revenue": 7572000000.0,
        "EBITDA": 22522000000.0,
        "EBIT": 18622000000.0,
        "Net Interest Income": 595000000.0,
        "Interest Expense": 240000000.0,
        "Interest Income": 658000000.0,
        "Normalized Income": 16432880000.0,
        "Net Income From Continuing And Discontinued Operation": 16644000000.0,
        "Total Expenses": 24759000000.0,
        "Total Operating Income As Reported": 17555000000.0,
        "Diluted Average Shares": 2590000000.0,
        "Basic Average Shares": 2527000000.0,
        "Diluted EPS": 6.43,
        "Basic EPS": 6.59,
        "Diluted NI Availto Com Stockholders": 16644000000.0,
        "Net Income Common Stockholders": 16644000000.0,
        "Net Income": 16644000000.0,
        "Net Income Including Noncontrolling Interests": 16644000000.0,
        "Net Income Continuous Operations": 16644000000.0,
        "Tax Provision": 1738000000.0,
        "Pretax Income": 18382000000.0,
        "Other Income Expense": 232000000.0,
        "Gain On Sale Of Security": 232000000.0,
        "Net Non Operating Interest Income Expense": 595000000.0,
        "Total Other Finance Cost": -177000000.0,
        "Interest Expense Non Operating": 240000000.0,
        "Interest Income Non Operating": 658000000.0,
        "Operating Income": 17555000000.0,
        "Operating Expense": 17187000000.0,
        "Research And Development": 12150000000.0,
        "Selling General And Administration": 5037000000.0,
        "Selling And Marketing Expense": 2757000000.0,
        "General And Administrative Expense": 2280000000.0,
        "Other Gand A": 2280000000.0,
        "Gross Profit": 34742000000.0,
        "Cost Of Revenue": 7572000000.0,
        "Total Revenue": 42314000000.0,
        "Operating Revenue": 41804000000.0
    },
    "2025-06-30": {
        "Tax Effect Of Unusual Items": 21560000.0,
        "Tax Rate For Calcs": 0.11,
        "Normalized EBITDA": 24921000000.0,
        "Total Unusual Items": 196000000.0,
        "Total Unusual Items Excluding Goodwill": 196000000.0,
        "Net Income From Continuing Operation Net Minority Interest": 18337000000.0,
        "Reconciled Depreciation": 4342000000.0,
        "Reconciled Cost Of Revenue": 8491000000.0,
        "EBITDA": 25117000000.0,
        "EBIT": 20775000000.0,
        "Net Interest Income": -103000000.0,
        "Interest Expense": 241000000.0,
        "Interest Income": 481000000.0,
        "Normalized Income": 18162560000.0,
        "Net Income From Continuing And Discontinued Operation": 18337000000.0,
        "Total Expenses": 27075000000.0,
        "Total Operating Income As Reported": 20441000000.0,
        "Diluted Average Shares": 2570000000.0,
        "Basic Average Shares": 2518000000.0,
        "Diluted EPS": 7.14,
        "Basic EPS": 7.28,
        "Diluted NI Availto Com Stockholders": 18337000000.0,
        "Net Income Common Stockholders": 18337000000.0,
        "Net Income": 18337000000.0,
        "Net Income Including Noncontrolling Interests": 18337000000.0,
        "Net Income Continuous Operations": 18337000000.0,
        "Tax Provision": 2197000000.0,
        "Pretax Income": 20534000000.0,
        "Other Income Expense": 196000000.0,
        "Gain On Sale Of Security": 196000000.0,
        "Net Non Operating Interest Income Expense": -103000000.0,
        "Total Other Finance Cost": 343000000.0,
        "Interest Expense Non Operating": 241000000.0,
        "Interest Income Non Operating": 481000000.0,
        "Operating Income": 20441000000.0,
        "Operating Expense": 18584000000.0,
        "Research And Development": 12942000000.0,
        "Selling General And Administration": 5642000000.0,
        "Selling And Marketing Expense": 2979000000.0,
        "General And Administrative Expense": 2663000000.0,
        "Other Gand A": 2663000000.0,
        "Gross Profit": 39025000000.0,
        "Cost Of Revenue": 8491000000.0,
        "Total Revenue": 47516000000.0,
        "Operating Revenue": 46933000000.0
    }
}