{
    "2023-03-31": {
        "Tax Effect Of Unusual Items": NaN,
        "Tax Rate For Calcs": NaN,
        "Normalized EBITDA": NaN,
        "Net Income From Continuing Operation Net Minority Interest": NaN,
        "Reconciled Depreciation": NaN,
        "Reconciled Cost Of Revenue": NaN,
        "EBITDA": NaN,
        "EBIT": NaN,
        "Net Interest Income": NaN,
        "Interest Expense": 2309000.0,
        "Normalized Income": NaN,
        "Net Income From Continuing And Discontinued Operation": NaN,
        "Total Expenses": NaN,
        "Total Operating Income As Reported": NaN,
        "Diluted Average Shares": NaN,
        "Basic Average Shares": NaN,
        "Diluted EPS": NaN,
        "Basic EPS": NaN,
        "Diluted NI Availto Com Stockholders": NaN,
        "Net Income Common Stockholders": NaN,
        "Net Income": NaN,
        "Net Income Including Noncontrolling Interests": NaN,
        "Net Income Continuous Operations": NaN,
        "Tax Provision": NaN,
        "Pretax Income": NaN,
        "Other Income Expense": NaN,
        "Other Non Operating Income Expenses": NaN,
        "Net Non Operating Interest Income Expense": NaN,
        "Total Other Finance Cost": NaN,
        "Interest Expense Non Operating": 2309000.0,
        "Operating Income": NaN,
        "Operating Expense": NaN,
        "Other Operating Expenses": NaN,
        "Depreciation Amortization Depletion Income Statement": NaN,
        "Depreciation And Amortization In Income Statement": NaN,
        "Amortization": NaN,
        "Amortization Of Intangibles Income Statement": NaN,
        "Depreciation Income Statement": NaN,
        "Selling General And Administration": NaN,
        "Gross Profit": NaN,
        "Cost Of Revenue": NaN,
        "Total Revenue": NaN,
        "Operating Revenue": NaN
    },
    "2022-12-31": {
        "Tax Effect Of Unusual Items": NaN,
        "Tax Rate For Calcs": NaN,
        "Normalized EBITDA": NaN,
        "Net Income From Continuing Operation Net Minority Interest": NaN,
        "Reconciled Depreciation": NaN,
        "Reconciled Cost Of Revenue": NaN,
        "EBITDA": NaN,
        "EBIT": NaN,
        "Net Interest Income": NaN,
        "Interest Expense": 1506000.0,
        "Normalized Income": NaN,
        "Net Income From Continuing And Discontinued Operation": NaN,
        "Total Expenses": NaN,
        "Total Operating Income As Reported": NaN,
        "Diluted Average Shares": NaN,
        "Basic Average Shares": NaN,
        "Diluted EPS": NaN,
        "Basic EPS": NaN,
        "Diluted NI Availto Com Stockholders": NaN,
        "Net Income Common Stockholders": NaN,
        "Net Income": NaN,
        "Net Income Including Noncontrolling Interests": NaN,
        "Net Income Continuous Operations": NaN,
        "Tax Provision": NaN,
        "Pretax Income": NaN,
        "Other Income Expense": NaN,
        "Other Non Operating Income Expenses": NaN,
        "Net Non Operating Interest Income Expense": NaN,
        "Total Other Finance Cost": NaN,
        "Interest Expense Non Operating": 1506000.0,
        "Operating Income": NaN,
        "Operating Expense": NaN,
        "Other Operating Expenses": NaN,
        "Depreciation Amortization Depletion Income Statement": NaN,
        "Depreciation And Amortization In Income Statement": NaN,
        "Amortization": NaN,
        "Amortization Of Intangibles Income Statement": NaN,
        "Depreciation Income Statement": NaN,
        "Selling General And Administration": NaN,
        "Gross Profit": NaN,
        "Cost Of Revenue": NaN,
        "Total Revenue": NaN,
        "Operating Revenue": NaN
    },
    "2022-09-30": {
        "Tax Effect Of Unusual Items": NaN,
        "Tax Rate For Calcs": NaN,
        "Normalized EBITDA": NaN,
        "Net Income From Continuing Operation Net Minority Interest": NaN,
        "Reconciled Depreciation": NaN,
        "Reconciled Cost Of Revenue": NaN,
        "EBITDA": NaN,
        "EBIT": NaN,
        "Net Interest Income": NaN,
        "Interest Expense": 2255000.0,
        "Normalized Income": NaN,
        "Net Income From Continuing And Discontinued Operation": NaN,
        "Total Expenses": NaN,
        "Total Operating Income As Reported": NaN,
        "Diluted Average Shares": NaN,
        "Basic Average Shares": NaN,
        "Diluted EPS": NaN,
        "Basic EPS": NaN,
        "Diluted NI Availto Com Stockholders": NaN,
        "Net Income Common Stockholders": NaN,
        "Net Income": NaN,
        "Net Income Including Noncontrolling Interests": NaN,
        "Net Income Continuous Operations": NaN,
        "Tax Provision": NaN,
        "Pretax Income": NaN,
        "Other Income Expense": NaN,
        "Other Non Operating Income Expenses": NaN,
        "Net Non Operating Interest Income Expense": NaN,
        "Total Other Finance Cost": 2255000.0,
        "Interest Expense Non Operating": 2255000.0,
        "Operating Income": NaN,
        "Operating Expense": NaN,
        "Other Operating Expenses": NaN,
        "Depreciation Amortization Depletion Income Statement": NaN,
        "Depreciation And Amortization In Income Statement": NaN,
        "Amortization": NaN,
        "Amortization Of Intangibles Income Statement": NaN,
        "Depreciation Income Statement": NaN,
        "Selling General And Administration": NaN,
        "Gross Profit": NaN,
        "Cost Of Revenue": NaN,
        "Total Revenue": NaN,
        "Operating Revenue": NaN
    },
    "2022-06-30": {
        "Tax Effect Of Unusual Items": 0.0,
        "Tax Rate For Calcs": 0.228,
        "Normalized EBITDA": 54818000.0,
        "Net Income From Continuing Operation Net Minority Interest": 33280000.0,
        "Reconciled Depreciation": 9783000.0,
        "Reconciled Cost Of Revenue": 76644000.0,
        "EBITDA": 54818000.0,
        "EBIT": 45035000.0,
        "Net Interest Income": -1937000.0,
        "Interest Expense": 1937000.0,
        "Normalized Income": 33280000.0,
        "Net Income From Continuing And Discontinued Operation": 33280000.0,
        "Total Expenses": 95968000.0,
        "Total Operating Income As Reported": 42687000.0,
        "Diluted Average Shares": 45135000.0,
        "Basic Average Shares": 44271000.0,
        "Diluted EPS": 0.74,
        "Basic EPS": 0.75,
        "Diluted NI Availto Com Stockholders": 33280000.0,
        "Net Income Common Stockholders": 33280000.0,
        "Net Income": 33280000.0,
        "Net Income Including Noncontrolling Interests": 33280000.0,
        "Net Income Continuous Operations": 33280000.0,
        "Tax Provision": 9818000.0,
        "Pretax Income": 43098000.0,
        "Other Income Expense": 2348000.0,
        "Other Non Operating Income Expenses": 2348000.0,
        "Net Non Operating Interest Income Expense": -1937000.0,
        "Total Other Finance Cost": NaN,
        "Interest Expense Non Operating": 1937000.0,
        "Operating Income": 42687000.0,
        "Operating Expense": 19324000.0,
        "Other Operating Expenses": 755000.0,
        "Depreciation Amortization Depletion Income Statement": 9783000.0,
        "Depreciation And Amortization In Income Statement": 9783000.0,
        "Amortization": NaN,
        "Amortization Of Intangibles Income Statement": NaN,
        "Depreciation Income Statement": 9783000.0,
        "Selling General And Administration": 8786000.0,
        "Gross Profit": 62011000.0,
        "Cost Of Revenue": 76644000.0,
        "Total Revenue": 138655000.0,
        "Operating Revenue": 138655000.0
    },
    "2023-06-30": {
        "Tax Effect Of Unusual Items": NaN,
        "Tax Rate For Calcs": NaN,
        "Normalized EBITDA": NaN,
        "Net Income From Continuing Operation Net Minority Interest": NaN,
        "Reconciled Depreciation": NaN,
        "Reconciled Cost Of Revenue": NaN,
        "EBITDA": NaN,
        "EBIT": NaN,
        "Net Interest Income": NaN,
        "Interest Expense": 2518000.0,
        "Normalized Income": NaN,
        "Net Income From Continuing And Discontinued Operation": NaN,
        "Total Expenses": NaN,
        "Total Operating Income As Reported": NaN,
        "Diluted Average Shares": NaN,
        "Basic Average Shares": NaN,
        "Diluted EPS": NaN,
        "Basic EPS": NaN,
        "Diluted NI Availto Com Stockholders": NaN,
        "Net Income Common Stockholders": NaN,
        "Net Income": NaN,
        "Net Income Including Noncontrolling Interests": NaN,
        "Net Income Continuous Operations": NaN,
        "Tax Provision": NaN,
        "Pretax Income": NaN,
        "Other Income Expense": NaN,
        "Other Non Operating Income Expenses": NaN,
        "Net Non Operating Interest Income Expense": NaN,
        "Total Other Finance Cost": NaN,
        "Interest Expense Non Operating": 2518000.0,
        "Operating Income": NaN,
        "Operating Expense": NaN,
        "Other Operating Expenses": NaN,
        "Depreciation Amortization Depletion Income Statement": NaN,
        "Depreciation And Amortization In Income Statement": NaN,
        "Amortization": 3896000.0,
        "Amortization Of Intangibles Income Statement": 3896000.0,
        "Depreciation Income Statement": NaN,
        "Selling General And Administration": NaN,
        "Gross Profit": NaN,
        "Cost Of Revenue": NaN,
        "Total Revenue": NaN,
        "Operating Revenue": NaN
    },
    "2023-09-30": {
        "Tax Effect Of Unusual Items": NaN,
        "Tax Rate For Calcs": NaN,
        "Normalized EBITDA": NaN,
        "Net Income From Continuing Operation Net Minority Interest": NaN,
        "Reconciled Depreciation": NaN,
        "Reconciled Cost Of Revenue": NaN,
        "EBITDA": NaN,
        "EBIT": NaN,
        "Net Interest Income": NaN,
        "Interest Expense": NaN,
        "Normalized Income": NaN,
        "Net Income From Continuing And Discontinued Operation": NaN,
        "Total Expenses": NaN,
        "Total Operating Income As Reported": NaN,
        "Diluted Average Shares": NaN,
        "Basic Average Shares": NaN,
        "Diluted EPS": NaN,
        "Basic EPS": NaN,
        "Diluted NI Availto Com Stockholders": NaN,
        "Net Income Common Stockholders": NaN,
        "Net Income": NaN,
        "Net Income Including Noncontrolling Interests": NaN,
        "Net Income Continuous Operations": NaN,
        "Tax Provision": NaN,
        "Pretax Income": NaN,
        "Other Income Expense": NaN,
        "Other Non Operating Income Expenses": NaN,
        "Net Non Operating Interest Income Expense": NaN,
        "Total Other Finance Cost": 2447000.0,
        "Interest Expense Non Operating": NaN,
        "Operating Income": NaN,
        "Operating Expense": NaN,
        "Other Operating Expenses": NaN,
        "Depreciation Amortization Depletion Income Statement": NaN,
        "Depreciation And Amortization In Income Statement": NaN,
        "Amortization": NaN,
        "Amortization Of Intangibles Income Statement": NaN,
        "Depreciation Income Statement": NaN,
        "Selling General And Administration": NaN,
        "Gross Profit": NaN,
        "Cost Of Revenue": NaN,
        "Total Revenue": NaN,
        "Operating Revenue": NaN
    },
    "2023-12-31": {
        "Tax Effect Of Unusual Items": 0.0,
        "Tax Rate For Calcs": 0.227159,
        "Normalized EBITDA": 69974000.0,
        "Net Income From Continuing Operation Net Minority Interest": 30038000.0,
        "Reconciled Depreciation": 14402000.0,
        "Reconciled Cost Of Revenue": 139410000.0,
        "EBITDA": 69974000.0,
        "EBIT": 55572000.0,
        "Net Interest Income": -1629000.0,
        "Interest Expense": NaN,
        "Normalized Income": 30038000.0,
        "Net Income From Continuing And Discontinued Operation": 30038000.0,
        "Total Expenses": 165478000.0,
        "Total Operating Income As Reported": 37251000.0,
        "Diluted Average Shares": 50063333.0,
        "Basic Average Shares": 48448387.0,
        "Diluted EPS": 0.6,
        "Basic EPS": 0.62,
        "Diluted NI Availto Com Stockholders": 30038000.0,
        "Net Income Common Stockholders": 30038000.0,
        "Net Income": 30038000.0,
        "Net Income Including Noncontrolling Interests": 30038000.0,
        "Net Income Continuous Operations": 30038000.0,
        "Tax Provision": 8829000.0,
        "Pretax Income": 38867000.0,
        "Other Income Expense": 3245000.0,
        "Other Non Operating Income Expenses": 3245000.0,
        "Net Non Operating Interest Income Expense": -1629000.0,
        "Total Other Finance Cost": NaN,
        "Interest Expense Non Operating": NaN,
        "Operating Income": 37251000.0,
        "Operating Expense": 26068000.0,
        "Other Operating Expenses": 354000.0,
        "Depreciation Amortization Depletion Income Statement": 14402000.0,
        "Depreciation And Amortization In Income Statement": 14402000.0,
        "Amortization": NaN,
        "Amortization Of Intangibles Income Statement": NaN,
        "Depreciation Income Statement": 14402000.0,
        "Selling General And Administration": 11312000.0,
        "Gross Profit": 63319000.0,
        "Cost Of Revenue": 139410000.0,
        "Total Revenue": 202729000.0,
        "Operating Revenue": 202729000.0
    },
    "2024-03-31": {
        "Tax Effect Of Unusual Items": NaN,
        "Tax Rate For Calcs": NaN,
        "Normalized EBITDA": NaN,
        "Net Income From Continuing Operation Net Minority Interest": NaN,
        "Reconciled Depreciation": NaN,
        "Reconciled Cost Of Revenue": NaN,
        "EBITDA": NaN,
        "EBIT": NaN,
        "Net Interest Income": NaN,
        "Interest Expense": 1332000.0,
        "Normalized Income": NaN,
        "Net Income From Continuing And Discontinued Operation": NaN,
        "Total Expenses": NaN,
        "Total Operating Income As Reported": NaN,
        "Diluted Average Shares": NaN,
        "Basic Average Shares": NaN,
        "Diluted EPS": NaN,
        "Basic EPS": NaN,
        "Diluted NI Availto Com Stockholders": NaN,
        "Net Income Common Stockholders": NaN,
        "Net Income": NaN,
        "Net Income Including Noncontrolling Interests": NaN,
        "Net Income Continuous Operations": NaN,
        "Tax Provision": NaN,
        "Pretax Income": NaN,
        "Other Income Expense": NaN,
        "Other Non Operating Income Expenses": NaN,
        "Net Non Operating Interest Income Expense": NaN,
        "Total Other Finance Cost": NaN,
        "Interest Expense Non Operating": 1332000.0,
        "Operating Income": NaN,
        "Operating Expense": NaN,
        "Other Operating Expenses": NaN,
        "Depreciation Amortization Depletion Income Statement": NaN,
        "Depreciation And Amortization In Income Statement": NaN,
        "Amortization": NaN,
        "Amortization Of Intangibles Income Statement": NaN,
        "Depreciation Income Statement": NaN,
        "Selling General And Administration": NaN,
        "Gross Profit": NaN,
        "Cost Of Revenue": NaN,
        "Total Revenue": NaN,
        "Operating Revenue": NaN
    },
    "2024-06-30": {
        "Tax Effect Of Unusual Items": NaN,
        "Tax Rate For Calcs": NaN,
        "Normalized EBITDA": NaN,
        "Net Income From Continuing Operation Net Minority Interest": NaN,
        "Reconciled Depreciation": NaN,
        "Reconciled Cost Of Revenue": NaN,
        "EBITDA": NaN,
        "EBIT": NaN,
        "Net Interest Income": NaN,
        "Interest Expense": 1481000.0,
        "Normalized Income": NaN,
        "Net Income From Continuing And Discontinued Operation": NaN,
        "Total Expenses": NaN,
        "Total Operating Income As Reported": NaN,
        "Diluted Average Shares": NaN,
        "Basic Average Shares": NaN,
        "Diluted EPS": NaN,
        "Basic EPS": NaN,
        "Diluted NI Availto Com Stockholders": NaN,
        "Net Income Common Stockholders": NaN,
        "Net Income": NaN,
        "Net Income Including Noncontrolling Interests": NaN,
        "Net Income Continuous Operations": NaN,
        "Tax Provision": NaN,
        "Pretax Income": NaN,
        "Other Income Expense": NaN,
        "Other Non Operating Income Expenses": NaN,
        "Net Non Operating Interest Income Expense": NaN,
        "Total Other Finance Cost": NaN,
        "Interest Expense Non Operating": 1481000.0,
        "Operating Income": NaN,
        "Operating Expense": NaN,
        "Other Operating Expenses": NaN,
        "Depreciation Amortization Depletion Income Statement": NaN,
        "Depreciation And Amortization In Income Statement": NaN,
        "Amortization": 3927000.0,
        "Amortization Of Intangibles Income Statement": 3927000.0,
        "Depreciation Income Statement": NaN,
        "Selling General And Administration": NaN,
        "Gross Profit": NaN,
        "Cost Of Revenue": NaN,
        "Total Revenue": NaN,
        "Operating Revenue": NaN
    },
    "2024-09-30": {
        "Tax Effect Of Unusual Items": 0.0,
        "Tax Rate For Calcs": 0.21,
        "Normalized EBITDA": 19405000.0,
        "Net Income From Continuing Operation Net Minority Interest": -239000.0,
        "Reconciled Depreciation": 17811000.0,
        "Reconciled Cost Of Revenue": 134731000.0,
        "EBITDA": 19405000.0,
        "EBIT": 1594000.0,
        "Net Interest Income": -1696000.0,
        "Interest Expense": NaN,
        "Normalized Income": -239000.0,
        "Net Income From Continuing And Discontinued Operation": -239000.0,
        "Total Expenses": 165817000.0,
        "Total Operating Income As Reported": 1594000.0,
        "Diluted Average Shares": 52633968.0,
        "Basic Average Shares": 52633968.0,
        "Diluted EPS": -0.03,
        "Basic EPS": -0.03,
        "Diluted NI Availto Com Stockholders": -239000.0,
        "Net Income Common Stockholders": -239000.0,
        "Net Income": -239000.0,
        "Net Income Including Noncontrolling Interests": -239000.0,
        "Net Income Continuous Operations": -239000.0,
        "Tax Provision": 61000.0,
        "Pretax Income": -178000.0,
        "Other Income Expense": -76000.0,
        "Other Non Operating Income Expenses": -76000.0,
        "Net Non Operating Interest Income Expense": -1696000.0,
        "Total Other Finance Cost": 1696000.0,
        "Interest Expense Non Operating": NaN,
        "Operating Income": 1594000.0,
        "Operating Expense": 31086000.0,
        "Other Operating Expenses": 354000.0,
        "Depreciation Amortization Depletion Income Statement": 17811000.0,
        "Depreciation And Amortization In Income Statement": 17811000.0,
        "Amortization": NaN,
        "Amortization Of Intangibles Income Statement": NaN,
        "Depreciation Income Statement": 17811000.0,
        "Selling General And Administration": 12921000.0,
        "Gross Profit": 32680000.0,
        "Cost Of Revenue": 134731000.0,
        "Total Revenue": 167411000.0,
        "Operating Revenue": 167411000.0
    },
    "2024-12-31": {
        "Tax Effect Of Unusual Items": 0.0,
        "Tax Rate For Calcs": 0.36431,
        "Normalized EBITDA": 27464000.0,
        "Net Income From Continuing Operation Net Minority Interest": 3858000.0,
        "Reconciled Depreciation": 16706000.0,
        "Reconciled Cost Of Revenue": 136079000.0,
        "EBITDA": 27464000.0,
        "EBIT": 10758000.0,
        "Net Interest Income": -1614000.0,
        "Interest Expense": NaN,
        "Normalized Income": 3858000.0,
        "Net Income From Continuing And Discontinued Operation": 3858000.0,
        "Total Expenses": 164541000.0,
        "Total Operating Income As Reported": 6351000.0,
        "Diluted Average Shares": 64300000.0,
        "Basic Average Shares": 64300000.0,
        "Diluted EPS": 0.06,
        "Basic EPS": 0.06,
        "Diluted NI Availto Com Stockholders": 3858000.0,
        "Net Income Common Stockholders": 3858000.0,
        "Net Income": 3858000.0,
        "Net Income Including Noncontrolling Interests": 3858000.0,
        "Net Income Continuous Operations": 3858000.0,
        "Tax Provision": 2211000.0,
        "Pretax Income": 6069000.0,
        "Other Income Expense": 1332000.0,
        "Other Non Operating Income Expenses": 1332000.0,
        "Net Non Operating Interest Income Expense": -1614000.0,
        "Total Other Finance Cost": NaN,
        "Interest Expense Non Operating": NaN,
        "Operating Income": 6351000.0,
        "Operating Expense": 28462000.0,
        "Other Operating Expenses": 402000.0,
        "Depreciation Amortization Depletion Income Statement": 16706000.0,
        "Depreciation And Amortization In Income Statement": 16706000.0,
        "Amortization": NaN,
        "Amortization Of Intangibles Income Statement": NaN,
        "Depreciation Income Statement": 16706000.0,
        "Selling General And Administration": 11354000.0,
        "Gross Profit": 34813000.0,
        "Cost Of Revenue": 136079000.0,
        "Total Revenue": 170892000.0,
        "Operating Revenue": 170892000.0
    },
    "2025-03-31": {
        "Tax Effect Of Unusual Items": 0.0,
        "Tax Rate For Calcs": 0.312,
        "Normalized EBITDA": 6025000.0,
        "Net Income From Continuing Operation Net Minority Interest": -9457000.0,
        "Reconciled Depreciation": 17542000.0,
        "Reconciled Cost Of Revenue": 114132000.0,
        "EBITDA": 6025000.0,
        "EBIT": -11517000.0,
        "Net Interest Income": -2230000.0,
        "Interest Expense": 2230000.0,
        "Normalized Income": -9457000.0,
        "Net Income From Continuing And Discontinued Operation": -9457000.0,
        "Total Expenses": 146678000.0,
        "Total Operating Income As Reported": -12022000.0,
        "Diluted Average Shares": 49773684.0,
        "Basic Average Shares": 49773684.0,
        "Diluted EPS": -0.19,
        "Basic EPS": -0.19,
        "Diluted NI Availto Com Stockholders": -9457000.0,
        "Net Income Common Stockholders": -9457000.0,
        "Net Income": -9457000.0,
        "Net Income Including Noncontrolling Interests": -9457000.0,
        "Net Income Continuous Operations": -9457000.0,
        "Tax Provision": -4290000.0,
        "Pretax Income": -13747000.0,
        "Other Income Expense": 505000.0,
        "Other Non Operating Income Expenses": 505000.0,
        "Net Non Operating Interest Income Expense": -2230000.0,
        "Total Other Finance Cost": NaN,
        "Interest Expense Non Operating": 2230000.0,
        "Operating Income": -12022000.0,
        "Operating Expense": 32546000.0,
        "Other Operating Expenses": 402000.0,
        "Depreciation Amortization Depletion Income Statement": 17542000.0,
        "Depreciation And Amortization In Income Statement": 17542000.0,
        "Amortization": NaN,
        "Amortization Of Intangibles Income Statement": NaN,
        "Depreciation Income Statement": 17542000.0,
        "Selling General And Administration": 14602000.0,
        "Gross Profit": 20524000.0,
        "Cost Of Revenue": 114132000.0,
        "Total Revenue": 134656000.0,
        "Operating Revenue": 134656000.0
    },
    "2025-06-30": {
        "Tax Effect Of Unusual Items": 0.0,
        "Tax Rate For Calcs": 0.127,
        "Normalized EBITDA": 3852000.0,
        "Net Income From Continuing Operation Net Minority Interest": -13974000.0,
        "Reconciled Depreciation": 17038000.0,
        "Reconciled Cost Of Revenue": 134182000.0,
        "EBITDA": 3852000.0,
        "EBIT": -13186000.0,
        "Net Interest Income": -2818000.0,
        "Interest Expense": 2818000.0,
        "Normalized Income": -13974000.0,
        "Net Income From Continuing And Discontinued Operation": -13974000.0,
        "Total Expenses": 166803000.0,
        "Total Operating Income As Reported": -13844000.0,
        "Diluted Average Shares": 48186207.0,
        "Basic Average Shares": 48186207.0,
        "Diluted EPS": -0.29,
        "Basic EPS": -0.29,
        "Diluted NI Availto Com Stockholders": -13974000.0,
        "Net Income Common Stockholders": -13974000.0,
        "Net Income": -13974000.0,
        "Net Income Including Noncontrolling Interests": -13974000.0,
        "Net Income Continuous Operations": -13974000.0,
        "Tax Provision": -2030000.0,
        "Pretax Income": -16004000.0,
        "Other Income Expense": 658000.0,
        "Other Non Operating Income Expenses": 658000.0,
        "Net Non Operating Interest Income Expense": -2818000.0,
        "Total Other Finance Cost": NaN,
        "Interest Expense Non Operating": 2818000.0,
        "Operating Income": -13844000.0,
        "Operating Expense": 32621000.0,
        "Other Operating Expenses": 402000.0,
        "Depreciation Amortization Depletion Income Statement": 17038000.0,
        "Depreciation And Amortization In Income Statement": 17038000.0,
        "Amortization": 4143000.0,
        "Amortization Of Intangibles Income Statement": 4143000.0,
        "Depreciation Income Statement": 12895000.0,
        "Selling General And Administration": 15181000.0,
        "Gross Profit": 18777000.0,
        "Cost Of Revenue": 134182000.0,
        "Total Revenue": 152959000.0,
        "Operating Revenue": 152959000.0
    },
    "2025-09-30": {
        "Tax Effect Of Unusual Items": 0.0,
        "Tax Rate For Calcs": 0.199,
        "Normalized EBITDA": 2609000.0,
        "Net Income From Continuing Operation Net Minority Interest": -13308000.0,
        "Reconciled Depreciation": 17091000.0,
        "Reconciled Cost Of Revenue": 101842000.0,
        "EBITDA": 2609000.0,
        "EBIT": -14482000.0,
        "Net Interest Income": -2250000.0,
        "Interest Expense": NaN,
        "Normalized Income": -13308000.0,
        "Net Income From Continuing And Discontinued Operation": -13308000.0,
        "Total Expenses": 135478000.0,
        "Total Operating Income As Reported": -14482000.0,
        "Diluted Average Shares": 53232000.0,
        "Basic Average Shares": 53232000.0,
        "Diluted EPS": -0.25,
        "Basic EPS": -0.25,
        "Diluted NI Availto Com Stockholders": -13308000.0,
        "Net Income Common Stockholders": -13308000.0,
        "Net Income": -13308000.0,
        "Net Income Including Noncontrolling Interests": -13308000.0,
        "Net Income Continuous Operations": -13308000.0,
        "Tax Provision": -3299000.0,
        "Pretax Income": -16607000.0,
        "Other Income Expense": 125000.0,
        "Other Non Operating Income Expenses": 125000.0,
        "Net Non Operating Interest Income Expense": -2250000.0,
        "Total Other Finance Cost": 2250000.0,
        "Interest Expense Non Operating": NaN,
        "Operating Income": -14482000.0,
        "Operating Expense": 33636000.0,
        "Other Operating Expenses": 402000.0,
        "Depreciation Amortization Depletion Income Statement": 17091000.0,
        "Depreciation And Amortization In Income Statement": 17091000.0,
        "Amortization": NaN,
        "Amortization Of Intangibles Income Statement": NaN,
        "Depreciation Income Statement": 17091000.0,
        "Selling General And Administration": 16143000.0,
        "Gross Profit": 19154000.0,
        "Cost Of Revenue": 101842000.0,
        "Total Revenue": 120996000.0,
        "Operating Revenue": 120996000.0
    }
}