{
    "2023-03-31": {
        "Tax Effect Of Unusual Items": NaN,
        "Tax Rate For Calcs": NaN,
        "Net Income From Continuing Operation Net Minority Interest": NaN,
        "Reconciled Depreciation": NaN,
        "EBIT": NaN,
        "Net Interest Income": NaN,
        "Interest Expense": NaN,
        "Interest Income": NaN,
        "Normalized Income": NaN,
        "Net Income From Continuing And Discontinued Operation": NaN,
        "Total Expenses": NaN,
        "Diluted Average Shares": 1862000000.0,
        "Basic Average Shares": 1858000000.0,
        "Diluted EPS": 0.73,
        "Basic EPS": 0.73,
        "Diluted NI Availto Com Stockholders": NaN,
        "Net Income Common Stockholders": NaN,
        "Otherunder Preferred Stock Dividend": NaN,
        "Preferred Stock Dividends": NaN,
        "Net Income": NaN,
        "Minority Interests": NaN,
        "Net Income Including Noncontrolling Interests": NaN,
        "Net Income Continuous Operations": NaN,
        "Tax Provision": NaN,
        "Pretax Income": NaN,
        "Other Income Expense": NaN,
        "Net Non Operating Interest Income Expense": NaN,
        "Interest Expense Non Operating": NaN,
        "Selling General And Administration": NaN,
        "General And Administrative Expense": NaN,
        "Other Gand A": NaN,
        "Total Revenue": NaN,
        "Operating Revenue": NaN,
        "Loss Adjustment Expense": NaN,
        "Net Policyholder Benefits And Claims": NaN,
        "Policyholder Benefits Gross": NaN,
        "Policyholder Benefits Ceded": NaN
    },
    "2022-12-31": {
        "Tax Effect Of Unusual Items": NaN,
        "Tax Rate For Calcs": NaN,
        "Net Income From Continuing Operation Net Minority Interest": NaN,
        "Reconciled Depreciation": NaN,
        "EBIT": NaN,
        "Net Interest Income": NaN,
        "Interest Expense": NaN,
        "Interest Income": NaN,
        "Normalized Income": NaN,
        "Net Income From Continuing And Discontinued Operation": NaN,
        "Total Expenses": NaN,
        "Diluted Average Shares": NaN,
        "Basic Average Shares": NaN,
        "Diluted EPS": NaN,
        "Basic EPS": NaN,
        "Diluted NI Availto Com Stockholders": NaN,
        "Net Income Common Stockholders": NaN,
        "Otherunder Preferred Stock Dividend": NaN,
        "Preferred Stock Dividends": NaN,
        "Net Income": NaN,
        "Minority Interests": NaN,
        "Net Income Including Noncontrolling Interests": NaN,
        "Net Income Continuous Operations": NaN,
        "Tax Provision": NaN,
        "Pretax Income": NaN,
        "Other Income Expense": NaN,
        "Net Non Operating Interest Income Expense": NaN,
        "Interest Expense Non Operating": NaN,
        "Other Operating Expenses": 113000000.0,
        "Selling General And Administration": NaN,
        "General And Administrative Expense": NaN,
        "Other Gand A": NaN,
        "Total Revenue": NaN,
        "Operating Revenue": NaN,
        "Loss Adjustment Expense": NaN,
        "Net Policyholder Benefits And Claims": NaN,
        "Policyholder Benefits Gross": NaN,
        "Policyholder Benefits Ceded": NaN
    },
    "2022-09-30": {
        "Tax Effect Of Unusual Items": NaN,
        "Tax Rate For Calcs": NaN,
        "Net Income From Continuing Operation Net Minority Interest": NaN,
        "Reconciled Depreciation": NaN,
        "EBIT": NaN,
        "Net Interest Income": NaN,
        "Interest Expense": NaN,
        "Interest Income": NaN,
        "Normalized Income": NaN,
        "Net Income From Continuing And Discontinued Operation": NaN,
        "Total Expenses": NaN,
        "Diluted Average Shares": 1904000000.0,
        "Basic Average Shares": 1902000000.0,
        "Diluted EPS": 0.23,
        "Basic EPS": 0.23,
        "Diluted NI Availto Com Stockholders": NaN,
        "Net Income Common Stockholders": NaN,
        "Otherunder Preferred Stock Dividend": NaN,
        "Preferred Stock Dividends": NaN,
        "Net Income": NaN,
        "Minority Interests": NaN,
        "Net Income Including Noncontrolling Interests": NaN,
        "Net Income Continuous Operations": NaN,
        "Tax Provision": NaN,
        "Pretax Income": NaN,
        "Other Income Expense": NaN,
        "Net Non Operating Interest Income Expense": NaN,
        "Interest Expense Non Operating": NaN,
        "Other Operating Expenses": 120000000.0,
        "Selling General And Administration": NaN,
        "General And Administrative Expense": NaN,
        "Other Gand A": NaN,
        "Total Revenue": NaN,
        "Operating Revenue": NaN
    },
    "2022-06-30": {
        "Tax Effect Of Unusual Items": 0.0,
        "Tax Rate For Calcs": 0.205251,
        "Net Income From Continuing Operation Net Minority Interest": 1010000000.0,
        "Reconciled Depreciation": 132000000.0,
        "EBIT": 1575000000.0,
        "Net Interest Income": -318000000.0,
        "Interest Expense": 318000000.0,
        "Interest Income": 3850000000.0,
        "Normalized Income": 1010000000.0,
        "Net Income From Continuing And Discontinued Operation": 1010000000.0,
        "Total Expenses": -4106000000.0,
        "Diluted Average Shares": 1924000000.0,
        "Basic Average Shares": 1921000000.0,
        "Diluted EPS": -1.13,
        "Basic EPS": -1.13,
        "Diluted NI Availto Com Stockholders": 1026000000.0,
        "Net Income Common Stockholders": 1026000000.0,
        "Otherunder Preferred Stock Dividend": -76000000.0,
        "Preferred Stock Dividends": 60000000.0,
        "Net Income": 1010000000.0,
        "Minority Interests": 11000000.0,
        "Net Income Including Noncontrolling Interests": 999000000.0,
        "Net Income Continuous Operations": 999000000.0,
        "Tax Provision": 258000000.0,
        "Pretax Income": 1257000000.0,
        "Other Income Expense": 12000000.0,
        "Net Non Operating Interest Income Expense": -318000000.0,
        "Interest Expense Non Operating": 318000000.0,
        "Other Operating Expenses": 105000000.0,
        "Selling General And Administration": 1843000000.0,
        "General And Administrative Expense": 1843000000.0,
        "Other Gand A": 1843000000.0,
        "Total Revenue": -2849000000.0,
        "Operating Revenue": -2849000000.0
    },
    "2022-03-31": {
        "Diluted EPS": 1.18,
        "Total Revenue": NaN,
        "Gross Profit": NaN,
        "Operating Income": NaN,
        "EBIT": NaN,
        "Net Income": NaN
    },
    "2021-12-31": {
        "Diluted EPS": 0.81,
        "Total Revenue": NaN,
        "Gross Profit": NaN,
        "Operating Income": NaN,
        "EBIT": NaN,
        "Net Income": NaN
    },
    "2021-09-30": {
        "Diluted EPS": 0.64,
        "Total Revenue": NaN,
        "Gross Profit": NaN,
        "Operating Income": NaN,
        "EBIT": NaN,
        "Net Income": NaN
    },
    "2021-06-30": {
        "Diluted EPS": 1.08,
        "Total Revenue": NaN,
        "Gross Profit": NaN,
        "Operating Income": NaN,
        "EBIT": NaN,
        "Net Income": NaN
    },
    "2021-03-31": {
        "Diluted EPS": 0.3,
        "Total Revenue": NaN,
        "Gross Profit": NaN,
        "Operating Income": NaN,
        "EBIT": NaN,
        "Net Income": 584
    },
    "2020-12-31": {
        "Diluted EPS": 0.68,
        "Total Revenue": NaN,
        "Gross Profit": NaN,
        "Operating Income": NaN,
        "EBIT": NaN,
        "Net Income": NaN
    },
    "2020-09-30": {
        "Diluted EPS": 0.78,
        "Total Revenue": NaN,
        "Gross Profit": NaN,
        "Operating Income": NaN,
        "EBIT": -427,
        "Net Income": NaN
    },
    "2020-06-30": {
        "Diluted EPS": 0.25,
        "Total Revenue": NaN,
        "Gross Profit": NaN,
        "Operating Income": NaN,
        "EBIT": NaN,
        "Net Income": 494
    },
    "2020-03-31": {
        "Diluted EPS": 0.48,
        "Total Revenue": NaN,
        "Gross Profit": NaN,
        "Operating Income": NaN,
        "EBIT": NaN,
        "Net Income": 966
    },
    "2019-12-31": {
        "Diluted EPS": 0.47,
        "Total Revenue": NaN,
        "Gross Profit": NaN,
        "Operating Income": -304,
        "EBIT": 47,
        "Net Income": 869
    },
    "2019-09-30": {
        "Diluted EPS": 0.27,
        "Total Revenue": NaN,
        "Gross Profit": NaN,
        "Operating Income": NaN,
        "EBIT": NaN,
        "Net Income": 515
    },
    "2019-06-30": {
        "Diluted EPS": 0.55,
        "Total Revenue": NaN,
        "Gross Profit": NaN,
        "Operating Income": NaN,
        "EBIT": NaN,
        "Net Income": NaN
    },
    "2019-03-31": {
        "Diluted EPS": 0.81,
        "Total Revenue": NaN,
        "Gross Profit": NaN,
        "Operating Income": NaN,
        "EBIT": NaN,
        "Net Income": NaN
    },
    "2018-12-31": {
        "Diluted EPS": 0.21,
        "Total Revenue": NaN,
        "Gross Profit": 711,
        "Operating Income": NaN,
        "EBIT": NaN,
        "Net Income": 369
    },
    "2018-09-30": {
        "Diluted EPS": 0.59,
        "Total Revenue": NaN,
        "Gross Profit": NaN,
        "Operating Income": NaN,
        "EBIT": -950,
        "Net Income": NaN
    },
    "2018-06-30": {
        "Diluted EPS": 0.47,
        "Total Revenue": NaN,
        "Gross Profit": NaN,
        "Operating Income": NaN,
        "EBIT": NaN,
        "Net Income": 978
    },
    "2018-03-31": {
        "Diluted EPS": 0.53,
        "Total Revenue": NaN,
        "Gross Profit": NaN,
        "Operating Income": NaN,
        "EBIT": NaN,
        "Net Income": NaN
    },
    "2017-12-31": {
        "Diluted EPS": -0.63,
        "Total Revenue": NaN,
        "Gross Profit": NaN,
        "Operating Income": NaN,
        "EBIT": NaN,
        "Net Income": NaN
    },
    "2017-09-30": {
        "Diluted EPS": 0.43,
        "Total Revenue": NaN,
        "Gross Profit": NaN,
        "Operating Income": NaN,
        "EBIT": NaN,
        "Net Income": 851
    },
    "2017-06-30": {
        "Diluted EPS": 0.45,
        "Total Revenue": NaN,
        "Gross Profit": NaN,
        "Operating Income": NaN,
        "EBIT": NaN,
        "Net Income": 904
    },
    "2017-03-31": {
        "Diluted EPS": 0.5,
        "Total Revenue": NaN,
        "Gross Profit": NaN,
        "Operating Income": NaN,
        "EBIT": NaN,
        "Net Income": 989
    },
    "2016-12-31": {
        "Diluted EPS": 0.01,
        "Total Revenue": NaN,
        "Gross Profit": NaN,
        "Operating Income": NaN,
        "EBIT": NaN,
        "Net Income": -53
    },
    "2016-09-30": {
        "Diluted EPS": 0.42,
        "Total Revenue": NaN,
        "Gross Profit": NaN,
        "Operating Income": NaN,
        "EBIT": NaN,
        "Net Income": 857
    },
    "2016-06-30": {
        "Diluted EPS": 0.26,
        "Total Revenue": NaN,
        "Gross Profit": NaN,
        "Operating Income": NaN,
        "EBIT": NaN,
        "Net Income": 546
    },
    "2016-03-31": {
        "Diluted EPS": 0.37,
        "Total Revenue": NaN,
        "Gross Profit": NaN,
        "Operating Income": NaN,
        "EBIT": NaN,
        "Net Income": 762
    },
    "2015-12-31": {
        "Diluted EPS": 0.08,
        "Total Revenue": NaN,
        "Gross Profit": 940,
        "Operating Income": NaN,
        "EBIT": -624,
        "Net Income": 184
    },
    "2015-09-30": {
        "Diluted EPS": 0.22,
        "Total Revenue": NaN,
        "Gross Profit": NaN,
        "Operating Income": NaN,
        "EBIT": NaN,
        "Net Income": 476
    },
    "2015-06-30": {
        "Diluted EPS": 0.24,
        "Total Revenue": 913,
        "Gross Profit": NaN,
        "Operating Income": NaN,
        "EBIT": NaN,
        "Net Income": 488
    },
    "2015-03-31": {
        "Diluted EPS": 0.3,
        "Total Revenue": NaN,
        "Gross Profit": NaN,
        "Operating Income": NaN,
        "EBIT": NaN,
        "Net Income": 601
    },
    "2014-12-31": {
        "Diluted EPS": 0.26,
        "Total Revenue": NaN,
        "Gross Profit": NaN,
        "Operating Income": NaN,
        "EBIT": NaN,
        "Net Income": 508
    },
    "2014-09-30": {
        "Diluted EPS": 0.5,
        "Total Revenue": NaN,
        "Gross Profit": NaN,
        "Operating Income": NaN,
        "EBIT": NaN,
        "Net Income": 971
    },
    "2014-06-30": {
        "Diluted EPS": 0.45,
        "Total Revenue": NaN,
        "Gross Profit": NaN,
        "Operating Income": NaN,
        "EBIT": NaN,
        "Net Income": 861
    },
    "2014-03-31": {
        "Diluted EPS": 0.38,
        "Total Revenue": NaN,
        "Gross Profit": NaN,
        "Operating Income": NaN,
        "EBIT": NaN,
        "Net Income": 745
    },
    "2013-12-31": {
        "Diluted EPS": 0.6,
        "Total Revenue": NaN,
        "Gross Profit": NaN,
        "Operating Income": -923,
        "EBIT": -827,
        "Net Income": NaN
    },
    "2013-09-30": {
        "Diluted EPS": 0.52,
        "Total Revenue": NaN,
        "Gross Profit": NaN,
        "Operating Income": -989,
        "EBIT": -888,
        "Net Income": 990
    },
    "2013-06-30": {
        "Diluted EPS": 0.12,
        "Total Revenue": -333,
        "Gross Profit": NaN,
        "Operating Income": NaN,
        "EBIT": NaN,
        "Net Income": 249
    },
    "2013-03-31": {
        "Diluted EPS": 0.26,
        "Total Revenue": NaN,
        "Gross Profit": NaN,
        "Operating Income": NaN,
        "EBIT": NaN,
        "Net Income": 536
    },
    "2012-12-31": {
        "Diluted EPS": 0.56,
        "Total Revenue": NaN,
        "Gross Profit": NaN,
        "Operating Income": -626,
        "EBIT": -314,
        "Net Income": NaN
    },
    "2012-09-30": {
        "Diluted EPS": -0.14,
        "Total Revenue": NaN,
        "Gross Profit": NaN,
        "Operating Income": 588,
        "EBIT": 687,
        "Net Income": -227
    },
    "2012-06-30": {
        "Diluted EPS": -0.18,
        "Total Revenue": NaN,
        "Gross Profit": NaN,
        "Operating Income": NaN,
        "EBIT": NaN,
        "Net Income": -301
    },
    "2012-03-31": {
        "Diluted EPS": 0.62,
        "Total Revenue": NaN,
        "Gross Profit": -909,
        "Operating Income": NaN,
        "EBIT": NaN,
        "Net Income": NaN
    },
    "2011-12-31": {
        "Diluted EPS": -0.05,
        "Total Revenue": NaN,
        "Gross Profit": NaN,
        "Operating Income": 420,
        "EBIT": 533,
        "Net Income": -69
    },
    "2011-09-30": {
        "Diluted EPS": -0.74,
        "Total Revenue": NaN,
        "Gross Profit": NaN,
        "Operating Income": NaN,
        "EBIT": NaN,
        "Net Income": NaN
    },
    "2011-06-30": {
        "Diluted EPS": 0.27,
        "Total Revenue": NaN,
        "Gross Profit": NaN,
        "Operating Income": NaN,
        "EBIT": NaN,
        "Net Income": 498
    },
    "2011-03-31": {
        "Diluted EPS": 0.52,
        "Total Revenue": NaN,
        "Gross Profit": NaN,
        "Operating Income": NaN,
        "EBIT": NaN,
        "Net Income": 944
    },
    "2010-12-31": {
        "Diluted EPS": 1.01,
        "Total Revenue": NaN,
        "Gross Profit": -72,
        "Operating Income": NaN,
        "EBIT": NaN,
        "Net Income": NaN
    },
    "2010-09-30": {
        "Diluted EPS": -0.55,
        "Total Revenue": NaN,
        "Gross Profit": NaN,
        "Operating Income": NaN,
        "EBIT": NaN,
        "Net Income": -947
    },
    "2010-06-30": {
        "Diluted EPS": -1.33,
        "Total Revenue": NaN,
        "Gross Profit": NaN,
        "Operating Income": NaN,
        "EBIT": NaN,
        "Net Income": NaN
    },
    "2010-03-31": {
        "Diluted EPS": 0.64,
        "Total Revenue": NaN,
        "Gross Profit": NaN,
        "Operating Income": NaN,
        "EBIT": NaN,
        "Net Income": NaN
    },
    "2009-12-31": {
        "Diluted EPS": 0.48,
        "Total Revenue": NaN,
        "Gross Profit": NaN,
        "Operating Income": NaN,
        "EBIT": NaN,
        "Net Income": 814
    },
    "2009-09-30": {
        "Diluted EPS": -0.11,
        "Total Revenue": NaN,
        "Gross Profit": NaN,
        "Operating Income": NaN,
        "EBIT": NaN,
        "Net Income": -130
    },
    "2009-06-30": {
        "Diluted EPS": 1.01,
        "Total Revenue": NaN,
        "Gross Profit": NaN,
        "Operating Income": NaN,
        "EBIT": NaN,
        "Net Income": NaN
    },
    "2009-03-31": {
        "Diluted EPS": -0.53,
        "Total Revenue": NaN,
        "Gross Profit": NaN,
        "Operating Income": -23,
        "EBIT": 44,
        "Net Income": -818
    },
    "2023-06-30": {
        "Tax Effect Of Unusual Items": NaN,
        "Tax Rate For Calcs": NaN,
        "Net Income From Continuing Operation Net Minority Interest": NaN,
        "Reconciled Depreciation": NaN,
        "EBIT": NaN,
        "Net Interest Income": NaN,
        "Interest Expense": NaN,
        "Interest Income": NaN,
        "Normalized Income": NaN,
        "Net Income From Continuing And Discontinued Operation": NaN,
        "Total Expenses": NaN,
        "Diluted Average Shares": 1846000000.0,
        "Basic Average Shares": 1842000000.0,
        "Diluted EPS": 0.5,
        "Basic EPS": 0.5,
        "Diluted NI Availto Com Stockholders": NaN,
        "Net Income Common Stockholders": NaN,
        "Otherunder Preferred Stock Dividend": NaN,
        "Preferred Stock Dividends": NaN,
        "Net Income": NaN,
        "Minority Interests": NaN,
        "Net Income Including Noncontrolling Interests": NaN,
        "Net Income Continuous Operations": NaN,
        "Tax Provision": NaN,
        "Pretax Income": NaN,
        "Other Income Expense": NaN,
        "Net Non Operating Interest Income Expense": NaN,
        "Interest Expense Non Operating": NaN,
        "Selling General And Administration": NaN,
        "General And Administrative Expense": NaN,
        "Other Gand A": NaN,
        "Total Revenue": NaN,
        "Operating Revenue": NaN,
        "Loss Adjustment Expense": NaN,
        "Net Policyholder Benefits And Claims": NaN,
        "Policyholder Benefits Gross": NaN,
        "Policyholder Benefits Ceded": NaN
    },
    "2023-09-30": {
        "Tax Effect Of Unusual Items": NaN,
        "Tax Rate For Calcs": NaN,
        "Net Income From Continuing Operation Net Minority Interest": NaN,
        "Reconciled Depreciation": NaN,
        "EBIT": NaN,
        "Net Interest Income": NaN,
        "Interest Expense": NaN,
        "Interest Income": NaN,
        "Normalized Income": NaN,
        "Net Income From Continuing And Discontinued Operation": NaN,
        "Total Expenses": NaN,
        "Diluted Average Shares": 1829000000.0,
        "Basic Average Shares": 1826000000.0,
        "Diluted EPS": 0.52,
        "Basic EPS": 0.53,
        "Diluted NI Availto Com Stockholders": NaN,
        "Net Income Common Stockholders": NaN,
        "Otherunder Preferred Stock Dividend": NaN,
        "Preferred Stock Dividends": NaN,
        "Net Income": NaN,
        "Minority Interests": NaN,
        "Net Income Including Noncontrolling Interests": NaN,
        "Net Income Continuous Operations": NaN,
        "Tax Provision": NaN,
        "Pretax Income": NaN,
        "Other Income Expense": NaN,
        "Net Non Operating Interest Income Expense": NaN,
        "Interest Expense Non Operating": NaN,
        "Selling General And Administration": NaN,
        "General And Administrative Expense": NaN,
        "Other Gand A": NaN,
        "Total Revenue": NaN,
        "Operating Revenue": NaN,
        "Loss Adjustment Expense": NaN,
        "Net Policyholder Benefits And Claims": NaN,
        "Policyholder Benefits Gross": NaN,
        "Policyholder Benefits Ceded": NaN
    },
    "2023-12-31": {
        "Tax Effect Of Unusual Items": 0.0,
        "Tax Rate For Calcs": 0.151672,
        "Net Income From Continuing Operation Net Minority Interest": 1762000000.0,
        "Reconciled Depreciation": -442000000.0,
        "EBIT": 2513000000.0,
        "Net Interest Income": -390000000.0,
        "Interest Expense": 390000000.0,
        "Interest Income": 4429000000.0,
        "Normalized Income": 1762000000.0,
        "Net Income From Continuing And Discontinued Operation": 1762000000.0,
        "Total Expenses": 6566000000.0,
        "Diluted Average Shares": NaN,
        "Basic Average Shares": NaN,
        "Diluted EPS": NaN,
        "Basic EPS": NaN,
        "Diluted NI Availto Com Stockholders": 1560000000.0,
        "Net Income Common Stockholders": 1560000000.0,
        "Otherunder Preferred Stock Dividend": 103000000.0,
        "Preferred Stock Dividends": 99000000.0,
        "Net Income": 1762000000.0,
        "Minority Interests": -39000000.0,
        "Net Income Including Noncontrolling Interests": 1801000000.0,
        "Net Income Continuous Operations": 1801000000.0,
        "Tax Provision": 322000000.0,
        "Pretax Income": 2123000000.0,
        "Other Income Expense": 63000000.0,
        "Net Non Operating Interest Income Expense": -390000000.0,
        "Interest Expense Non Operating": 390000000.0,
        "Selling General And Administration": 1180000000.0,
        "General And Administrative Expense": 1180000000.0,
        "Other Gand A": 1180000000.0,
        "Total Revenue": 8689000000.0,
        "Operating Revenue": 8689000000.0,
        "Loss Adjustment Expense": 4661000000.0,
        "Net Policyholder Benefits And Claims": 4661000000.0,
        "Policyholder Benefits Gross": 10492000000.0,
        "Policyholder Benefits Ceded": 5831000000.0
    },
    "2024-03-31": {
        "Tax Effect Of Unusual Items": 0.0,
        "Tax Rate For Calcs": 0.22,
        "Net Income From Continuing Operation Net Minority Interest": 917000000.0,
        "Reconciled Depreciation": -446000000.0,
        "EBIT": 1676000000.0,
        "Net Interest Income": -424000000.0,
        "Interest Expense": 424000000.0,
        "Interest Income": 4117000000.0,
        "Normalized Income": 917000000.0,
        "Net Income From Continuing And Discontinued Operation": 917000000.0,
        "Total Expenses": 11299000000.0,
        "Diluted Average Shares": 1810000000.0,
        "Basic Average Shares": 1805000000.0,
        "Diluted EPS": 0.45,
        "Basic EPS": 0.45,
        "Diluted NI Availto Com Stockholders": 811000000.0,
        "Net Income Common Stockholders": 811000000.0,
        "Otherunder Preferred Stock Dividend": 51000000.0,
        "Preferred Stock Dividends": 55000000.0,
        "Net Income": 917000000.0,
        "Minority Interests": -55000000.0,
        "Net Income Including Noncontrolling Interests": 972000000.0,
        "Net Income Continuous Operations": 972000000.0,
        "Tax Provision": 280000000.0,
        "Pretax Income": 1252000000.0,
        "Other Income Expense": 76000000.0,
        "Net Non Operating Interest Income Expense": -424000000.0,
        "Interest Expense Non Operating": 424000000.0,
        "Selling General And Administration": 1102000000.0,
        "General And Administrative Expense": 1102000000.0,
        "Other Gand A": 1102000000.0,
        "Total Revenue": 12551000000.0,
        "Operating Revenue": 12551000000.0,
        "Loss Adjustment Expense": 9417000000.0,
        "Net Policyholder Benefits And Claims": 9417000000.0,
        "Policyholder Benefits Gross": 9841000000.0,
        "Policyholder Benefits Ceded": 424000000.0
    },
    "2024-06-30": {
        "Tax Effect Of Unusual Items": 0.0,
        "Tax Rate For Calcs": 0.19,
        "Net Income From Continuing Operation Net Minority Interest": 1093000000.0,
        "Reconciled Depreciation": -419000000.0,
        "EBIT": 1810000000.0,
        "Net Interest Income": -426000000.0,
        "Interest Expense": 426000000.0,
        "Interest Income": 4144000000.0,
        "Normalized Income": 1093000000.0,
        "Net Income From Continuing And Discontinued Operation": 1093000000.0,
        "Total Expenses": 11286000000.0,
        "Diluted Average Shares": 1799000000.0,
        "Basic Average Shares": 1793000000.0,
        "Diluted EPS": 0.52,
        "Basic EPS": 0.53,
        "Diluted NI Availto Com Stockholders": 943000000.0,
        "Net Income Common Stockholders": 943000000.0,
        "Otherunder Preferred Stock Dividend": 51000000.0,
        "Preferred Stock Dividends": 99000000.0,
        "Net Income": 1093000000.0,
        "Minority Interests": -39000000.0,
        "Net Income Including Noncontrolling Interests": 1132000000.0,
        "Net Income Continuous Operations": 1132000000.0,
        "Tax Provision": 252000000.0,
        "Pretax Income": 1384000000.0,
        "Other Income Expense": 88000000.0,
        "Net Non Operating Interest Income Expense": -426000000.0,
        "Interest Expense Non Operating": 426000000.0,
        "Selling General And Administration": 1225000000.0,
        "General And Administrative Expense": 1225000000.0,
        "Other Gand A": 1225000000.0,
        "Total Revenue": 12670000000.0,
        "Operating Revenue": 12670000000.0,
        "Loss Adjustment Expense": 9271000000.0,
        "Net Policyholder Benefits And Claims": 9271000000.0,
        "Policyholder Benefits Gross": 10025000000.0,
        "Policyholder Benefits Ceded": 754000000.0
    },
    "2024-09-30": {
        "Tax Effect Of Unusual Items": 0.0,
        "Tax Rate For Calcs": 0.11,
        "Net Income From Continuing Operation Net Minority Interest": 1936000000.0,
        "Reconciled Depreciation": -447000000.0,
        "EBIT": 2752000000.0,
        "Net Interest Income": -411000000.0,
        "Interest Expense": 411000000.0,
        "Interest Income": 4364000000.0,
        "Normalized Income": 1936000000.0,
        "Net Income From Continuing And Discontinued Operation": 1936000000.0,
        "Total Expenses": 12264000000.0,
        "Diluted Average Shares": 1780000000.0,
        "Basic Average Shares": 1774000000.0,
        "Diluted EPS": 1.0,
        "Basic EPS": 1.01,
        "Diluted NI Availto Com Stockholders": 1783000000.0,
        "Net Income Common Stockholders": 1783000000.0,
        "Otherunder Preferred Stock Dividend": 97000000.0,
        "Preferred Stock Dividends": 56000000.0,
        "Net Income": 1936000000.0,
        "Minority Interests": -131000000.0,
        "Net Income Including Noncontrolling Interests": 2067000000.0,
        "Net Income Continuous Operations": 2067000000.0,
        "Tax Provision": 274000000.0,
        "Pretax Income": 2341000000.0,
        "Other Income Expense": 72000000.0,
        "Net Non Operating Interest Income Expense": -411000000.0,
        "Interest Expense Non Operating": 411000000.0,
        "Selling General And Administration": 1204000000.0,
        "General And Administrative Expense": 1204000000.0,
        "Other Gand A": 1204000000.0,
        "Total Revenue": 14605000000.0,
        "Operating Revenue": 14605000000.0,
        "Loss Adjustment Expense": 10279000000.0,
        "Net Policyholder Benefits And Claims": 10279000000.0,
        "Policyholder Benefits Gross": 9276000000.0,
        "Policyholder Benefits Ceded": -1003000000.0
    },
    "2024-12-31": {
        "Tax Effect Of Unusual Items": 0.0,
        "Tax Rate For Calcs": 0.192144,
        "Net Income From Continuing Operation Net Minority Interest": 1685000000.0,
        "Reconciled Depreciation": -195000000.0,
        "EBIT": 2533000000.0,
        "Net Interest Income": -420000000.0,
        "Interest Expense": 420000000.0,
        "Interest Income": 4855000000.0,
        "Normalized Income": 1685000000.0,
        "Net Income From Continuing And Discontinued Operation": 1685000000.0,
        "Total Expenses": 3643000000.0,
        "Diluted Average Shares": NaN,
        "Basic Average Shares": NaN,
        "Diluted EPS": NaN,
        "Basic EPS": NaN,
        "Diluted NI Availto Com Stockholders": 1537000000.0,
        "Net Income Common Stockholders": 1537000000.0,
        "Otherunder Preferred Stock Dividend": 47000000.0,
        "Preferred Stock Dividends": 101000000.0,
        "Net Income": 1685000000.0,
        "Minority Interests": -22000000.0,
        "Net Income Including Noncontrolling Interests": 1707000000.0,
        "Net Income Continuous Operations": 1707000000.0,
        "Tax Provision": 406000000.0,
        "Pretax Income": 2113000000.0,
        "Other Income Expense": 59000000.0,
        "Net Non Operating Interest Income Expense": -420000000.0,
        "Interest Expense Non Operating": 420000000.0,
        "Selling General And Administration": 1328000000.0,
        "General And Administrative Expense": 1328000000.0,
        "Other Gand A": 1328000000.0,
        "Total Revenue": 5756000000.0,
        "Operating Revenue": 5756000000.0,
        "Loss Adjustment Expense": 1505000000.0,
        "Net Policyholder Benefits And Claims": 1505000000.0,
        "Policyholder Benefits Gross": 9403000000.0,
        "Policyholder Benefits Ceded": 7898000000.0
    }
}