{
    "2023-03-31": {
        "Tax Effect Of Unusual Items": NaN,
        "Tax Rate For Calcs": NaN,
        "Normalized EBITDA": NaN,
        "Total Unusual Items": NaN,
        "Total Unusual Items Excluding Goodwill": NaN,
        "Net Income From Continuing Operation Net Minority Interest": NaN,
        "Reconciled Depreciation": NaN,
        "Reconciled Cost Of Revenue": NaN,
        "EBITDA": NaN,
        "EBIT": NaN,
        "Net Interest Income": NaN,
        "Interest Expense": NaN,
        "Normalized Income": NaN,
        "Net Income From Continuing And Discontinued Operation": NaN,
        "Total Expenses": NaN,
        "Total Operating Income As Reported": NaN,
        "Diluted Average Shares": 30021000.0,
        "Basic Average Shares": 30021000.0,
        "Diluted EPS": -0.17,
        "Basic EPS": -0.17,
        "Diluted NI Availto Com Stockholders": NaN,
        "Net Income Common Stockholders": NaN,
        "Net Income": NaN,
        "Minority Interests": NaN,
        "Net Income Including Noncontrolling Interests": NaN,
        "Net Income Continuous Operations": NaN,
        "Tax Provision": NaN,
        "Pretax Income": NaN,
        "Other Income Expense": NaN,
        "Other Non Operating Income Expenses": NaN,
        "Special Income Charges": NaN,
        "Other Special Charges": NaN,
        "Impairment Of Capital Assets": NaN,
        "Restructuring And Mergern Acquisition": NaN,
        "Net Non Operating Interest Income Expense": NaN,
        "Interest Expense Non Operating": NaN,
        "Operating Income": NaN,
        "Operating Expense": NaN,
        "Provision For Doubtful Accounts": NaN,
        "Depreciation Amortization Depletion Income Statement": NaN,
        "Depreciation And Amortization In Income Statement": NaN,
        "Research And Development": NaN,
        "Selling General And Administration": NaN,
        "Gross Profit": NaN,
        "Cost Of Revenue": NaN,
        "Total Revenue": NaN,
        "Operating Revenue": NaN
    },
    "2022-12-31": {
        "Tax Effect Of Unusual Items": NaN,
        "Tax Rate For Calcs": NaN,
        "Normalized EBITDA": NaN,
        "Total Unusual Items": NaN,
        "Total Unusual Items Excluding Goodwill": NaN,
        "Net Income From Continuing Operation Net Minority Interest": NaN,
        "Reconciled Depreciation": NaN,
        "Reconciled Cost Of Revenue": NaN,
        "EBITDA": NaN,
        "EBIT": NaN,
        "Net Interest Income": NaN,
        "Interest Expense": NaN,
        "Normalized Income": NaN,
        "Net Income From Continuing And Discontinued Operation": NaN,
        "Total Expenses": NaN,
        "Total Operating Income As Reported": NaN,
        "Diluted Average Shares": NaN,
        "Basic Average Shares": NaN,
        "Diluted EPS": NaN,
        "Basic EPS": NaN,
        "Diluted NI Availto Com Stockholders": NaN,
        "Net Income Common Stockholders": NaN,
        "Net Income": NaN,
        "Minority Interests": NaN,
        "Net Income Including Noncontrolling Interests": NaN,
        "Net Income Continuous Operations": NaN,
        "Tax Provision": NaN,
        "Pretax Income": NaN,
        "Other Income Expense": NaN,
        "Special Income Charges": NaN,
        "Other Special Charges": 0.0,
        "Impairment Of Capital Assets": NaN,
        "Restructuring And Mergern Acquisition": NaN,
        "Net Non Operating Interest Income Expense": NaN,
        "Interest Expense Non Operating": NaN,
        "Operating Income": NaN,
        "Operating Expense": NaN,
        "Provision For Doubtful Accounts": -247000.0,
        "Depreciation Amortization Depletion Income Statement": NaN,
        "Depreciation And Amortization In Income Statement": NaN,
        "Research And Development": NaN,
        "Selling General And Administration": NaN,
        "Gross Profit": NaN,
        "Cost Of Revenue": NaN,
        "Total Revenue": NaN,
        "Operating Revenue": NaN
    },
    "2022-09-30": {
        "Tax Effect Of Unusual Items": NaN,
        "Tax Rate For Calcs": NaN,
        "Normalized EBITDA": NaN,
        "Total Unusual Items": NaN,
        "Total Unusual Items Excluding Goodwill": NaN,
        "Net Income From Continuing Operation Net Minority Interest": NaN,
        "Reconciled Depreciation": NaN,
        "Reconciled Cost Of Revenue": NaN,
        "EBITDA": NaN,
        "EBIT": NaN,
        "Net Interest Income": NaN,
        "Interest Expense": NaN,
        "Normalized Income": NaN,
        "Net Income From Continuing And Discontinued Operation": NaN,
        "Total Expenses": NaN,
        "Total Operating Income As Reported": NaN,
        "Diluted Average Shares": NaN,
        "Basic Average Shares": NaN,
        "Diluted EPS": NaN,
        "Basic EPS": NaN,
        "Diluted NI Availto Com Stockholders": NaN,
        "Net Income Common Stockholders": NaN,
        "Net Income": NaN,
        "Minority Interests": NaN,
        "Net Income Including Noncontrolling Interests": NaN,
        "Net Income Continuous Operations": NaN,
        "Tax Provision": NaN,
        "Pretax Income": NaN,
        "Other Income Expense": NaN,
        "Special Income Charges": NaN,
        "Other Special Charges": 693000.0,
        "Impairment Of Capital Assets": 0.0,
        "Restructuring And Mergern Acquisition": NaN,
        "Net Non Operating Interest Income Expense": NaN,
        "Interest Expense Non Operating": NaN,
        "Operating Income": NaN,
        "Operating Expense": NaN,
        "Provision For Doubtful Accounts": 0.0,
        "Depreciation Amortization Depletion Income Statement": NaN,
        "Depreciation And Amortization In Income Statement": NaN,
        "Research And Development": NaN,
        "Selling General And Administration": NaN,
        "Gross Profit": NaN,
        "Cost Of Revenue": NaN,
        "Total Revenue": NaN,
        "Operating Revenue": NaN
    },
    "2022-06-30": {
        "Tax Effect Of Unusual Items": 52422.576753,
        "Tax Rate For Calcs": 0.374447,
        "Normalized EBITDA": 17564000.0,
        "Total Unusual Items": 140000.0,
        "Total Unusual Items Excluding Goodwill": 140000.0,
        "Net Income From Continuing Operation Net Minority Interest": 4643000.0,
        "Reconciled Depreciation": 8128000.0,
        "Reconciled Cost Of Revenue": 119980000.0,
        "EBITDA": 17704000.0,
        "EBIT": 9576000.0,
        "Net Interest Income": -2117000.0,
        "Interest Expense": 2117000.0,
        "Normalized Income": 4555422.576753,
        "Net Income From Continuing And Discontinued Operation": 4643000.0,
        "Total Expenses": 169595000.0,
        "Total Operating Income As Reported": -9576000.0,
        "Diluted Average Shares": 30233000.0,
        "Basic Average Shares": 29957000.0,
        "Diluted EPS": 0.15,
        "Basic EPS": 0.15,
        "Diluted NI Availto Com Stockholders": 4643000.0,
        "Net Income Common Stockholders": 4643000.0,
        "Net Income": 4643000.0,
        "Minority Interests": -23000.0,
        "Net Income Including Noncontrolling Interests": 4666000.0,
        "Net Income Continuous Operations": 4666000.0,
        "Tax Provision": 2793000.0,
        "Pretax Income": 7459000.0,
        "Other Income Expense": 140000.0,
        "Special Income Charges": 140000.0,
        "Other Special Charges": -153000.0,
        "Restructuring And Mergern Acquisition": 13000.0,
        "Net Non Operating Interest Income Expense": -2117000.0,
        "Interest Expense Non Operating": 2117000.0,
        "Operating Income": 9436000.0,
        "Operating Expense": 44122000.0,
        "Provision For Doubtful Accounts": 289000.0,
        "Depreciation Amortization Depletion Income Statement": 2635000.0,
        "Depreciation And Amortization In Income Statement": 2635000.0,
        "Research And Development": 522000.0,
        "Selling General And Administration": 40676000.0,
        "Gross Profit": 53558000.0,
        "Cost Of Revenue": 125473000.0,
        "Total Revenue": 179031000.0,
        "Operating Revenue": 179031000.0
    },
    "2023-06-30": {
        "Tax Effect Of Unusual Items": NaN,
        "Tax Rate For Calcs": NaN,
        "Normalized EBITDA": NaN,
        "Total Unusual Items": NaN,
        "Total Unusual Items Excluding Goodwill": NaN,
        "Net Income From Continuing Operation Net Minority Interest": NaN,
        "Reconciled Depreciation": NaN,
        "Reconciled Cost Of Revenue": NaN,
        "EBITDA": NaN,
        "EBIT": NaN,
        "Net Interest Income": NaN,
        "Interest Expense": NaN,
        "Normalized Income": NaN,
        "Net Income From Continuing And Discontinued Operation": NaN,
        "Total Expenses": NaN,
        "Total Operating Income As Reported": NaN,
        "Diluted Average Shares": 30660000.0,
        "Basic Average Shares": 30368000.0,
        "Diluted EPS": 0.01,
        "Basic EPS": 0.01,
        "Diluted NI Availto Com Stockholders": NaN,
        "Net Income Common Stockholders": NaN,
        "Net Income": NaN,
        "Minority Interests": NaN,
        "Net Income Including Noncontrolling Interests": NaN,
        "Net Income Continuous Operations": NaN,
        "Tax Provision": NaN,
        "Pretax Income": NaN,
        "Other Income Expense": NaN,
        "Other Non Operating Income Expenses": NaN,
        "Special Income Charges": NaN,
        "Other Special Charges": 150000.0,
        "Impairment Of Capital Assets": NaN,
        "Restructuring And Mergern Acquisition": NaN,
        "Net Non Operating Interest Income Expense": NaN,
        "Interest Expense Non Operating": NaN,
        "Operating Income": NaN,
        "Operating Expense": NaN,
        "Provision For Doubtful Accounts": 0.0,
        "Depreciation Amortization Depletion Income Statement": NaN,
        "Depreciation And Amortization In Income Statement": NaN,
        "Research And Development": NaN,
        "Selling General And Administration": NaN,
        "Gross Profit": NaN,
        "Cost Of Revenue": NaN,
        "Total Revenue": NaN,
        "Operating Revenue": NaN
    },
    "2023-09-30": {
        "Tax Effect Of Unusual Items": NaN,
        "Tax Rate For Calcs": NaN,
        "Normalized EBITDA": NaN,
        "Total Unusual Items": NaN,
        "Total Unusual Items Excluding Goodwill": NaN,
        "Net Income From Continuing Operation Net Minority Interest": NaN,
        "Reconciled Depreciation": NaN,
        "Reconciled Cost Of Revenue": NaN,
        "EBITDA": NaN,
        "EBIT": NaN,
        "Net Interest Income": NaN,
        "Interest Expense": NaN,
        "Normalized Income": NaN,
        "Net Income From Continuing And Discontinued Operation": NaN,
        "Total Expenses": NaN,
        "Total Operating Income As Reported": NaN,
        "Diluted Average Shares": NaN,
        "Basic Average Shares": NaN,
        "Diluted EPS": NaN,
        "Basic EPS": NaN,
        "Diluted NI Availto Com Stockholders": NaN,
        "Net Income Common Stockholders": NaN,
        "Net Income": NaN,
        "Minority Interests": NaN,
        "Net Income Including Noncontrolling Interests": NaN,
        "Net Income Continuous Operations": NaN,
        "Tax Provision": NaN,
        "Pretax Income": NaN,
        "Other Income Expense": NaN,
        "Other Non Operating Income Expenses": NaN,
        "Special Income Charges": NaN,
        "Other Special Charges": NaN,
        "Impairment Of Capital Assets": 13799000.0,
        "Restructuring And Mergern Acquisition": NaN,
        "Net Non Operating Interest Income Expense": NaN,
        "Interest Expense Non Operating": NaN,
        "Operating Income": NaN,
        "Operating Expense": NaN,
        "Other Operating Expenses": NaN,
        "Provision For Doubtful Accounts": 0.0,
        "Depreciation Amortization Depletion Income Statement": NaN,
        "Depreciation And Amortization In Income Statement": NaN,
        "Research And Development": NaN,
        "Selling General And Administration": NaN,
        "Gross Profit": NaN,
        "Cost Of Revenue": NaN,
        "Total Revenue": NaN,
        "Operating Revenue": NaN
    },
    "2023-12-31": {
        "Tax Effect Of Unusual Items": NaN,
        "Tax Rate For Calcs": NaN,
        "Normalized EBITDA": NaN,
        "Total Unusual Items": NaN,
        "Total Unusual Items Excluding Goodwill": NaN,
        "Net Income From Continuing Operation Net Minority Interest": NaN,
        "Reconciled Depreciation": NaN,
        "Reconciled Cost Of Revenue": NaN,
        "EBITDA": NaN,
        "EBIT": NaN,
        "Net Interest Income": NaN,
        "Interest Expense": NaN,
        "Normalized Income": NaN,
        "Net Income From Continuing And Discontinued Operation": NaN,
        "Total Expenses": NaN,
        "Total Operating Income As Reported": NaN,
        "Diluted Average Shares": NaN,
        "Basic Average Shares": NaN,
        "Diluted EPS": NaN,
        "Basic EPS": NaN,
        "Diluted NI Availto Com Stockholders": NaN,
        "Net Income Common Stockholders": NaN,
        "Net Income": NaN,
        "Minority Interests": NaN,
        "Net Income Including Noncontrolling Interests": NaN,
        "Net Income Continuous Operations": NaN,
        "Tax Provision": NaN,
        "Pretax Income": NaN,
        "Other Income Expense": NaN,
        "Other Non Operating Income Expenses": NaN,
        "Special Income Charges": NaN,
        "Other Special Charges": 908000.0,
        "Impairment Of Capital Assets": 0.0,
        "Restructuring And Mergern Acquisition": NaN,
        "Net Non Operating Interest Income Expense": NaN,
        "Interest Expense Non Operating": NaN,
        "Operating Income": NaN,
        "Operating Expense": NaN,
        "Other Operating Expenses": NaN,
        "Provision For Doubtful Accounts": 0.0,
        "Depreciation Amortization Depletion Income Statement": NaN,
        "Depreciation And Amortization In Income Statement": NaN,
        "Research And Development": NaN,
        "Selling General And Administration": NaN,
        "Gross Profit": NaN,
        "Cost Of Revenue": NaN,
        "Total Revenue": NaN,
        "Operating Revenue": NaN
    },
    "2024-03-31": {
        "Tax Effect Of Unusual Items": -165095.280499,
        "Tax Rate For Calcs": 0.105966,
        "Normalized EBITDA": 15492000.0,
        "Total Unusual Items": -1558000.0,
        "Total Unusual Items Excluding Goodwill": -1558000.0,
        "Net Income From Continuing Operation Net Minority Interest": 995000.0,
        "Reconciled Depreciation": 8381000.0,
        "Reconciled Cost Of Revenue": 132355000.0,
        "EBITDA": 13934000.0,
        "EBIT": 5553000.0,
        "Net Interest Income": -4430000.0,
        "Interest Expense": 4430000.0,
        "Normalized Income": 2387904.719501,
        "Net Income From Continuing And Discontinued Operation": 995000.0,
        "Total Expenses": 177331000.0,
        "Total Operating Income As Reported": 5553000.0,
        "Diluted Average Shares": 31356000.0,
        "Basic Average Shares": 30680000.0,
        "Diluted EPS": 0.03,
        "Basic EPS": 0.03,
        "Diluted NI Availto Com Stockholders": 995000.0,
        "Net Income Common Stockholders": 995000.0,
        "Net Income": 995000.0,
        "Minority Interests": -9000.0,
        "Net Income Including Noncontrolling Interests": 1004000.0,
        "Net Income Continuous Operations": 1004000.0,
        "Tax Provision": 119000.0,
        "Pretax Income": 1123000.0,
        "Other Income Expense": -1558000.0,
        "Other Non Operating Income Expenses": NaN,
        "Special Income Charges": -1558000.0,
        "Other Special Charges": NaN,
        "Impairment Of Capital Assets": NaN,
        "Restructuring And Mergern Acquisition": 1558000.0,
        "Net Non Operating Interest Income Expense": -4430000.0,
        "Interest Expense Non Operating": 4430000.0,
        "Operating Income": 7111000.0,
        "Operating Expense": 39042000.0,
        "Other Operating Expenses": NaN,
        "Provision For Doubtful Accounts": NaN,
        "Depreciation Amortization Depletion Income Statement": 2447000.0,
        "Depreciation And Amortization In Income Statement": 2447000.0,
        "Research And Development": 343000.0,
        "Selling General And Administration": 36252000.0,
        "Gross Profit": 46153000.0,
        "Cost Of Revenue": 138289000.0,
        "Total Revenue": 184442000.0,
        "Operating Revenue": 184442000.0
    },
    "2024-06-30": {
        "Tax Effect Of Unusual Items": NaN,
        "Tax Rate For Calcs": NaN,
        "Normalized EBITDA": NaN,
        "Total Unusual Items": NaN,
        "Total Unusual Items Excluding Goodwill": NaN,
        "Net Income From Continuing Operation Net Minority Interest": NaN,
        "Reconciled Depreciation": NaN,
        "Reconciled Cost Of Revenue": NaN,
        "EBITDA": NaN,
        "EBIT": NaN,
        "Net Interest Income": NaN,
        "Interest Expense": NaN,
        "Normalized Income": NaN,
        "Net Income From Continuing And Discontinued Operation": NaN,
        "Total Expenses": NaN,
        "Total Operating Income As Reported": NaN,
        "Diluted Average Shares": NaN,
        "Basic Average Shares": NaN,
        "Diluted EPS": NaN,
        "Basic EPS": NaN,
        "Diluted NI Availto Com Stockholders": NaN,
        "Net Income Common Stockholders": NaN,
        "Net Income": NaN,
        "Minority Interests": NaN,
        "Net Income Including Noncontrolling Interests": NaN,
        "Net Income Continuous Operations": NaN,
        "Tax Provision": NaN,
        "Pretax Income": NaN,
        "Other Income Expense": NaN,
        "Other Non Operating Income Expenses": NaN,
        "Special Income Charges": NaN,
        "Other Special Charges": 60000.0,
        "Impairment Of Capital Assets": NaN,
        "Restructuring And Mergern Acquisition": NaN,
        "Net Non Operating Interest Income Expense": NaN,
        "Interest Expense Non Operating": NaN,
        "Operating Income": NaN,
        "Operating Expense": NaN,
        "Other Operating Expenses": NaN,
        "Depreciation Amortization Depletion Income Statement": NaN,
        "Depreciation And Amortization In Income Statement": NaN,
        "Research And Development": NaN,
        "Selling General And Administration": NaN,
        "Gross Profit": NaN,
        "Cost Of Revenue": NaN,
        "Total Revenue": NaN,
        "Operating Revenue": NaN
    },
    "2024-09-30": {
        "Tax Effect Of Unusual Items": -369487.491698,
        "Tax Rate For Calcs": 0.289794,
        "Normalized EBITDA": 22668000.0,
        "Total Unusual Items": -1275000.0,
        "Total Unusual Items Excluding Goodwill": -1275000.0,
        "Net Income From Continuing Operation Net Minority Interest": 6401000.0,
        "Reconciled Depreciation": 8056000.0,
        "Reconciled Cost Of Revenue": 128064000.0,
        "EBITDA": 21393000.0,
        "EBIT": 13337000.0,
        "Net Interest Income": -4303000.0,
        "Interest Expense": 4303000.0,
        "Normalized Income": 7306512.508302,
        "Net Income From Continuing And Discontinued Operation": 6401000.0,
        "Total Expenses": 169561000.0,
        "Total Operating Income As Reported": 11858000.0,
        "Diluted Average Shares": 31660000.0,
        "Basic Average Shares": 31002000.0,
        "Diluted EPS": 0.2,
        "Basic EPS": 0.21,
        "Diluted NI Availto Com Stockholders": 6401000.0,
        "Net Income Common Stockholders": 6401000.0,
        "Net Income": 6401000.0,
        "Minority Interests": -15000.0,
        "Net Income Including Noncontrolling Interests": 6416000.0,
        "Net Income Continuous Operations": 6416000.0,
        "Tax Provision": 2618000.0,
        "Pretax Income": 9034000.0,
        "Other Income Expense": 204000.0,
        "Other Non Operating Income Expenses": 1479000.0,
        "Special Income Charges": -1275000.0,
        "Other Special Charges": -868000.0,
        "Impairment Of Capital Assets": 0.0,
        "Restructuring And Mergern Acquisition": 2143000.0,
        "Net Non Operating Interest Income Expense": -4303000.0,
        "Interest Expense Non Operating": 4303000.0,
        "Operating Income": 13133000.0,
        "Operating Expense": 35772000.0,
        "Other Operating Expenses": NaN,
        "Depreciation Amortization Depletion Income Statement": 2331000.0,
        "Depreciation And Amortization In Income Statement": 2331000.0,
        "Research And Development": 241000.0,
        "Selling General And Administration": 33200000.0,
        "Gross Profit": 48905000.0,
        "Cost Of Revenue": 133789000.0,
        "Total Revenue": 182694000.0,
        "Operating Revenue": 182694000.0
    },
    "2024-12-31": {
        "Tax Effect Of Unusual Items": -270830.0214,
        "Tax Rate For Calcs": 0.208652,
        "Normalized EBITDA": 20046000.0,
        "Total Unusual Items": -1298000.0,
        "Total Unusual Items Excluding Goodwill": -1298000.0,
        "Net Income From Continuing Operation Net Minority Interest": 5193000.0,
        "Reconciled Depreciation": 8284000.0,
        "Reconciled Cost Of Revenue": 115358000.0,
        "EBITDA": 18748000.0,
        "EBIT": 10464000.0,
        "Net Interest Income": -3922000.0,
        "Interest Expense": 3922000.0,
        "Normalized Income": 6220169.9786,
        "Net Income From Continuing And Discontinued Operation": 5193000.0,
        "Total Expenses": 160975000.0,
        "Total Operating Income As Reported": 10458000.0,
        "Diluted Average Shares": 31660000.0,
        "Basic Average Shares": 31002000.0,
        "Diluted EPS": 0.17,
        "Basic EPS": 0.17,
        "Diluted NI Availto Com Stockholders": 5193000.0,
        "Net Income Common Stockholders": 5193000.0,
        "Net Income": 5193000.0,
        "Minority Interests": 16000.0,
        "Net Income Including Noncontrolling Interests": 5177000.0,
        "Net Income Continuous Operations": 5177000.0,
        "Tax Provision": 1365000.0,
        "Pretax Income": 6542000.0,
        "Other Income Expense": -1292000.0,
        "Other Non Operating Income Expenses": 6000.0,
        "Special Income Charges": -1298000.0,
        "Other Special Charges": 0.0,
        "Impairment Of Capital Assets": 0.0,
        "Restructuring And Mergern Acquisition": 1298000.0,
        "Net Non Operating Interest Income Expense": -3922000.0,
        "Interest Expense Non Operating": 3922000.0,
        "Operating Income": 11756000.0,
        "Operating Expense": 39570000.0,
        "Other Operating Expenses": NaN,
        "Depreciation Amortization Depletion Income Statement": 2237000.0,
        "Depreciation And Amortization In Income Statement": 2237000.0,
        "Research And Development": 303000.0,
        "Selling General And Administration": 35370000.0,
        "Gross Profit": 51326000.0,
        "Cost Of Revenue": 121405000.0,
        "Total Revenue": 172731000.0,
        "Operating Revenue": 172731000.0
    },
    "2025-03-31": {
        "Tax Effect Of Unusual Items": -831553.505535,
        "Tax Rate For Calcs": 0.269373,
        "Normalized EBITDA": 9838000.0,
        "Total Unusual Items": -3087000.0,
        "Total Unusual Items Excluding Goodwill": -3087000.0,
        "Net Income From Continuing Operation Net Minority Interest": -3186000.0,
        "Reconciled Depreciation": 7763000.0,
        "Reconciled Cost Of Revenue": 115286000.0,
        "EBITDA": 6751000.0,
        "EBIT": -1012000.0,
        "Net Interest Income": -3324000.0,
        "Interest Expense": 3324000.0,
        "Normalized Income": -930553.505535,
        "Net Income From Continuing And Discontinued Operation": -3186000.0,
        "Total Expenses": 159540000.0,
        "Total Operating Income As Reported": -1012000.0,
        "Diluted Average Shares": 31095000.0,
        "Basic Average Shares": 31095000.0,
        "Diluted EPS": -0.1,
        "Basic EPS": -0.1,
        "Diluted NI Availto Com Stockholders": -3186000.0,
        "Net Income Common Stockholders": -3186000.0,
        "Net Income": -3186000.0,
        "Minority Interests": -18000.0,
        "Net Income Including Noncontrolling Interests": -3168000.0,
        "Net Income Continuous Operations": -3168000.0,
        "Tax Provision": -1168000.0,
        "Pretax Income": -4336000.0,
        "Other Income Expense": -3087000.0,
        "Other Non Operating Income Expenses": NaN,
        "Special Income Charges": -3087000.0,
        "Other Special Charges": NaN,
        "Impairment Of Capital Assets": NaN,
        "Restructuring And Mergern Acquisition": 3087000.0,
        "Net Non Operating Interest Income Expense": -3324000.0,
        "Interest Expense Non Operating": 3324000.0,
        "Operating Income": 2075000.0,
        "Operating Expense": 38817000.0,
        "Other Operating Expenses": 540000.0,
        "Depreciation Amortization Depletion Income Statement": 2326000.0,
        "Depreciation And Amortization In Income Statement": 2326000.0,
        "Research And Development": 299000.0,
        "Selling General And Administration": 35652000.0,
        "Gross Profit": 40892000.0,
        "Cost Of Revenue": 120723000.0,
        "Total Revenue": 161615000.0,
        "Operating Revenue": 161615000.0
    },
    "2025-06-30": {
        "Tax Effect Of Unusual Items": -749554.0,
        "Tax Rate For Calcs": 0.254,
        "Normalized EBITDA": 19086000.0,
        "Total Unusual Items": -2951000.0,
        "Total Unusual Items Excluding Goodwill": -2951000.0,
        "Net Income From Continuing Operation Net Minority Interest": 3017000.0,
        "Reconciled Depreciation": 7707000.0,
        "Reconciled Cost Of Revenue": 125739000.0,
        "EBITDA": 16135000.0,
        "EBIT": 8428000.0,
        "Net Interest Income": -4239000.0,
        "Interest Expense": 4239000.0,
        "Normalized Income": 5218446.0,
        "Net Income From Continuing And Discontinued Operation": 3017000.0,
        "Total Expenses": 174026000.0,
        "Total Operating Income As Reported": 8428000.0,
        "Diluted Average Shares": 31693000.0,
        "Basic Average Shares": 31439000.0,
        "Diluted EPS": 0.1,
        "Basic EPS": 0.1,
        "Diluted NI Availto Com Stockholders": 3017000.0,
        "Net Income Common Stockholders": 3017000.0,
        "Net Income": 3017000.0,
        "Minority Interests": -109000.0,
        "Net Income Including Noncontrolling Interests": 3126000.0,
        "Net Income Continuous Operations": 3126000.0,
        "Tax Provision": 1063000.0,
        "Pretax Income": 4189000.0,
        "Other Income Expense": -2951000.0,
        "Other Non Operating Income Expenses": NaN,
        "Special Income Charges": -2951000.0,
        "Other Special Charges": NaN,
        "Impairment Of Capital Assets": NaN,
        "Restructuring And Mergern Acquisition": 2951000.0,
        "Net Non Operating Interest Income Expense": -4239000.0,
        "Interest Expense Non Operating": 4239000.0,
        "Operating Income": 11379000.0,
        "Operating Expense": 42566000.0,
        "Other Operating Expenses": 518000.0,
        "Depreciation Amortization Depletion Income Statement": 1986000.0,
        "Depreciation And Amortization In Income Statement": 1986000.0,
        "Research And Development": 269000.0,
        "Selling General And Administration": 39793000.0,
        "Gross Profit": 53945000.0,
        "Cost Of Revenue": 131460000.0,
        "Total Revenue": 185405000.0,
        "Operating Revenue": 185405000.0
    },
    "2025-09-30": {
        "Tax Effect Of Unusual Items": -393994.588235,
        "Tax Rate For Calcs": 0.223353,
        "Normalized EBITDA": 29836000.0,
        "Total Unusual Items": -1764000.0,
        "Total Unusual Items Excluding Goodwill": -1764000.0,
        "Net Income From Continuing Operation Net Minority Interest": 13108000.0,
        "Reconciled Depreciation": 7691000.0,
        "Reconciled Cost Of Revenue": 131826000.0,
        "EBITDA": 28072000.0,
        "EBIT": 20381000.0,
        "Net Interest Income": -3381000.0,
        "Interest Expense": 3381000.0,
        "Normalized Income": 14478005.411765,
        "Net Income From Continuing And Discontinued Operation": 13108000.0,
        "Total Expenses": 173404000.0,
        "Total Operating Income As Reported": 20381000.0,
        "Diluted Average Shares": 31880000.0,
        "Basic Average Shares": 31543000.0,
        "Diluted EPS": 0.41,
        "Basic EPS": 0.42,
        "Diluted NI Availto Com Stockholders": 13108000.0,
        "Net Income Common Stockholders": 13108000.0,
        "Net Income": 13108000.0,
        "Minority Interests": -95000.0,
        "Net Income Including Noncontrolling Interests": 13203000.0,
        "Net Income Continuous Operations": 13203000.0,
        "Tax Provision": 3797000.0,
        "Pretax Income": 17000000.0,
        "Other Income Expense": -1764000.0,
        "Other Non Operating Income Expenses": NaN,
        "Special Income Charges": -1764000.0,
        "Other Special Charges": NaN,
        "Impairment Of Capital Assets": NaN,
        "Restructuring And Mergern Acquisition": 1764000.0,
        "Net Non Operating Interest Income Expense": -3381000.0,
        "Interest Expense Non Operating": 3381000.0,
        "Operating Income": 22145000.0,
        "Operating Expense": 36048000.0,
        "Other Operating Expenses": 199000.0,
        "Depreciation Amortization Depletion Income Statement": 2161000.0,
        "Depreciation And Amortization In Income Statement": 2161000.0,
        "Research And Development": 210000.0,
        "Selling General And Administration": 33478000.0,
        "Gross Profit": 58193000.0,
        "Cost Of Revenue": 137356000.0,
        "Total Revenue": 195549000.0,
        "Operating Revenue": 195549000.0
    }
}