{
    "2023-03-31": {
        "Tax Effect Of Unusual Items": NaN,
        "Tax Rate For Calcs": NaN,
        "Normalized EBITDA": NaN,
        "Total Unusual Items": NaN,
        "Total Unusual Items Excluding Goodwill": NaN,
        "Net Income From Continuing Operation Net Minority Interest": NaN,
        "Reconciled Depreciation": NaN,
        "Reconciled Cost Of Revenue": NaN,
        "EBITDA": NaN,
        "EBIT": NaN,
        "Net Interest Income": NaN,
        "Interest Expense": NaN,
        "Normalized Income": NaN,
        "Net Income From Continuing And Discontinued Operation": NaN,
        "Total Expenses": NaN,
        "Total Operating Income As Reported": NaN,
        "Diluted Average Shares": NaN,
        "Basic Average Shares": NaN,
        "Diluted EPS": NaN,
        "Basic EPS": NaN,
        "Diluted NI Availto Com Stockholders": NaN,
        "Net Income Common Stockholders": NaN,
        "Otherunder Preferred Stock Dividend": NaN,
        "Net Income": NaN,
        "Minority Interests": NaN,
        "Net Income Including Noncontrolling Interests": NaN,
        "Net Income Continuous Operations": NaN,
        "Tax Provision": NaN,
        "Pretax Income": NaN,
        "Other Income Expense": NaN,
        "Other Non Operating Income Expenses": NaN,
        "Special Income Charges": NaN,
        "Gain On Sale Of Ppe": 396076000.0,
        "Gain On Sale Of Business": 396076000.0,
        "Other Special Charges": NaN,
        "Restructuring And Mergern Acquisition": NaN,
        "Earnings From Equity Interest": NaN,
        "Net Non Operating Interest Income Expense": NaN,
        "Interest Expense Non Operating": NaN,
        "Operating Income": NaN,
        "Operating Expense": NaN,
        "Other Operating Expenses": NaN,
        "Depreciation Amortization Depletion Income Statement": NaN,
        "Depreciation And Amortization In Income Statement": NaN,
        "Research And Development": 139000.0,
        "Selling General And Administration": NaN,
        "General And Administrative Expense": NaN,
        "Other Gand A": NaN,
        "Gross Profit": NaN,
        "Cost Of Revenue": NaN,
        "Total Revenue": NaN,
        "Operating Revenue": NaN
    },
    "2022-12-31": {
        "Tax Effect Of Unusual Items": NaN,
        "Tax Rate For Calcs": NaN,
        "Normalized EBITDA": NaN,
        "Total Unusual Items": NaN,
        "Total Unusual Items Excluding Goodwill": NaN,
        "Net Income From Continuing Operation Net Minority Interest": NaN,
        "Reconciled Depreciation": NaN,
        "Reconciled Cost Of Revenue": NaN,
        "EBITDA": NaN,
        "EBIT": NaN,
        "Net Interest Income": NaN,
        "Interest Expense": NaN,
        "Normalized Income": NaN,
        "Net Income From Continuing And Discontinued Operation": NaN,
        "Total Expenses": NaN,
        "Total Operating Income As Reported": NaN,
        "Diluted Average Shares": 386932000.0,
        "Basic Average Shares": 384018000.0,
        "Diluted EPS": 0.69,
        "Basic EPS": 0.69,
        "Diluted NI Availto Com Stockholders": NaN,
        "Net Income Common Stockholders": NaN,
        "Otherunder Preferred Stock Dividend": NaN,
        "Net Income": NaN,
        "Minority Interests": NaN,
        "Net Income Including Noncontrolling Interests": NaN,
        "Net Income Continuous Operations": NaN,
        "Tax Provision": NaN,
        "Pretax Income": NaN,
        "Other Income Expense": NaN,
        "Other Non Operating Income Expenses": NaN,
        "Special Income Charges": NaN,
        "Gain On Sale Of Ppe": -6083000.0,
        "Gain On Sale Of Business": NaN,
        "Other Special Charges": NaN,
        "Restructuring And Mergern Acquisition": NaN,
        "Earnings From Equity Interest": NaN,
        "Gain On Sale Of Security": 0.0,
        "Net Non Operating Interest Income Expense": NaN,
        "Interest Expense Non Operating": NaN,
        "Operating Income": NaN,
        "Operating Expense": NaN,
        "Other Operating Expenses": NaN,
        "Depreciation Amortization Depletion Income Statement": NaN,
        "Depreciation And Amortization In Income Statement": NaN,
        "Research And Development": NaN,
        "Selling General And Administration": NaN,
        "General And Administrative Expense": NaN,
        "Other Gand A": NaN,
        "Gross Profit": NaN,
        "Cost Of Revenue": NaN,
        "Total Revenue": NaN,
        "Operating Revenue": NaN
    },
    "2022-09-30": {
        "Tax Effect Of Unusual Items": NaN,
        "Tax Rate For Calcs": NaN,
        "Normalized EBITDA": NaN,
        "Total Unusual Items": NaN,
        "Total Unusual Items Excluding Goodwill": NaN,
        "Net Income From Continuing Operation Net Minority Interest": NaN,
        "Reconciled Depreciation": NaN,
        "Reconciled Cost Of Revenue": NaN,
        "EBITDA": NaN,
        "EBIT": NaN,
        "Net Interest Income": NaN,
        "Interest Expense": NaN,
        "Normalized Income": NaN,
        "Net Income From Continuing And Discontinued Operation": NaN,
        "Total Expenses": NaN,
        "Total Operating Income As Reported": NaN,
        "Diluted Average Shares": NaN,
        "Basic Average Shares": NaN,
        "Diluted EPS": NaN,
        "Basic EPS": NaN,
        "Diluted NI Availto Com Stockholders": NaN,
        "Net Income Common Stockholders": NaN,
        "Otherunder Preferred Stock Dividend": NaN,
        "Net Income": NaN,
        "Minority Interests": NaN,
        "Net Income Including Noncontrolling Interests": NaN,
        "Net Income Continuous Operations": NaN,
        "Tax Provision": NaN,
        "Pretax Income": NaN,
        "Other Income Expense": NaN,
        "Other Non Operating Income Expenses": NaN,
        "Special Income Charges": NaN,
        "Gain On Sale Of Ppe": 11639000.0,
        "Gain On Sale Of Business": NaN,
        "Other Special Charges": NaN,
        "Restructuring And Mergern Acquisition": 0.0,
        "Earnings From Equity Interest": NaN,
        "Gain On Sale Of Security": NaN,
        "Net Non Operating Interest Income Expense": NaN,
        "Interest Expense Non Operating": NaN,
        "Operating Income": NaN,
        "Operating Expense": NaN,
        "Other Operating Expenses": NaN,
        "Depreciation Amortization Depletion Income Statement": NaN,
        "Depreciation And Amortization In Income Statement": NaN,
        "Research And Development": NaN,
        "Selling General And Administration": NaN,
        "General And Administrative Expense": NaN,
        "Other Gand A": NaN,
        "Gross Profit": NaN,
        "Cost Of Revenue": NaN,
        "Total Revenue": NaN,
        "Operating Revenue": NaN
    },
    "2022-06-30": {
        "Tax Effect Of Unusual Items": 599554062.0,
        "Tax Rate For Calcs": 0.261,
        "Normalized EBITDA": 401136000.0,
        "Total Unusual Items": 2297142000.0,
        "Total Unusual Items Excluding Goodwill": 2297142000.0,
        "Net Income From Continuing Operation Net Minority Interest": 1783937000.0,
        "Reconciled Depreciation": 366255000.0,
        "Reconciled Cost Of Revenue": 1609824000.0,
        "EBITDA": 2698278000.0,
        "EBIT": 2332023000.0,
        "Net Interest Income": -136559000.0,
        "Interest Expense": 136559000.0,
        "Normalized Income": 86349062.0,
        "Net Income From Continuing And Discontinued Operation": 1783937000.0,
        "Total Expenses": 3124996000.0,
        "Total Operating Income As Reported": 2381451000.0,
        "Diluted Average Shares": 421303000.0,
        "Basic Average Shares": 417393000.0,
        "Diluted EPS": 4.2,
        "Basic EPS": 4.24,
        "Diluted NI Availto Com Stockholders": 1771525000.0,
        "Net Income Common Stockholders": 1771525000.0,
        "Otherunder Preferred Stock Dividend": 12412000.0,
        "Net Income": 1783937000.0,
        "Minority Interests": 161312000.0,
        "Net Income Including Noncontrolling Interests": 1622625000.0,
        "Net Income Continuous Operations": 1622625000.0,
        "Tax Provision": 572839000.0,
        "Pretax Income": 2195464000.0,
        "Other Income Expense": 2192131000.0,
        "Other Non Operating Income Expenses": -49428000.0,
        "Special Income Charges": 19395000.0,
        "Gain On Sale Of Ppe": 19395000.0,
        "Other Special Charges": -19395000.0,
        "Restructuring And Mergern Acquisition": NaN,
        "Earnings From Equity Interest": -55583000.0,
        "Gain On Sale Of Security": 2277747000.0,
        "Net Non Operating Interest Income Expense": -136559000.0,
        "Interest Expense Non Operating": 136559000.0,
        "Operating Income": 139892000.0,
        "Operating Expense": 1515172000.0,
        "Other Operating Expenses": 542000.0,
        "Depreciation Amortization Depletion Income Statement": 366255000.0,
        "Depreciation And Amortization In Income Statement": 366255000.0,
        "Selling General And Administration": 1148375000.0,
        "General And Administrative Expense": 1148375000.0,
        "Other Gand A": 1148375000.0,
        "Gross Profit": 1655064000.0,
        "Cost Of Revenue": 1609824000.0,
        "Total Revenue": 3264888000.0,
        "Operating Revenue": 3254964000.0
    },
    "2023-06-30": {
        "Tax Effect Of Unusual Items": NaN,
        "Tax Rate For Calcs": NaN,
        "Normalized EBITDA": NaN,
        "Total Unusual Items": NaN,
        "Total Unusual Items Excluding Goodwill": NaN,
        "Net Income From Continuing Operation Net Minority Interest": NaN,
        "Reconciled Depreciation": NaN,
        "Reconciled Cost Of Revenue": NaN,
        "EBITDA": NaN,
        "EBIT": NaN,
        "Net Interest Income": NaN,
        "Interest Expense": NaN,
        "Normalized Income": NaN,
        "Net Income From Continuing And Discontinued Operation": NaN,
        "Total Expenses": NaN,
        "Total Operating Income As Reported": NaN,
        "Diluted Average Shares": 365339000.0,
        "Basic Average Shares": 361050000.0,
        "Diluted EPS": 0.55,
        "Basic EPS": 0.56,
        "Diluted NI Availto Com Stockholders": NaN,
        "Net Income Common Stockholders": NaN,
        "Otherunder Preferred Stock Dividend": NaN,
        "Net Income": NaN,
        "Minority Interests": NaN,
        "Net Income Including Noncontrolling Interests": NaN,
        "Net Income Continuous Operations": NaN,
        "Tax Provision": NaN,
        "Pretax Income": NaN,
        "Other Income Expense": NaN,
        "Other Non Operating Income Expenses": NaN,
        "Special Income Charges": NaN,
        "Gain On Sale Of Business": -5614000.0,
        "Other Special Charges": NaN,
        "Restructuring And Mergern Acquisition": NaN,
        "Earnings From Equity Interest": NaN,
        "Net Non Operating Interest Income Expense": NaN,
        "Interest Expense Non Operating": NaN,
        "Operating Income": NaN,
        "Operating Expense": NaN,
        "Other Operating Expenses": NaN,
        "Depreciation Amortization Depletion Income Statement": NaN,
        "Depreciation And Amortization In Income Statement": NaN,
        "Research And Development": NaN,
        "Selling General And Administration": NaN,
        "General And Administrative Expense": NaN,
        "Other Gand A": NaN,
        "Gross Profit": NaN,
        "Cost Of Revenue": NaN,
        "Total Revenue": NaN,
        "Operating Revenue": NaN
    },
    "2022-03-31": {
        "Diluted EPS": -0.06,
        "Total Revenue": NaN,
        "Gross Profit": NaN,
        "Operating Income": 106,
        "EBIT": 405,
        "Net Income": -18
    },
    "2021-12-31": {
        "Diluted EPS": 0.19,
        "Total Revenue": NaN,
        "Gross Profit": NaN,
        "Operating Income": 369,
        "EBIT": 676,
        "Net Income": 168
    },
    "2021-09-30": {
        "Diluted EPS": 2.77,
        "Total Revenue": NaN,
        "Gross Profit": NaN,
        "Operating Income": NaN,
        "EBIT": NaN,
        "Net Income": NaN
    },
    "2021-06-30": {
        "Diluted EPS": 0.14,
        "Total Revenue": NaN,
        "Gross Profit": NaN,
        "Operating Income": 264,
        "EBIT": 558,
        "Net Income": 68
    },
    "2021-03-31": {
        "Diluted EPS": -0.69,
        "Total Revenue": NaN,
        "Gross Profit": 720,
        "Operating Income": -247,
        "EBIT": 54,
        "Net Income": -332
    },
    "2020-12-31": {
        "Diluted EPS": -0.91,
        "Total Revenue": NaN,
        "Gross Profit": 583,
        "Operating Income": -364,
        "EBIT": -55,
        "Net Income": -480
    },
    "2020-09-30": {
        "Diluted EPS": -1.08,
        "Total Revenue": NaN,
        "Gross Profit": 396,
        "Operating Income": -495,
        "EBIT": -192,
        "Net Income": -535
    },
    "2020-06-30": {
        "Diluted EPS": -1.67,
        "Total Revenue": 290,
        "Gross Profit": -85,
        "Operating Income": NaN,
        "EBIT": -727,
        "Net Income": -825
    },
    "2020-03-31": {
        "Diluted EPS": 1.64,
        "Total Revenue": NaN,
        "Gross Profit": 815,
        "Operating Income": NaN,
        "EBIT": NaN,
        "Net Income": 807
    },
    "2019-12-31": {
        "Diluted EPS": 3.83,
        "Total Revenue": NaN,
        "Gross Profit": NaN,
        "Operating Income": NaN,
        "EBIT": NaN,
        "Net Income": NaN
    },
    "2019-09-30": {
        "Diluted EPS": -0.08,
        "Total Revenue": NaN,
        "Gross Profit": NaN,
        "Operating Income": 238,
        "EBIT": 570,
        "Net Income": -37
    },
    "2019-06-30": {
        "Diluted EPS": 0.08,
        "Total Revenue": NaN,
        "Gross Profit": NaN,
        "Operating Income": 371,
        "EBIT": 717,
        "Net Income": 43
    },
    "2019-03-31": {
        "Diluted EPS": 0.05,
        "Total Revenue": NaN,
        "Gross Profit": NaN,
        "Operating Income": 370,
        "EBIT": 696,
        "Net Income": 31
    },
    "2018-12-31": {
        "Diluted EPS": -0.04,
        "Total Revenue": NaN,
        "Gross Profit": -539,
        "Operating Income": 336,
        "EBIT": 659,
        "Net Income": -39
    },
    "2018-09-30": {
        "Diluted EPS": 0.26,
        "Total Revenue": NaN,
        "Gross Profit": NaN,
        "Operating Income": 411,
        "EBIT": 722,
        "Net Income": 143
    },
    "2018-06-30": {
        "Diluted EPS": 0.21,
        "Total Revenue": NaN,
        "Gross Profit": NaN,
        "Operating Income": 363,
        "EBIT": 670,
        "Net Income": 118
    },
    "2018-03-31": {
        "Diluted EPS": 0.38,
        "Total Revenue": NaN,
        "Gross Profit": NaN,
        "Operating Income": 360,
        "EBIT": 638,
        "Net Income": 223
    },
    "2017-12-31": {
        "Diluted EPS": 2.36,
        "Total Revenue": NaN,
        "Gross Profit": NaN,
        "Operating Income": 223,
        "EBIT": 480,
        "Net Income": NaN
    },
    "2017-09-30": {
        "Diluted EPS": 0.26,
        "Total Revenue": NaN,
        "Gross Profit": NaN,
        "Operating Income": 493,
        "EBIT": 751,
        "Net Income": 148
    },
    "2017-06-30": {
        "Diluted EPS": 0.36,
        "Total Revenue": NaN,
        "Gross Profit": NaN,
        "Operating Income": 500,
        "EBIT": 754,
        "Net Income": 210
    },
    "2017-03-31": {
        "Diluted EPS": 0.36,
        "Total Revenue": NaN,
        "Gross Profit": NaN,
        "Operating Income": 497,
        "EBIT": 755,
        "Net Income": 206
    },
    "2016-12-31": {
        "Diluted EPS": 0.04,
        "Total Revenue": NaN,
        "Gross Profit": NaN,
        "Operating Income": 280,
        "EBIT": 522,
        "Net Income": 24
    },
    "2016-09-30": {
        "Diluted EPS": 0.93,
        "Total Revenue": NaN,
        "Gross Profit": NaN,
        "Operating Income": 713,
        "EBIT": 932,
        "Net Income": 536
    },
    "2016-06-30": {
        "Diluted EPS": 0.83,
        "Total Revenue": NaN,
        "Gross Profit": 957,
        "Operating Income": 769,
        "EBIT": 986,
        "Net Income": 474
    },
    "2016-03-31": {
        "Diluted EPS": 0.12,
        "Total Revenue": NaN,
        "Gross Profit": 908,
        "Operating Income": 316,
        "EBIT": 528,
        "Net Income": 67
    },
    "2015-12-31": {
        "Diluted EPS": -1.44,
        "Total Revenue": NaN,
        "Gross Profit": 872,
        "Operating Income": NaN,
        "EBIT": 482,
        "Net Income": -781
    },
    "2015-09-30": {
        "Diluted EPS": 0.12,
        "Total Revenue": NaN,
        "Gross Profit": 883,
        "Operating Income": 297,
        "EBIT": 517,
        "Net Income": 66
    },
    "2015-06-30": {
        "Diluted EPS": 0.17,
        "Total Revenue": NaN,
        "Gross Profit": 929,
        "Operating Income": 349,
        "EBIT": 567,
        "Net Income": 97
    },
    "2015-03-31": {
        "Diluted EPS": 0.33,
        "Total Revenue": NaN,
        "Gross Profit": 880,
        "Operating Income": 395,
        "EBIT": 611,
        "Net Income": 170
    },
    "2014-12-31": {
        "Diluted EPS": -0.69,
        "Total Revenue": NaN,
        "Gross Profit": 879,
        "Operating Income": 266,
        "EBIT": 478,
        "Net Income": -342
    },
    "2014-09-30": {
        "Diluted EPS": -0.04,
        "Total Revenue": NaN,
        "Gross Profit": 892,
        "Operating Income": 286,
        "EBIT": 498,
        "Net Income": -20
    },
    "2014-06-30": {
        "Diluted EPS": 0.22,
        "Total Revenue": NaN,
        "Gross Profit": 962,
        "Operating Income": 354,
        "EBIT": 567,
        "Net Income": 110
    },
    "2014-03-31": {
        "Diluted EPS": 0.2,
        "Total Revenue": NaN,
        "Gross Profit": 980,
        "Operating Income": 416,
        "EBIT": 634,
        "Net Income": 103
    },
    "2013-12-31": {
        "Diluted EPS": -0.12,
        "Total Revenue": NaN,
        "Gross Profit": 908,
        "Operating Income": 341,
        "EBIT": 558,
        "Net Income": -63
    },
    "2013-09-30": {
        "Diluted EPS": -0.05,
        "Total Revenue": NaN,
        "Gross Profit": 883,
        "Operating Income": 263,
        "EBIT": 484,
        "Net Income": -22
    },
    "2013-06-30": {
        "Diluted EPS": -0.19,
        "Total Revenue": NaN,
        "Gross Profit": 901,
        "Operating Income": 232,
        "EBIT": 458,
        "Net Income": -93
    },
    "2013-03-31": {
        "Diluted EPS": 0.01,
        "Total Revenue": NaN,
        "Gross Profit": 859,
        "Operating Income": 302,
        "EBIT": 522,
        "Net Income": 7
    },
    "2012-12-31": {
        "Diluted EPS": -2.51,
        "Total Revenue": NaN,
        "Gross Profit": 810,
        "Operating Income": -384,
        "EBIT": -140,
        "Net Income": NaN
    },
    "2012-09-30": {
        "Diluted EPS": -0.37,
        "Total Revenue": NaN,
        "Gross Profit": 792,
        "Operating Income": 137,
        "EBIT": 383,
        "Net Income": -181
    },
    "2012-06-30": {
        "Diluted EPS": -0.3,
        "Total Revenue": NaN,
        "Gross Profit": 848,
        "Operating Income": 175,
        "EBIT": 428,
        "Net Income": -145
    },
    "2012-03-31": {
        "Diluted EPS": -0.44,
        "Total Revenue": NaN,
        "Gross Profit": 789,
        "Operating Income": 193,
        "EBIT": 452,
        "Net Income": -217
    },
    "2011-12-31": {
        "Diluted EPS": -0.17,
        "Total Revenue": NaN,
        "Gross Profit": 792,
        "Operating Income": 91,
        "EBIT": 352,
        "Net Income": -114
    },
    "2011-09-30": {
        "Diluted EPS": -0.25,
        "Total Revenue": NaN,
        "Gross Profit": 791,
        "Operating Income": 113,
        "EBIT": 385,
        "Net Income": -124
    },
    "2011-06-30": {
        "Diluted EPS": 6.22,
        "Total Revenue": NaN,
        "Gross Profit": 675,
        "Operating Income": NaN,
        "EBIT": NaN,
        "Net Income": NaN
    },
    "2011-03-31": {
        "Diluted EPS": -0.18,
        "Total Revenue": NaN,
        "Gross Profit": 565,
        "Operating Income": 170,
        "EBIT": 346,
        "Net Income": -90
    },
    "2010-12-31": {
        "Diluted EPS": -0.25,
        "Total Revenue": NaN,
        "Gross Profit": 539,
        "Operating Income": 107,
        "EBIT": 278,
        "Net Income": -139
    },
    "2010-09-30": {
        "Diluted EPS": -0.72,
        "Total Revenue": NaN,
        "Gross Profit": 601,
        "Operating Income": -206,
        "EBIT": -23,
        "Net Income": -318
    },
    "2010-06-30": {
        "Diluted EPS": -2.0,
        "Total Revenue": NaN,
        "Gross Profit": 583,
        "Operating Income": NaN,
        "EBIT": -860,
        "Net Income": -883
    },
    "2010-03-31": {
        "Diluted EPS": -0.22,
        "Total Revenue": NaN,
        "Gross Profit": 538,
        "Operating Income": -11,
        "EBIT": 167,
        "Net Income": -97
    },
    "2009-12-31": {
        "Diluted EPS": -1.49,
        "Total Revenue": NaN,
        "Gross Profit": 550,
        "Operating Income": -487,
        "EBIT": -305,
        "Net Income": -434
    },
    "2009-09-30": {
        "Diluted EPS": -1.7,
        "Total Revenue": NaN,
        "Gross Profit": 644,
        "Operating Income": -963,
        "EBIT": -775,
        "Net Income": -750
    },
    "2009-06-30": {
        "Diluted EPS": -0.6,
        "Total Revenue": NaN,
        "Gross Profit": 631,
        "Operating Income": 131,
        "EBIT": 316,
        "Net Income": -213
    },
    "2009-03-31": {
        "Diluted EPS": 0.38,
        "Total Revenue": NaN,
        "Gross Profit": 615,
        "Operating Income": 355,
        "EBIT": 540,
        "Net Income": 105
    },
    "2023-09-30": {
        "Tax Effect Of Unusual Items": NaN,
        "Tax Rate For Calcs": NaN,
        "Normalized EBITDA": NaN,
        "Total Unusual Items": NaN,
        "Total Unusual Items Excluding Goodwill": NaN,
        "Net Income From Continuing Operation Net Minority Interest": NaN,
        "Reconciled Depreciation": NaN,
        "Reconciled Cost Of Revenue": NaN,
        "EBITDA": NaN,
        "EBIT": NaN,
        "Net Interest Income": NaN,
        "Interest Expense": NaN,
        "Normalized Income": NaN,
        "Net Income From Continuing And Discontinued Operation": NaN,
        "Total Expenses": NaN,
        "Total Operating Income As Reported": NaN,
        "Diluted Average Shares": 351390000.0,
        "Basic Average Shares": 347345000.0,
        "Diluted EPS": 0.46,
        "Basic EPS": 0.46,
        "Diluted NI Availto Com Stockholders": NaN,
        "Net Income Common Stockholders": NaN,
        "Otherunder Preferred Stock Dividend": NaN,
        "Net Income": NaN,
        "Minority Interests": NaN,
        "Net Income Including Noncontrolling Interests": NaN,
        "Net Income Continuous Operations": NaN,
        "Tax Provision": NaN,
        "Pretax Income": NaN,
        "Other Income Expense": NaN,
        "Other Non Operating Income Expenses": NaN,
        "Special Income Charges": NaN,
        "Gain On Sale Of Business": -12227000.0,
        "Other Special Charges": 68000.0,
        "Restructuring And Mergern Acquisition": 12227000.0,
        "Earnings From Equity Interest": NaN,
        "Net Non Operating Interest Income Expense": NaN,
        "Interest Expense Non Operating": NaN,
        "Operating Income": NaN,
        "Operating Expense": NaN,
        "Other Operating Expenses": NaN,
        "Depreciation Amortization Depletion Income Statement": NaN,
        "Depreciation And Amortization In Income Statement": NaN,
        "Research And Development": NaN,
        "Selling General And Administration": NaN,
        "General And Administrative Expense": NaN,
        "Other Gand A": NaN,
        "Gross Profit": NaN,
        "Cost Of Revenue": NaN,
        "Total Revenue": NaN,
        "Operating Revenue": NaN
    },
    "2023-12-31": {
        "Tax Effect Of Unusual Items": NaN,
        "Tax Rate For Calcs": NaN,
        "Normalized EBITDA": NaN,
        "Total Unusual Items": NaN,
        "Total Unusual Items Excluding Goodwill": NaN,
        "Net Income From Continuing Operation Net Minority Interest": NaN,
        "Reconciled Depreciation": NaN,
        "Reconciled Cost Of Revenue": NaN,
        "EBITDA": NaN,
        "EBIT": NaN,
        "Net Interest Income": NaN,
        "Interest Expense": NaN,
        "Normalized Income": NaN,
        "Net Income From Continuing And Discontinued Operation": NaN,
        "Total Expenses": NaN,
        "Total Operating Income As Reported": NaN,
        "Diluted Average Shares": NaN,
        "Basic Average Shares": NaN,
        "Diluted EPS": NaN,
        "Basic EPS": NaN,
        "Diluted NI Availto Com Stockholders": NaN,
        "Net Income Common Stockholders": NaN,
        "Otherunder Preferred Stock Dividend": NaN,
        "Net Income": NaN,
        "Minority Interests": NaN,
        "Net Income Including Noncontrolling Interests": NaN,
        "Net Income Continuous Operations": NaN,
        "Tax Provision": NaN,
        "Pretax Income": NaN,
        "Other Income Expense": NaN,
        "Other Non Operating Income Expenses": NaN,
        "Special Income Charges": NaN,
        "Gain On Sale Of Business": 20552000.0,
        "Other Special Charges": 28333000.0,
        "Restructuring And Mergern Acquisition": 378235000.0,
        "Earnings From Equity Interest": NaN,
        "Net Non Operating Interest Income Expense": NaN,
        "Interest Expense Non Operating": NaN,
        "Operating Income": NaN,
        "Operating Expense": NaN,
        "Other Operating Expenses": NaN,
        "Depreciation Amortization Depletion Income Statement": NaN,
        "Depreciation And Amortization In Income Statement": NaN,
        "Research And Development": NaN,
        "Selling General And Administration": NaN,
        "General And Administrative Expense": NaN,
        "Other Gand A": NaN,
        "Gross Profit": NaN,
        "Cost Of Revenue": NaN,
        "Total Revenue": NaN,
        "Operating Revenue": NaN
    },
    "2024-03-31": {
        "Tax Effect Of Unusual Items": NaN,
        "Tax Rate For Calcs": NaN,
        "Normalized EBITDA": NaN,
        "Total Unusual Items": NaN,
        "Total Unusual Items Excluding Goodwill": NaN,
        "Net Income From Continuing Operation Net Minority Interest": NaN,
        "Reconciled Depreciation": NaN,
        "Reconciled Cost Of Revenue": NaN,
        "EBITDA": NaN,
        "EBIT": NaN,
        "Net Interest Income": NaN,
        "Interest Expense": NaN,
        "Normalized Income": NaN,
        "Net Income From Continuing And Discontinued Operation": NaN,
        "Total Expenses": NaN,
        "Total Operating Income As Reported": NaN,
        "Diluted Average Shares": NaN,
        "Basic Average Shares": NaN,
        "Diluted EPS": NaN,
        "Basic EPS": NaN,
        "Diluted NI Availto Com Stockholders": NaN,
        "Net Income Common Stockholders": NaN,
        "Otherunder Preferred Stock Dividend": NaN,
        "Net Income": NaN,
        "Minority Interests": NaN,
        "Net Income Including Noncontrolling Interests": NaN,
        "Net Income Continuous Operations": NaN,
        "Tax Provision": NaN,
        "Pretax Income": NaN,
        "Other Income Expense": NaN,
        "Other Non Operating Income Expenses": NaN,
        "Special Income Charges": NaN,
        "Gain On Sale Of Business": -17154000.0,
        "Other Special Charges": NaN,
        "Impairment Of Capital Assets": NaN,
        "Restructuring And Mergern Acquisition": 17154000.0,
        "Earnings From Equity Interest": NaN,
        "Net Non Operating Interest Income Expense": NaN,
        "Interest Expense Non Operating": NaN,
        "Operating Income": NaN,
        "Operating Expense": NaN,
        "Other Operating Expenses": NaN,
        "Depreciation Amortization Depletion Income Statement": NaN,
        "Depreciation And Amortization In Income Statement": NaN,
        "Research And Development": 1095000.0,
        "Selling General And Administration": NaN,
        "General And Administrative Expense": NaN,
        "Other Gand A": NaN,
        "Gross Profit": NaN,
        "Cost Of Revenue": NaN,
        "Total Revenue": NaN,
        "Operating Revenue": NaN
    },
    "2024-06-30": {
        "Tax Effect Of Unusual Items": NaN,
        "Tax Rate For Calcs": NaN,
        "Normalized EBITDA": NaN,
        "Total Unusual Items": -855000.0,
        "Total Unusual Items Excluding Goodwill": -855000.0,
        "Net Income From Continuing Operation Net Minority Interest": NaN,
        "Reconciled Depreciation": NaN,
        "Reconciled Cost Of Revenue": NaN,
        "EBITDA": NaN,
        "EBIT": NaN,
        "Net Interest Income": NaN,
        "Interest Expense": NaN,
        "Normalized Income": NaN,
        "Net Income From Continuing And Discontinued Operation": NaN,
        "Total Expenses": NaN,
        "Total Operating Income As Reported": NaN,
        "Diluted Average Shares": NaN,
        "Basic Average Shares": NaN,
        "Diluted EPS": NaN,
        "Basic EPS": NaN,
        "Diluted NI Availto Com Stockholders": NaN,
        "Net Income Common Stockholders": NaN,
        "Otherunder Preferred Stock Dividend": NaN,
        "Net Income": NaN,
        "Minority Interests": NaN,
        "Net Income Including Noncontrolling Interests": NaN,
        "Net Income Continuous Operations": NaN,
        "Tax Provision": NaN,
        "Pretax Income": NaN,
        "Other Income Expense": NaN,
        "Other Non Operating Income Expenses": NaN,
        "Special Income Charges": -855000.0,
        "Other Special Charges": 855000.0,
        "Impairment Of Capital Assets": NaN,
        "Restructuring And Mergern Acquisition": 16477000.0,
        "Earnings From Equity Interest": NaN,
        "Net Non Operating Interest Income Expense": NaN,
        "Interest Expense Non Operating": NaN,
        "Operating Income": NaN,
        "Operating Expense": NaN,
        "Other Operating Expenses": NaN,
        "Depreciation Amortization Depletion Income Statement": NaN,
        "Depreciation And Amortization In Income Statement": NaN,
        "Selling General And Administration": NaN,
        "General And Administrative Expense": NaN,
        "Other Gand A": NaN,
        "Gross Profit": NaN,
        "Cost Of Revenue": NaN,
        "Total Revenue": NaN,
        "Operating Revenue": NaN
    },
    "2024-09-30": {
        "Tax Effect Of Unusual Items": -91863.0,
        "Tax Rate For Calcs": 0.177,
        "Normalized EBITDA": 642456000.0,
        "Total Unusual Items": -519000.0,
        "Total Unusual Items Excluding Goodwill": -519000.0,
        "Net Income From Continuing Operation Net Minority Interest": 184578000.0,
        "Reconciled Depreciation": 233330000.0,
        "Reconciled Cost Of Revenue": 2315159000.0,
        "EBITDA": 641937000.0,
        "EBIT": 408607000.0,
        "Net Interest Income": -111873000.0,
        "Interest Expense": 111873000.0,
        "Normalized Income": 185005137.0,
        "Net Income From Continuing And Discontinued Operation": 184578000.0,
        "Total Expenses": 3850258000.0,
        "Total Operating Income As Reported": 314857000.0,
        "Diluted Average Shares": 303479000.0,
        "Basic Average Shares": 300499000.0,
        "Diluted EPS": 0.61,
        "Basic EPS": 0.61,
        "Diluted NI Availto Com Stockholders": 184362000.0,
        "Net Income Common Stockholders": 184362000.0,
        "Otherunder Preferred Stock Dividend": 216000.0,
        "Net Income": 184578000.0,
        "Minority Interests": -59586000.0,
        "Net Income Including Noncontrolling Interests": 244164000.0,
        "Net Income Continuous Operations": 244164000.0,
        "Tax Provision": 52570000.0,
        "Pretax Income": 296734000.0,
        "Other Income Expense": 75727000.0,
        "Other Non Operating Income Expenses": 67840000.0,
        "Special Income Charges": -519000.0,
        "Other Special Charges": 519000.0,
        "Impairment Of Capital Assets": NaN,
        "Restructuring And Mergern Acquisition": 25493000.0,
        "Earnings From Equity Interest": 8406000.0,
        "Net Non Operating Interest Income Expense": -111873000.0,
        "Interest Expense Non Operating": 111873000.0,
        "Operating Income": 332880000.0,
        "Operating Expense": 1535099000.0,
        "Other Operating Expenses": 125043000.0,
        "Depreciation Amortization Depletion Income Statement": 233330000.0,
        "Depreciation And Amortization In Income Statement": 233330000.0,
        "Selling General And Administration": 1176726000.0,
        "General And Administrative Expense": 1176726000.0,
        "Other Gand A": 1176726000.0,
        "Gross Profit": 1867979000.0,
        "Cost Of Revenue": 2315159000.0,
        "Total Revenue": 4183138000.0,
        "Operating Revenue": 4183138000.0
    },
    "2024-12-31": {
        "Tax Effect Of Unusual Items": 518490.0,
        "Tax Rate For Calcs": 0.21,
        "Normalized EBITDA": 521025000.0,
        "Total Unusual Items": 2469000.0,
        "Total Unusual Items Excluding Goodwill": 2469000.0,
        "Net Income From Continuing Operation Net Minority Interest": 157432000.0,
        "Reconciled Depreciation": 209229000.0,
        "Reconciled Cost Of Revenue": 2394392000.0,
        "EBITDA": 523494000.0,
        "EBIT": 314265000.0,
        "Net Interest Income": -108581000.0,
        "Interest Expense": 108581000.0,
        "Normalized Income": 155481490.0,
        "Net Income From Continuing And Discontinued Operation": 157432000.0,
        "Total Expenses": 3987968000.0,
        "Total Operating Income As Reported": 291565000.0,
        "Diluted Average Shares": 299447000.0,
        "Basic Average Shares": 297642000.0,
        "Diluted EPS": 0.52,
        "Basic EPS": 0.52,
        "Diluted NI Availto Com Stockholders": 154512000.0,
        "Net Income Common Stockholders": 154512000.0,
        "Otherunder Preferred Stock Dividend": 2920000.0,
        "Net Income": 157432000.0,
        "Minority Interests": -80484000.0,
        "Net Income Including Noncontrolling Interests": 237916000.0,
        "Net Income Continuous Operations": 237916000.0,
        "Tax Provision": -32232000.0,
        "Pretax Income": 205684000.0,
        "Other Income Expense": -44329000.0,
        "Other Non Operating Income Expenses": -4687000.0,
        "Special Income Charges": 2469000.0,
        "Other Special Charges": 86819000.0,
        "Impairment Of Capital Assets": NaN,
        "Restructuring And Mergern Acquisition": NaN,
        "Earnings From Equity Interest": -42111000.0,
        "Net Non Operating Interest Income Expense": -108581000.0,
        "Interest Expense Non Operating": 108581000.0,
        "Operating Income": 358594000.0,
        "Operating Expense": 1593576000.0,
        "Other Operating Expenses": 141410000.0,
        "Depreciation Amortization Depletion Income Statement": 209229000.0,
        "Depreciation And Amortization In Income Statement": 209229000.0,
        "Selling General And Administration": 1242937000.0,
        "General And Administrative Expense": 1242937000.0,
        "Other Gand A": 1242937000.0,
        "Gross Profit": 1952170000.0,
        "Cost Of Revenue": 2394392000.0,
        "Total Revenue": 4346562000.0,
        "Operating Revenue": 4346562000.0
    },
    "2025-03-31": {
        "Tax Effect Of Unusual Items": 0.0,
        "Tax Rate For Calcs": 0.15,
        "Normalized EBITDA": 610497000.0,
        "Total Unusual Items": NaN,
        "Total Unusual Items Excluding Goodwill": NaN,
        "Net Income From Continuing Operation Net Minority Interest": 148554000.0,
        "Reconciled Depreciation": 236444000.0,
        "Reconciled Cost Of Revenue": 2319883000.0,
        "EBITDA": 610497000.0,
        "EBIT": 374053000.0,
        "Net Interest Income": -107269000.0,
        "Interest Expense": 107269000.0,
        "Normalized Income": 148554000.0,
        "Net Income From Continuing And Discontinued Operation": 148554000.0,
        "Total Expenses": 3863576000.0,
        "Total Operating Income As Reported": 385057000.0,
        "Diluted Average Shares": 289096000.0,
        "Basic Average Shares": 287125000.0,
        "Diluted EPS": 0.51,
        "Basic EPS": 0.52,
        "Diluted NI Availto Com Stockholders": 148513000.0,
        "Net Income Common Stockholders": 148513000.0,
        "Otherunder Preferred Stock Dividend": 41000.0,
        "Net Income": 148554000.0,
        "Minority Interests": -78177000.0,
        "Net Income Including Noncontrolling Interests": 226731000.0,
        "Net Income Continuous Operations": 226731000.0,
        "Tax Provision": 40053000.0,
        "Pretax Income": 266784000.0,
        "Other Income Expense": -39453000.0,
        "Other Non Operating Income Expenses": -26819000.0,
        "Special Income Charges": NaN,
        "Other Special Charges": NaN,
        "Impairment Of Capital Assets": NaN,
        "Restructuring And Mergern Acquisition": NaN,
        "Earnings From Equity Interest": -12634000.0,
        "Net Non Operating Interest Income Expense": -107269000.0,
        "Interest Expense Non Operating": 107269000.0,
        "Operating Income": 413506000.0,
        "Operating Expense": 1543693000.0,
        "Other Operating Expenses": 142351000.0,
        "Depreciation Amortization Depletion Income Statement": 236444000.0,
        "Depreciation And Amortization In Income Statement": 236444000.0,
        "Selling General And Administration": 1164898000.0,
        "General And Administrative Expense": 1164898000.0,
        "Other Gand A": 1164898000.0,
        "Gross Profit": 1957199000.0,
        "Cost Of Revenue": 2319883000.0,
        "Total Revenue": 4277082000.0,
        "Operating Revenue": 4277082000.0
    },
    "2025-06-30": {
        "Tax Effect Of Unusual Items": -99333.0,
        "Tax Rate For Calcs": 0.117,
        "Normalized EBITDA": 482164000.0,
        "Total Unusual Items": -849000.0,
        "Total Unusual Items Excluding Goodwill": -849000.0,
        "Net Income From Continuing Operation Net Minority Interest": 48951000.0,
        "Reconciled Depreciation": 241975000.0,
        "Reconciled Cost Of Revenue": 2445429000.0,
        "EBITDA": 481315000.0,
        "EBIT": 239340000.0,
        "Net Interest Income": -105584000.0,
        "Interest Expense": 105584000.0,
        "Normalized Income": 49700667.0,
        "Net Income From Continuing And Discontinued Operation": 48951000.0,
        "Total Expenses": 4025191000.0,
        "Total Operating Income As Reported": 404565000.0,
        "Diluted Average Shares": 275615000.0,
        "Basic Average Shares": 273329000.0,
        "Diluted EPS": 0.18,
        "Basic EPS": 0.18,
        "Diluted NI Availto Com Stockholders": 48982000.0,
        "Net Income Common Stockholders": 48982000.0,
        "Otherunder Preferred Stock Dividend": -31000.0,
        "Net Income": 48951000.0,
        "Minority Interests": -69143000.0,
        "Net Income Including Noncontrolling Interests": 118094000.0,
        "Net Income Continuous Operations": 118094000.0,
        "Tax Provision": 15662000.0,
        "Pretax Income": 133756000.0,
        "Other Income Expense": -140339000.0,
        "Other Non Operating Income Expenses": -161295000.0,
        "Special Income Charges": -849000.0,
        "Other Special Charges": 849000.0,
        "Impairment Of Capital Assets": NaN,
        "Restructuring And Mergern Acquisition": NaN,
        "Earnings From Equity Interest": 21805000.0,
        "Net Non Operating Interest Income Expense": -105584000.0,
        "Interest Expense Non Operating": 105584000.0,
        "Operating Income": 379679000.0,
        "Operating Expense": 1579762000.0,
        "Other Operating Expenses": 124096000.0,
        "Depreciation Amortization Depletion Income Statement": 241975000.0,
        "Depreciation And Amortization In Income Statement": 241975000.0,
        "Selling General And Administration": 1213691000.0,
        "General And Administrative Expense": 1213691000.0,
        "Other Gand A": 1213691000.0,
        "Gross Profit": 1959441000.0,
        "Cost Of Revenue": 2445429000.0,
        "Total Revenue": 4404870000.0,
        "Operating Revenue": 4404870000.0
    },
    "2025-09-30": {
        "Tax Effect Of Unusual Items": -15113676.0,
        "Tax Rate For Calcs": 0.059,
        "Normalized EBITDA": 399581000.0,
        "Total Unusual Items": -256164000.0,
        "Total Unusual Items Excluding Goodwill": -256164000.0,
        "Net Income From Continuing Operation Net Minority Interest": -285255000.0,
        "Reconciled Depreciation": 260717000.0,
        "Reconciled Cost Of Revenue": 2404867000.0,
        "EBITDA": 143417000.0,
        "EBIT": -117300000.0,
        "Net Interest Income": -102287000.0,
        "Interest Expense": 102287000.0,
        "Normalized Income": -44204676.0,
        "Net Income From Continuing And Discontinued Operation": -285255000.0,
        "Total Expenses": 4031019000.0,
        "Total Operating Income As Reported": -112852000.0,
        "Diluted Average Shares": 272517000.0,
        "Basic Average Shares": 272517000.0,
        "Diluted EPS": -1.05,
        "Basic EPS": -1.05,
        "Diluted NI Availto Com Stockholders": -285632000.0,
        "Net Income Common Stockholders": -285632000.0,
        "Otherunder Preferred Stock Dividend": 377000.0,
        "Net Income": -285255000.0,
        "Minority Interests": -78526000.0,
        "Net Income Including Noncontrolling Interests": -206729000.0,
        "Net Income Continuous Operations": -206729000.0,
        "Tax Provision": -12858000.0,
        "Pretax Income": -219587000.0,
        "Other Income Expense": -336745000.0,
        "Other Non Operating Income Expenses": -112165000.0,
        "Special Income Charges": -256164000.0,
        "Other Special Charges": 31000.0,
        "Impairment Of Capital Assets": 256133000.0,
        "Restructuring And Mergern Acquisition": NaN,
        "Earnings From Equity Interest": 31584000.0,
        "Net Non Operating Interest Income Expense": -102287000.0,
        "Interest Expense Non Operating": 102287000.0,
        "Operating Income": 219445000.0,
        "Operating Expense": 1626152000.0,
        "Other Operating Expenses": 125257000.0,
        "Depreciation Amortization Depletion Income Statement": 260717000.0,
        "Depreciation And Amortization In Income Statement": 260717000.0,
        "Selling General And Administration": 1240178000.0,
        "General And Administrative Expense": 1240178000.0,
        "Other Gand A": 1240178000.0,
        "Gross Profit": 1845597000.0,
        "Cost Of Revenue": 2404867000.0,
        "Total Revenue": 4250464000.0,
        "Operating Revenue": 4250464000.0
    }
}