{
    "2023-03-31": {
        "Tax Effect Of Unusual Items": NaN,
        "Tax Rate For Calcs": NaN,
        "Normalized EBITDA": NaN,
        "Total Unusual Items": NaN,
        "Total Unusual Items Excluding Goodwill": NaN,
        "Net Income From Continuing Operation Net Minority Interest": NaN,
        "Reconciled Depreciation": NaN,
        "Reconciled Cost Of Revenue": NaN,
        "EBITDA": NaN,
        "EBIT": NaN,
        "Net Interest Income": NaN,
        "Interest Expense": NaN,
        "Interest Income": NaN,
        "Normalized Income": NaN,
        "Net Income From Continuing And Discontinued Operation": NaN,
        "Total Expenses": NaN,
        "Total Operating Income As Reported": NaN,
        "Diluted Average Shares": NaN,
        "Basic Average Shares": NaN,
        "Diluted EPS": NaN,
        "Basic EPS": NaN,
        "Diluted NI Availto Com Stockholders": NaN,
        "Net Income Common Stockholders": NaN,
        "Net Income": NaN,
        "Net Income Including Noncontrolling Interests": NaN,
        "Net Income Continuous Operations": NaN,
        "Pretax Income": NaN,
        "Other Income Expense": NaN,
        "Other Non Operating Income Expenses": 54000.0,
        "Special Income Charges": NaN,
        "Gain On Sale Of Ppe": NaN,
        "Gain On Sale Of Security": NaN,
        "Net Non Operating Interest Income Expense": NaN,
        "Interest Expense Non Operating": NaN,
        "Interest Income Non Operating": NaN,
        "Operating Income": NaN,
        "Operating Expense": NaN,
        "Research And Development": NaN,
        "Selling General And Administration": NaN,
        "General And Administrative Expense": NaN,
        "Other Gand A": NaN,
        "Gross Profit": NaN,
        "Cost Of Revenue": NaN,
        "Total Revenue": NaN,
        "Operating Revenue": NaN
    },
    "2022-12-31": {
        "Tax Effect Of Unusual Items": NaN,
        "Tax Rate For Calcs": NaN,
        "Normalized EBITDA": NaN,
        "Total Unusual Items": NaN,
        "Total Unusual Items Excluding Goodwill": NaN,
        "Net Income From Continuing Operation Net Minority Interest": NaN,
        "Reconciled Depreciation": NaN,
        "EBITDA": NaN,
        "EBIT": NaN,
        "Net Interest Income": NaN,
        "Interest Expense": NaN,
        "Interest Income": NaN,
        "Normalized Income": NaN,
        "Net Income From Continuing And Discontinued Operation": NaN,
        "Total Expenses": NaN,
        "Total Operating Income As Reported": NaN,
        "Diluted Average Shares": NaN,
        "Basic Average Shares": NaN,
        "Diluted EPS": NaN,
        "Basic EPS": NaN,
        "Diluted NI Availto Com Stockholders": NaN,
        "Net Income Common Stockholders": NaN,
        "Net Income": NaN,
        "Net Income Including Noncontrolling Interests": NaN,
        "Net Income Continuous Operations": NaN,
        "Pretax Income": NaN,
        "Other Income Expense": NaN,
        "Other Non Operating Income Expenses": -254000.0,
        "Special Income Charges": NaN,
        "Gain On Sale Of Ppe": NaN,
        "Gain On Sale Of Security": NaN,
        "Net Non Operating Interest Income Expense": NaN,
        "Interest Expense Non Operating": NaN,
        "Interest Income Non Operating": NaN,
        "Operating Income": NaN,
        "Operating Expense": NaN,
        "Research And Development": NaN,
        "Selling General And Administration": NaN,
        "General And Administrative Expense": NaN,
        "Other Gand A": NaN,
        "Total Revenue": NaN,
        "Operating Revenue": NaN
    },
    "2022-09-30": {
        "Tax Effect Of Unusual Items": NaN,
        "Tax Rate For Calcs": NaN,
        "Normalized EBITDA": NaN,
        "Total Unusual Items": NaN,
        "Total Unusual Items Excluding Goodwill": NaN,
        "Net Income From Continuing Operation Net Minority Interest": NaN,
        "Reconciled Depreciation": NaN,
        "EBITDA": NaN,
        "EBIT": NaN,
        "Net Interest Income": NaN,
        "Interest Expense": NaN,
        "Interest Income": NaN,
        "Normalized Income": NaN,
        "Net Income From Continuing And Discontinued Operation": NaN,
        "Total Expenses": NaN,
        "Total Operating Income As Reported": NaN,
        "Diluted Average Shares": 44687635.0,
        "Basic Average Shares": 44687635.0,
        "Diluted EPS": -0.83,
        "Basic EPS": -0.83,
        "Diluted NI Availto Com Stockholders": NaN,
        "Net Income Common Stockholders": NaN,
        "Net Income": NaN,
        "Net Income Including Noncontrolling Interests": NaN,
        "Net Income Continuous Operations": NaN,
        "Pretax Income": NaN,
        "Other Income Expense": NaN,
        "Other Non Operating Income Expenses": -34000.0,
        "Special Income Charges": -34000.0,
        "Gain On Sale Of Ppe": NaN,
        "Restructuring And Mergern Acquisition": 34000.0,
        "Gain On Sale Of Security": NaN,
        "Net Non Operating Interest Income Expense": NaN,
        "Interest Expense Non Operating": NaN,
        "Interest Income Non Operating": NaN,
        "Operating Income": NaN,
        "Operating Expense": NaN,
        "Research And Development": NaN,
        "Selling General And Administration": NaN,
        "General And Administrative Expense": NaN,
        "Other Gand A": NaN,
        "Total Revenue": NaN,
        "Operating Revenue": NaN
    },
    "2022-06-30": {
        "Tax Effect Of Unusual Items": 0.0,
        "Tax Rate For Calcs": 0.0,
        "Normalized EBITDA": -21632000.0,
        "Total Unusual Items": -10174000.0,
        "Total Unusual Items Excluding Goodwill": -10174000.0,
        "Net Income From Continuing Operation Net Minority Interest": -33973000.0,
        "Reconciled Depreciation": 2085000.0,
        "EBITDA": -31806000.0,
        "EBIT": -33891000.0,
        "Net Interest Income": -41000.0,
        "Interest Expense": 82000.0,
        "Interest Income": 41000.0,
        "Normalized Income": -23799000.0,
        "Net Income From Continuing And Discontinued Operation": -33973000.0,
        "Total Expenses": 34517000.0,
        "Total Operating Income As Reported": -23758000.0,
        "Diluted Average Shares": 44668240.0,
        "Basic Average Shares": 44668240.0,
        "Diluted EPS": -0.76,
        "Basic EPS": -0.76,
        "Diluted NI Availto Com Stockholders": -33973000.0,
        "Net Income Common Stockholders": -33973000.0,
        "Net Income": -33973000.0,
        "Net Income Including Noncontrolling Interests": -33973000.0,
        "Net Income Continuous Operations": -33973000.0,
        "Pretax Income": -33973000.0,
        "Other Income Expense": -10174000.0,
        "Other Non Operating Income Expenses": 252000.0,
        "Special Income Charges": 252000.0,
        "Restructuring And Mergern Acquisition": -252000.0,
        "Gain On Sale Of Security": -10426000.0,
        "Net Non Operating Interest Income Expense": -41000.0,
        "Interest Expense Non Operating": 82000.0,
        "Interest Income Non Operating": 41000.0,
        "Operating Income": -23758000.0,
        "Operating Expense": 34517000.0,
        "Research And Development": 23999000.0,
        "Selling General And Administration": 10518000.0,
        "General And Administrative Expense": 10518000.0,
        "Other Gand A": 10518000.0,
        "Total Revenue": 10759000.0,
        "Operating Revenue": 10759000.0
    },
    "2022-03-31": {
        "Diluted EPS": -0.7,
        "Total Revenue": 6,
        "Gross Profit": 6,
        "Operating Income": -29,
        "EBIT": -27,
        "Net Income": -31
    },
    "2021-12-31": {
        "Diluted EPS": -0.21,
        "Total Revenue": 21,
        "Gross Profit": 21,
        "Operating Income": -8,
        "EBIT": -6,
        "Net Income": -10
    },
    "2021-09-30": {
        "Diluted EPS": -0.59,
        "Total Revenue": 7,
        "Gross Profit": 7,
        "Operating Income": -23,
        "EBIT": -20,
        "Net Income": -26
    },
    "2021-06-30": {
        "Diluted EPS": -0.46,
        "Total Revenue": 5,
        "Gross Profit": 5,
        "Operating Income": -20,
        "EBIT": -18,
        "Net Income": -20
    },
    "2021-03-31": {
        "Diluted EPS": -0.54,
        "Total Revenue": 5,
        "Gross Profit": 5,
        "Operating Income": -22,
        "EBIT": -20,
        "Net Income": -24
    },
    "2020-12-31": {
        "Diluted EPS": -0.25,
        "Total Revenue": 4,
        "Gross Profit": 4,
        "Operating Income": -13,
        "EBIT": -12,
        "Net Income": -10
    },
    "2020-09-30": {
        "Diluted EPS": -0.17,
        "Total Revenue": 5,
        "Gross Profit": 5,
        "Operating Income": -8,
        "EBIT": -7,
        "Net Income": -6
    },
    "2020-06-30": {
        "Diluted EPS": -0.69,
        "Total Revenue": 2,
        "Gross Profit": 2,
        "Operating Income": -25,
        "EBIT": -24,
        "Net Income": -25
    },
    "2020-03-31": {
        "Diluted EPS": -0.43,
        "Total Revenue": 4,
        "Gross Profit": 4,
        "Operating Income": -16,
        "EBIT": -15,
        "Net Income": -16
    },
    "2019-12-31": {
        "Diluted EPS": -0.1,
        "Total Revenue": 7,
        "Gross Profit": 7,
        "Operating Income": -5,
        "EBIT": -5,
        "Net Income": -5
    },
    "2019-09-30": {
        "Diluted EPS": -0.3,
        "Total Revenue": 4,
        "Gross Profit": 4,
        "Operating Income": -11,
        "EBIT": -10,
        "Net Income": -10
    },
    "2019-06-30": {
        "Diluted EPS": -0.63,
        "Total Revenue": 2,
        "Gross Profit": 2,
        "Operating Income": -21,
        "EBIT": -21,
        "Net Income": -21
    },
    "2019-03-31": {
        "Diluted EPS": -0.62,
        "Total Revenue": 1,
        "Gross Profit": 1,
        "Operating Income": -21,
        "EBIT": -20,
        "Net Income": -18
    },
    "2018-12-31": {
        "Diluted EPS": 0.32,
        "Total Revenue": NaN,
        "Gross Profit": NaN,
        "Operating Income": -20,
        "EBIT": -20,
        "Net Income": -21
    },
    "2018-09-30": {
        "Diluted EPS": -0.59,
        "Total Revenue": NaN,
        "Gross Profit": NaN,
        "Operating Income": -15,
        "EBIT": -14,
        "Net Income": -15
    },
    "2018-06-30": {
        "Diluted EPS": -2.29,
        "Total Revenue": NaN,
        "Gross Profit": NaN,
        "Operating Income": -25,
        "EBIT": -25,
        "Net Income": -31
    },
    "2018-03-31": {
        "Diluted EPS": -1.91,
        "Total Revenue": NaN,
        "Gross Profit": NaN,
        "Operating Income": -18,
        "EBIT": -18,
        "Net Income": -17
    },
    "2017-12-31": {
        "Diluted EPS": -1.06,
        "Total Revenue": NaN,
        "Gross Profit": NaN,
        "Operating Income": -8,
        "EBIT": -8,
        "Net Income": -9
    },
    "2017-09-30": {
        "Diluted EPS": -1.0,
        "Total Revenue": NaN,
        "Gross Profit": NaN,
        "Operating Income": -9,
        "EBIT": -9,
        "Net Income": -9
    },
    "2017-06-30": {
        "Diluted EPS": -0.85,
        "Total Revenue": NaN,
        "Gross Profit": NaN,
        "Operating Income": -8,
        "EBIT": -7,
        "Net Income": -7
    },
    "2017-03-31": {
        "Diluted EPS": -0.81,
        "Total Revenue": NaN,
        "Gross Profit": NaN,
        "Operating Income": -7,
        "EBIT": -7,
        "Net Income": -7
    },
    "2016-12-31": {
        "Diluted EPS": 0.0,
        "Total Revenue": NaN,
        "Gross Profit": NaN,
        "Operating Income": NaN,
        "EBIT": NaN,
        "Net Income": NaN
    },
    "2023-06-30": {
        "Tax Effect Of Unusual Items": NaN,
        "Tax Rate For Calcs": NaN,
        "Normalized EBITDA": NaN,
        "Total Unusual Items": NaN,
        "Total Unusual Items Excluding Goodwill": NaN,
        "Net Income From Continuing Operation Net Minority Interest": NaN,
        "Reconciled Depreciation": NaN,
        "Reconciled Cost Of Revenue": NaN,
        "EBITDA": NaN,
        "EBIT": NaN,
        "Net Interest Income": NaN,
        "Interest Expense": NaN,
        "Interest Income": NaN,
        "Normalized Income": NaN,
        "Net Income From Continuing And Discontinued Operation": NaN,
        "Total Expenses": NaN,
        "Total Operating Income As Reported": NaN,
        "Diluted Average Shares": 55349534.0,
        "Basic Average Shares": 55349534.0,
        "Diluted EPS": -0.53,
        "Basic EPS": -0.53,
        "Diluted NI Availto Com Stockholders": NaN,
        "Net Income Common Stockholders": NaN,
        "Net Income": NaN,
        "Net Income Including Noncontrolling Interests": NaN,
        "Net Income Continuous Operations": NaN,
        "Pretax Income": NaN,
        "Other Income Expense": NaN,
        "Other Non Operating Income Expenses": -1000.0,
        "Special Income Charges": NaN,
        "Gain On Sale Of Ppe": NaN,
        "Gain On Sale Of Security": NaN,
        "Net Non Operating Interest Income Expense": NaN,
        "Interest Expense Non Operating": NaN,
        "Interest Income Non Operating": NaN,
        "Operating Income": NaN,
        "Operating Expense": NaN,
        "Research And Development": NaN,
        "Selling General And Administration": NaN,
        "General And Administrative Expense": NaN,
        "Other Gand A": NaN,
        "Gross Profit": NaN,
        "Cost Of Revenue": NaN,
        "Total Revenue": NaN,
        "Operating Revenue": NaN
    },
    "2023-09-30": {
        "Tax Effect Of Unusual Items": NaN,
        "Tax Rate For Calcs": NaN,
        "Normalized EBITDA": NaN,
        "Total Unusual Items": NaN,
        "Total Unusual Items Excluding Goodwill": NaN,
        "Net Income From Continuing Operation Net Minority Interest": NaN,
        "Reconciled Depreciation": NaN,
        "Reconciled Cost Of Revenue": 0.0,
        "EBITDA": NaN,
        "EBIT": NaN,
        "Net Interest Income": NaN,
        "Interest Expense": NaN,
        "Interest Income": NaN,
        "Normalized Income": NaN,
        "Net Income From Continuing And Discontinued Operation": NaN,
        "Total Expenses": NaN,
        "Total Operating Income As Reported": NaN,
        "Diluted Average Shares": 59526642.0,
        "Basic Average Shares": 59526642.0,
        "Diluted EPS": -0.74,
        "Basic EPS": -0.74,
        "Diluted NI Availto Com Stockholders": NaN,
        "Net Income Common Stockholders": NaN,
        "Net Income": NaN,
        "Net Income Including Noncontrolling Interests": NaN,
        "Net Income Continuous Operations": NaN,
        "Pretax Income": NaN,
        "Other Income Expense": NaN,
        "Other Non Operating Income Expenses": NaN,
        "Special Income Charges": NaN,
        "Gain On Sale Of Ppe": NaN,
        "Gain On Sale Of Security": NaN,
        "Net Non Operating Interest Income Expense": NaN,
        "Interest Expense Non Operating": NaN,
        "Interest Income Non Operating": NaN,
        "Operating Income": NaN,
        "Operating Expense": NaN,
        "Research And Development": NaN,
        "Selling General And Administration": NaN,
        "General And Administrative Expense": NaN,
        "Other Gand A": NaN,
        "Gross Profit": 5103000.0,
        "Cost Of Revenue": 0.0,
        "Total Revenue": NaN,
        "Operating Revenue": NaN
    },
    "2023-12-31": {
        "Tax Effect Of Unusual Items": NaN,
        "Tax Rate For Calcs": NaN,
        "Normalized EBITDA": NaN,
        "Total Unusual Items": NaN,
        "Total Unusual Items Excluding Goodwill": NaN,
        "Net Income From Continuing Operation Net Minority Interest": NaN,
        "Reconciled Depreciation": NaN,
        "Reconciled Cost Of Revenue": NaN,
        "EBITDA": NaN,
        "EBIT": NaN,
        "Net Interest Income": NaN,
        "Interest Expense": NaN,
        "Interest Income": NaN,
        "Normalized Income": NaN,
        "Net Income From Continuing And Discontinued Operation": NaN,
        "Total Expenses": NaN,
        "Total Operating Income As Reported": NaN,
        "Diluted Average Shares": NaN,
        "Basic Average Shares": NaN,
        "Diluted EPS": NaN,
        "Basic EPS": NaN,
        "Diluted NI Availto Com Stockholders": NaN,
        "Net Income Common Stockholders": NaN,
        "Net Income": NaN,
        "Net Income Including Noncontrolling Interests": NaN,
        "Net Income Continuous Operations": NaN,
        "Pretax Income": NaN,
        "Other Income Expense": NaN,
        "Other Non Operating Income Expenses": 446000.0,
        "Special Income Charges": NaN,
        "Gain On Sale Of Ppe": NaN,
        "Gain On Sale Of Security": NaN,
        "Net Non Operating Interest Income Expense": NaN,
        "Interest Expense Non Operating": NaN,
        "Interest Income Non Operating": NaN,
        "Operating Income": NaN,
        "Operating Expense": NaN,
        "Research And Development": NaN,
        "Selling General And Administration": NaN,
        "General And Administrative Expense": NaN,
        "Other Gand A": NaN,
        "Gross Profit": NaN,
        "Cost Of Revenue": NaN,
        "Total Revenue": NaN,
        "Operating Revenue": NaN
    },
    "2024-03-31": {
        "Tax Effect Of Unusual Items": NaN,
        "Tax Rate For Calcs": NaN,
        "Normalized EBITDA": NaN,
        "Total Unusual Items": NaN,
        "Total Unusual Items Excluding Goodwill": NaN,
        "Net Income From Continuing Operation Net Minority Interest": NaN,
        "Reconciled Depreciation": NaN,
        "Reconciled Cost Of Revenue": NaN,
        "EBITDA": NaN,
        "EBIT": NaN,
        "Net Interest Income": NaN,
        "Interest Expense": NaN,
        "Interest Income": NaN,
        "Normalized Income": NaN,
        "Net Income From Continuing And Discontinued Operation": NaN,
        "Total Expenses": NaN,
        "Total Operating Income As Reported": NaN,
        "Diluted Average Shares": 64065895.0,
        "Basic Average Shares": 64065895.0,
        "Diluted EPS": -0.32,
        "Basic EPS": -0.32,
        "Diluted NI Availto Com Stockholders": NaN,
        "Net Income Common Stockholders": NaN,
        "Net Income": NaN,
        "Net Income Including Noncontrolling Interests": NaN,
        "Net Income Continuous Operations": NaN,
        "Pretax Income": NaN,
        "Other Income Expense": NaN,
        "Special Income Charges": NaN,
        "Gain On Sale Of Ppe": NaN,
        "Gain On Sale Of Security": NaN,
        "Net Non Operating Interest Income Expense": NaN,
        "Interest Expense Non Operating": NaN,
        "Interest Income Non Operating": NaN,
        "Operating Income": NaN,
        "Operating Expense": NaN,
        "Research And Development": NaN,
        "Selling General And Administration": NaN,
        "General And Administrative Expense": NaN,
        "Other Gand A": NaN,
        "Gross Profit": NaN,
        "Cost Of Revenue": NaN,
        "Total Revenue": NaN,
        "Operating Revenue": NaN
    },
    "2024-06-30": {
        "Tax Effect Of Unusual Items": NaN,
        "Tax Rate For Calcs": NaN,
        "Normalized EBITDA": NaN,
        "Total Unusual Items": NaN,
        "Total Unusual Items Excluding Goodwill": NaN,
        "Net Income From Continuing Operation Net Minority Interest": NaN,
        "Reconciled Depreciation": NaN,
        "Reconciled Cost Of Revenue": NaN,
        "EBITDA": NaN,
        "EBIT": NaN,
        "Net Interest Income": NaN,
        "Interest Expense": NaN,
        "Interest Income": NaN,
        "Normalized Income": NaN,
        "Net Income From Continuing And Discontinued Operation": NaN,
        "Total Expenses": NaN,
        "Total Operating Income As Reported": NaN,
        "Diluted Average Shares": 64376396.0,
        "Basic Average Shares": 64376396.0,
        "Diluted EPS": -0.76,
        "Basic EPS": -0.76,
        "Diluted NI Availto Com Stockholders": NaN,
        "Net Income Common Stockholders": NaN,
        "Net Income": NaN,
        "Net Income Including Noncontrolling Interests": NaN,
        "Net Income Continuous Operations": NaN,
        "Pretax Income": NaN,
        "Other Income Expense": NaN,
        "Special Income Charges": NaN,
        "Gain On Sale Of Ppe": NaN,
        "Gain On Sale Of Security": NaN,
        "Net Non Operating Interest Income Expense": NaN,
        "Interest Expense Non Operating": NaN,
        "Interest Income Non Operating": NaN,
        "Operating Income": NaN,
        "Operating Expense": NaN,
        "Research And Development": NaN,
        "Selling General And Administration": NaN,
        "General And Administrative Expense": NaN,
        "Other Gand A": NaN,
        "Gross Profit": NaN,
        "Cost Of Revenue": NaN,
        "Total Revenue": NaN,
        "Operating Revenue": NaN
    },
    "2024-09-30": {
        "Tax Effect Of Unusual Items": 0.0,
        "Tax Rate For Calcs": 0.0,
        "Normalized EBITDA": -35592000.0,
        "Total Unusual Items": 2879000.0,
        "Total Unusual Items Excluding Goodwill": 2879000.0,
        "Net Income From Continuing Operation Net Minority Interest": -39330000.0,
        "Reconciled Depreciation": 3260000.0,
        "Reconciled Cost Of Revenue": 11985000.0,
        "EBITDA": -32713000.0,
        "EBIT": -35973000.0,
        "Net Interest Income": -2168000.0,
        "Interest Expense": 3357000.0,
        "Interest Income": 1189000.0,
        "Normalized Income": -42209000.0,
        "Net Income From Continuing And Discontinued Operation": -39330000.0,
        "Total Expenses": 50951000.0,
        "Total Operating Income As Reported": -40041000.0,
        "Diluted Average Shares": 71633150.0,
        "Basic Average Shares": 71633150.0,
        "Diluted EPS": -0.55,
        "Basic EPS": -0.55,
        "Diluted NI Availto Com Stockholders": -39330000.0,
        "Net Income Common Stockholders": -39330000.0,
        "Net Income": -39330000.0,
        "Net Income Including Noncontrolling Interests": -39330000.0,
        "Net Income Continuous Operations": -39330000.0,
        "Pretax Income": -39330000.0,
        "Other Income Expense": 2879000.0,
        "Special Income Charges": -584000.0,
        "Gain On Sale Of Ppe": -584000.0,
        "Gain On Sale Of Security": 3463000.0,
        "Net Non Operating Interest Income Expense": -2168000.0,
        "Interest Expense Non Operating": 3357000.0,
        "Interest Income Non Operating": 1189000.0,
        "Operating Income": -40041000.0,
        "Operating Expense": 38966000.0,
        "Research And Development": 26243000.0,
        "Selling General And Administration": 12723000.0,
        "General And Administrative Expense": 12723000.0,
        "Other Gand A": 12723000.0,
        "Gross Profit": -1075000.0,
        "Cost Of Revenue": 11985000.0,
        "Total Revenue": 10910000.0,
        "Operating Revenue": 10910000.0
    },
    "2024-12-31": {
        "Tax Effect Of Unusual Items": 0.0,
        "Tax Rate For Calcs": 0.0,
        "Normalized EBITDA": -27534000.0,
        "Total Unusual Items": -5530000.0,
        "Total Unusual Items Excluding Goodwill": -5530000.0,
        "Net Income From Continuing Operation Net Minority Interest": -39399000.0,
        "Reconciled Depreciation": 2924000.0,
        "Reconciled Cost Of Revenue": 11806000.0,
        "EBITDA": -33064000.0,
        "EBIT": -35988000.0,
        "Net Interest Income": -2379000.0,
        "Interest Expense": 3411000.0,
        "Interest Income": 1032000.0,
        "Normalized Income": -33869000.0,
        "Net Income From Continuing And Discontinued Operation": -39399000.0,
        "Total Expenses": 52880000.0,
        "Total Operating Income As Reported": -31490000.0,
        "Diluted Average Shares": NaN,
        "Basic Average Shares": NaN,
        "Diluted EPS": NaN,
        "Basic EPS": NaN,
        "Diluted NI Availto Com Stockholders": -39399000.0,
        "Net Income Common Stockholders": -39399000.0,
        "Net Income": -39399000.0,
        "Net Income Including Noncontrolling Interests": -39399000.0,
        "Net Income Continuous Operations": -39399000.0,
        "Pretax Income": -39399000.0,
        "Other Income Expense": -5530000.0,
        "Special Income Charges": 0.0,
        "Gain On Sale Of Ppe": 0.0,
        "Gain On Sale Of Security": -5530000.0,
        "Net Non Operating Interest Income Expense": -2379000.0,
        "Interest Expense Non Operating": 3411000.0,
        "Interest Income Non Operating": 1032000.0,
        "Operating Income": -31490000.0,
        "Operating Expense": 41074000.0,
        "Research And Development": 23985000.0,
        "Selling General And Administration": 17089000.0,
        "General And Administrative Expense": 17089000.0,
        "Other Gand A": 17089000.0,
        "Gross Profit": 9584000.0,
        "Cost Of Revenue": 11806000.0,
        "Total Revenue": 21390000.0,
        "Operating Revenue": 21390000.0
    },
    "2025-03-31": {
        "Tax Effect Of Unusual Items": 0.0,
        "Tax Rate For Calcs": 0.0,
        "Normalized EBITDA": -37544000.0,
        "Total Unusual Items": 3687000.0,
        "Total Unusual Items Excluding Goodwill": 3687000.0,
        "Net Income From Continuing Operation Net Minority Interest": -39981000.0,
        "Reconciled Depreciation": 3081000.0,
        "Reconciled Cost Of Revenue": 1378000.0,
        "EBITDA": -33857000.0,
        "EBIT": -36938000.0,
        "Net Interest Income": -2072000.0,
        "Interest Expense": 3043000.0,
        "Interest Income": 971000.0,
        "Normalized Income": -43668000.0,
        "Net Income From Continuing And Discontinued Operation": -39981000.0,
        "Total Expenses": 43522000.0,
        "Total Operating Income As Reported": -41596000.0,
        "Diluted Average Shares": 79032341.0,
        "Basic Average Shares": 79032341.0,
        "Diluted EPS": -0.51,
        "Basic EPS": -0.51,
        "Diluted NI Availto Com Stockholders": -39981000.0,
        "Net Income Common Stockholders": -39981000.0,
        "Net Income": -39981000.0,
        "Net Income Including Noncontrolling Interests": -39981000.0,
        "Net Income Continuous Operations": -39981000.0,
        "Pretax Income": -39981000.0,
        "Other Income Expense": 3687000.0,
        "Special Income Charges": 0.0,
        "Gain On Sale Of Ppe": 0.0,
        "Gain On Sale Of Security": 3687000.0,
        "Net Non Operating Interest Income Expense": -2072000.0,
        "Interest Expense Non Operating": 3043000.0,
        "Interest Income Non Operating": 971000.0,
        "Operating Income": -41596000.0,
        "Operating Expense": 42144000.0,
        "Research And Development": 32780000.0,
        "Selling General And Administration": 9364000.0,
        "General And Administrative Expense": 9364000.0,
        "Other Gand A": 9364000.0,
        "Gross Profit": 548000.0,
        "Cost Of Revenue": 1378000.0,
        "Total Revenue": 1926000.0,
        "Operating Revenue": 1926000.0
    },
    "2025-06-30": {
        "Tax Effect Of Unusual Items": 0.0,
        "Tax Rate For Calcs": 0.0,
        "Normalized EBITDA": -41195000.0,
        "Total Unusual Items": 8624000.0,
        "Total Unusual Items Excluding Goodwill": 8624000.0,
        "Net Income From Continuing Operation Net Minority Interest": -38795000.0,
        "Reconciled Depreciation": 3190000.0,
        "Reconciled Cost Of Revenue": 2676000.0,
        "EBITDA": -32571000.0,
        "EBIT": -35761000.0,
        "Net Interest Income": -2626000.0,
        "Interest Expense": 3034000.0,
        "Interest Income": 408000.0,
        "Normalized Income": -47419000.0,
        "Net Income From Continuing And Discontinued Operation": -38795000.0,
        "Total Expenses": 48484000.0,
        "Total Operating Income As Reported": -44793000.0,
        "Diluted Average Shares": 80585625.0,
        "Basic Average Shares": 80585625.0,
        "Diluted EPS": -0.48,
        "Basic EPS": -0.48,
        "Diluted NI Availto Com Stockholders": -38795000.0,
        "Net Income Common Stockholders": -38795000.0,
        "Net Income": -38795000.0,
        "Net Income Including Noncontrolling Interests": -38795000.0,
        "Net Income Continuous Operations": -38795000.0,
        "Pretax Income": -38795000.0,
        "Other Income Expense": 8624000.0,
        "Special Income Charges": 0.0,
        "Gain On Sale Of Ppe": 0.0,
        "Gain On Sale Of Security": 8624000.0,
        "Net Non Operating Interest Income Expense": -2626000.0,
        "Interest Expense Non Operating": 3034000.0,
        "Interest Income Non Operating": 408000.0,
        "Operating Income": -44793000.0,
        "Operating Expense": 45808000.0,
        "Research And Development": 33495000.0,
        "Selling General And Administration": 12313000.0,
        "General And Administrative Expense": 12313000.0,
        "Other Gand A": 12313000.0,
        "Gross Profit": 1015000.0,
        "Cost Of Revenue": 2676000.0,
        "Total Revenue": 3691000.0,
        "Operating Revenue": 3691000.0
    },
    "2025-09-30": {
        "Tax Effect Of Unusual Items": 0.0,
        "Tax Rate For Calcs": 0.0,
        "Normalized EBITDA": -42734000.0,
        "Total Unusual Items": -1558000.0,
        "Total Unusual Items Excluding Goodwill": -1558000.0,
        "Net Income From Continuing Operation Net Minority Interest": -50513000.0,
        "Reconciled Depreciation": 3156000.0,
        "Reconciled Cost Of Revenue": 313000.0,
        "EBITDA": -44292000.0,
        "EBIT": -47448000.0,
        "Net Interest Income": -2904000.0,
        "Interest Expense": 3065000.0,
        "Interest Income": 161000.0,
        "Normalized Income": -48955000.0,
        "Net Income From Continuing And Discontinued Operation": -50513000.0,
        "Total Expenses": 46461000.0,
        "Total Operating Income As Reported": -46051000.0,
        "Diluted Average Shares": 80947703.0,
        "Basic Average Shares": 80947703.0,
        "Diluted EPS": -0.62,
        "Basic EPS": -0.62,
        "Diluted NI Availto Com Stockholders": -50513000.0,
        "Net Income Common Stockholders": -50513000.0,
        "Net Income": -50513000.0,
        "Net Income Including Noncontrolling Interests": -50513000.0,
        "Net Income Continuous Operations": -50513000.0,
        "Pretax Income": -50513000.0,
        "Other Income Expense": -1558000.0,
        "Special Income Charges": 0.0,
        "Gain On Sale Of Ppe": 0.0,
        "Gain On Sale Of Security": -1558000.0,
        "Net Non Operating Interest Income Expense": -2904000.0,
        "Interest Expense Non Operating": 3065000.0,
        "Interest Income Non Operating": 161000.0,
        "Operating Income": -46051000.0,
        "Operating Expense": 46148000.0,
        "Research And Development": 32532000.0,
        "Selling General And Administration": 13616000.0,
        "General And Administrative Expense": 13616000.0,
        "Other Gand A": 13616000.0,
        "Gross Profit": 97000.0,
        "Cost Of Revenue": 313000.0,
        "Total Revenue": 410000.0,
        "Operating Revenue": 410000.0
    }
}