{
    "2023-12-31": {
        "Tax Effect Of Unusual Items": NaN,
        "Tax Rate For Calcs": NaN,
        "Normalized EBITDA": NaN,
        "Total Unusual Items": 0.0,
        "Total Unusual Items Excluding Goodwill": 0.0,
        "Net Income From Continuing Operation Net Minority Interest": NaN,
        "Reconciled Depreciation": NaN,
        "EBITDA": NaN,
        "EBIT": NaN,
        "Net Interest Income": NaN,
        "Interest Expense": 0.0,
        "Interest Income": NaN,
        "Normalized Income": NaN,
        "Net Income From Continuing And Discontinued Operation": NaN,
        "Total Expenses": NaN,
        "Total Operating Income As Reported": NaN,
        "Diluted Average Shares": NaN,
        "Basic Average Shares": NaN,
        "Diluted EPS": NaN,
        "Basic EPS": NaN,
        "Diluted NI Availto Com Stockholders": NaN,
        "Net Income Common Stockholders": NaN,
        "Net Income": NaN,
        "Net Income Including Noncontrolling Interests": NaN,
        "Net Income Continuous Operations": NaN,
        "Tax Provision": NaN,
        "Pretax Income": NaN,
        "Other Income Expense": NaN,
        "Other Non Operating Income Expenses": NaN,
        "Gain On Sale Of Security": 0.0,
        "Net Non Operating Interest Income Expense": NaN,
        "Interest Expense Non Operating": 0.0,
        "Interest Income Non Operating": NaN,
        "Operating Income": NaN,
        "Operating Expense": NaN,
        "Research And Development": NaN,
        "Selling General And Administration": NaN,
        "General And Administrative Expense": NaN,
        "Other Gand A": NaN,
        "Total Revenue": NaN,
        "Operating Revenue": NaN
    },
    "2023-09-30": {
        "Tax Effect Of Unusual Items": NaN,
        "Tax Rate For Calcs": NaN,
        "Normalized EBITDA": NaN,
        "Total Unusual Items": 0.0,
        "Total Unusual Items Excluding Goodwill": 0.0,
        "Net Income From Continuing Operation Net Minority Interest": NaN,
        "Reconciled Depreciation": NaN,
        "EBITDA": NaN,
        "EBIT": NaN,
        "Net Interest Income": NaN,
        "Interest Expense": 0.0,
        "Interest Income": NaN,
        "Normalized Income": NaN,
        "Net Income From Continuing And Discontinued Operation": NaN,
        "Total Expenses": NaN,
        "Total Operating Income As Reported": NaN,
        "Diluted Average Shares": 37527695.0,
        "Basic Average Shares": 37527695.0,
        "Diluted EPS": -0.528143,
        "Basic EPS": -0.528143,
        "Diluted NI Availto Com Stockholders": NaN,
        "Net Income Common Stockholders": NaN,
        "Net Income": NaN,
        "Net Income Including Noncontrolling Interests": NaN,
        "Net Income Continuous Operations": NaN,
        "Tax Provision": NaN,
        "Pretax Income": NaN,
        "Other Income Expense": NaN,
        "Other Non Operating Income Expenses": NaN,
        "Gain On Sale Of Security": 0.0,
        "Net Non Operating Interest Income Expense": NaN,
        "Interest Expense Non Operating": 0.0,
        "Interest Income Non Operating": NaN,
        "Operating Income": NaN,
        "Operating Expense": NaN,
        "Research And Development": NaN,
        "Selling General And Administration": NaN,
        "General And Administrative Expense": NaN,
        "Other Gand A": NaN,
        "Total Revenue": NaN,
        "Operating Revenue": NaN
    },
    "2024-03-31": {
        "Tax Effect Of Unusual Items": NaN,
        "Tax Rate For Calcs": NaN,
        "Normalized EBITDA": NaN,
        "Total Unusual Items": NaN,
        "Total Unusual Items Excluding Goodwill": NaN,
        "Net Income From Continuing Operation Net Minority Interest": NaN,
        "Reconciled Depreciation": NaN,
        "EBITDA": NaN,
        "EBIT": NaN,
        "Net Interest Income": NaN,
        "Interest Income": NaN,
        "Normalized Income": NaN,
        "Net Income From Continuing And Discontinued Operation": NaN,
        "Total Expenses": NaN,
        "Total Operating Income As Reported": NaN,
        "Diluted Average Shares": 21137868.0,
        "Basic Average Shares": 21137868.0,
        "Diluted EPS": -1.19,
        "Basic EPS": -1.19,
        "Diluted NI Availto Com Stockholders": NaN,
        "Net Income Common Stockholders": NaN,
        "Net Income": NaN,
        "Net Income Including Noncontrolling Interests": NaN,
        "Net Income Continuous Operations": NaN,
        "Tax Provision": NaN,
        "Pretax Income": NaN,
        "Other Income Expense": NaN,
        "Other Non Operating Income Expenses": NaN,
        "Gain On Sale Of Security": NaN,
        "Net Non Operating Interest Income Expense": NaN,
        "Interest Income Non Operating": NaN,
        "Operating Income": NaN,
        "Operating Expense": NaN,
        "Research And Development": NaN,
        "Selling General And Administration": NaN,
        "General And Administrative Expense": NaN,
        "Other Gand A": NaN,
        "Total Revenue": NaN,
        "Operating Revenue": NaN
    },
    "2023-06-30": {
        "Tax Effect Of Unusual Items": NaN,
        "Tax Rate For Calcs": NaN,
        "Normalized EBITDA": NaN,
        "Total Unusual Items": 2870000.0,
        "Total Unusual Items Excluding Goodwill": 2870000.0,
        "Net Income From Continuing Operation Net Minority Interest": NaN,
        "Reconciled Depreciation": NaN,
        "EBITDA": NaN,
        "EBIT": NaN,
        "Net Interest Income": NaN,
        "Interest Expense": NaN,
        "Interest Income": NaN,
        "Normalized Income": NaN,
        "Net Income From Continuing And Discontinued Operation": NaN,
        "Total Expenses": NaN,
        "Total Operating Income As Reported": NaN,
        "Diluted Average Shares": 37527695.0,
        "Basic Average Shares": 37527695.0,
        "Diluted EPS": -0.346624,
        "Basic EPS": -0.346624,
        "Diluted NI Availto Com Stockholders": NaN,
        "Net Income Common Stockholders": NaN,
        "Net Income": NaN,
        "Net Income Including Noncontrolling Interests": NaN,
        "Net Income Continuous Operations": NaN,
        "Tax Provision": NaN,
        "Pretax Income": NaN,
        "Other Income Expense": NaN,
        "Other Non Operating Income Expenses": NaN,
        "Gain On Sale Of Security": 2870000.0,
        "Net Non Operating Interest Income Expense": NaN,
        "Interest Expense Non Operating": NaN,
        "Interest Income Non Operating": NaN,
        "Operating Income": NaN,
        "Operating Expense": NaN,
        "Research And Development": NaN,
        "Selling General And Administration": NaN,
        "General And Administrative Expense": NaN,
        "Other Gand A": NaN,
        "Total Revenue": NaN,
        "Operating Revenue": NaN
    },
    "2023-03-31": {
        "Tax Effect Of Unusual Items": NaN,
        "Tax Rate For Calcs": NaN,
        "Normalized EBITDA": NaN,
        "Total Unusual Items": NaN,
        "Total Unusual Items Excluding Goodwill": NaN,
        "Net Income From Continuing Operation Net Minority Interest": NaN,
        "Reconciled Depreciation": NaN,
        "EBITDA": NaN,
        "EBIT": NaN,
        "Net Interest Income": NaN,
        "Interest Expense": NaN,
        "Interest Income": NaN,
        "Normalized Income": NaN,
        "Net Income From Continuing And Discontinued Operation": NaN,
        "Total Expenses": NaN,
        "Total Operating Income As Reported": NaN,
        "Diluted Average Shares": 29964395.0,
        "Basic Average Shares": 29964395.0,
        "Diluted EPS": -0.538406,
        "Basic EPS": -0.538406,
        "Diluted NI Availto Com Stockholders": NaN,
        "Net Income Common Stockholders": NaN,
        "Net Income": NaN,
        "Net Income Including Noncontrolling Interests": NaN,
        "Net Income Continuous Operations": NaN,
        "Tax Provision": NaN,
        "Pretax Income": NaN,
        "Other Income Expense": NaN,
        "Other Non Operating Income Expenses": NaN,
        "Gain On Sale Of Security": NaN,
        "Net Non Operating Interest Income Expense": NaN,
        "Interest Expense Non Operating": NaN,
        "Interest Income Non Operating": NaN,
        "Operating Income": NaN,
        "Operating Expense": NaN,
        "Research And Development": NaN,
        "Selling General And Administration": NaN,
        "General And Administrative Expense": NaN,
        "Other Gand A": NaN,
        "Total Revenue": NaN,
        "Operating Revenue": NaN
    },
    "2022-12-31": {
        "Tax Effect Of Unusual Items": NaN,
        "Tax Rate For Calcs": NaN,
        "Normalized EBITDA": NaN,
        "Total Unusual Items": 0.0,
        "Total Unusual Items Excluding Goodwill": 0.0,
        "Net Income From Continuing Operation Net Minority Interest": NaN,
        "Reconciled Depreciation": NaN,
        "EBITDA": NaN,
        "EBIT": NaN,
        "Net Interest Income": NaN,
        "Interest Expense": 0.0,
        "Interest Income": NaN,
        "Normalized Income": NaN,
        "Net Income From Continuing And Discontinued Operation": NaN,
        "Total Expenses": NaN,
        "Total Operating Income As Reported": NaN,
        "Diluted Average Shares": NaN,
        "Basic Average Shares": NaN,
        "Diluted EPS": NaN,
        "Basic EPS": NaN,
        "Diluted NI Availto Com Stockholders": NaN,
        "Net Income Common Stockholders": NaN,
        "Net Income": NaN,
        "Net Income Including Noncontrolling Interests": NaN,
        "Net Income Continuous Operations": NaN,
        "Tax Provision": NaN,
        "Pretax Income": NaN,
        "Other Income Expense": NaN,
        "Other Non Operating Income Expenses": NaN,
        "Gain On Sale Of Security": 0.0,
        "Net Non Operating Interest Income Expense": NaN,
        "Interest Expense Non Operating": 0.0,
        "Interest Income Non Operating": NaN,
        "Operating Income": NaN,
        "Operating Expense": NaN,
        "Research And Development": NaN,
        "Selling General And Administration": NaN,
        "General And Administrative Expense": NaN,
        "Other Gand A": NaN,
        "Total Revenue": NaN,
        "Operating Revenue": NaN
    },
    "2022-09-30": {
        "Tax Effect Of Unusual Items": NaN,
        "Tax Rate For Calcs": NaN,
        "Normalized EBITDA": NaN,
        "Total Unusual Items": 0.0,
        "Total Unusual Items Excluding Goodwill": 0.0,
        "Net Income From Continuing Operation Net Minority Interest": NaN,
        "Reconciled Depreciation": NaN,
        "EBITDA": NaN,
        "EBIT": NaN,
        "Net Interest Income": NaN,
        "Interest Expense": 0.0,
        "Interest Income": NaN,
        "Normalized Income": NaN,
        "Net Income From Continuing And Discontinued Operation": NaN,
        "Total Expenses": NaN,
        "Total Operating Income As Reported": NaN,
        "Diluted Average Shares": NaN,
        "Basic Average Shares": NaN,
        "Diluted EPS": NaN,
        "Basic EPS": NaN,
        "Diluted NI Availto Com Stockholders": NaN,
        "Net Income Common Stockholders": NaN,
        "Net Income": NaN,
        "Net Income Including Noncontrolling Interests": NaN,
        "Net Income Continuous Operations": NaN,
        "Tax Provision": NaN,
        "Pretax Income": NaN,
        "Other Income Expense": NaN,
        "Other Non Operating Income Expenses": NaN,
        "Gain On Sale Of Security": 0.0,
        "Net Non Operating Interest Income Expense": NaN,
        "Interest Expense Non Operating": 0.0,
        "Interest Income Non Operating": NaN,
        "Operating Income": NaN,
        "Operating Expense": NaN,
        "Research And Development": NaN,
        "Selling General And Administration": NaN,
        "General And Administrative Expense": NaN,
        "Other Gand A": NaN,
        "Total Revenue": NaN,
        "Operating Revenue": NaN
    },
    "2024-06-30": {
        "Tax Effect Of Unusual Items": 0.0,
        "Tax Rate For Calcs": 0.169964,
        "Normalized EBITDA": -15554000.0,
        "Total Unusual Items": NaN,
        "Total Unusual Items Excluding Goodwill": NaN,
        "Net Income From Continuing Operation Net Minority Interest": -10739000.0,
        "Reconciled Depreciation": 1309000.0,
        "EBITDA": -15554000.0,
        "EBIT": -16863000.0,
        "Net Interest Income": 3976000.0,
        "Interest Income": 3976000.0,
        "Normalized Income": -10739000.0,
        "Net Income From Continuing And Discontinued Operation": -10739000.0,
        "Total Expenses": 36871000.0,
        "Total Operating Income As Reported": -16863000.0,
        "Diluted Average Shares": 36625291.0,
        "Basic Average Shares": 36625291.0,
        "Diluted EPS": -0.29,
        "Basic EPS": -0.29,
        "Diluted NI Availto Com Stockholders": -10739000.0,
        "Net Income Common Stockholders": -10739000.0,
        "Net Income": -10739000.0,
        "Net Income Including Noncontrolling Interests": -10739000.0,
        "Net Income Continuous Operations": -10739000.0,
        "Tax Provision": -2199000.0,
        "Pretax Income": -12938000.0,
        "Other Income Expense": -51000.0,
        "Other Non Operating Income Expenses": -51000.0,
        "Gain On Sale Of Security": NaN,
        "Net Non Operating Interest Income Expense": 3976000.0,
        "Interest Income Non Operating": 3976000.0,
        "Operating Income": -16863000.0,
        "Operating Expense": 36871000.0,
        "Research And Development": 28320000.0,
        "Selling General And Administration": 8551000.0,
        "General And Administrative Expense": 8551000.0,
        "Other Gand A": 8551000.0,
        "Total Revenue": 20008000.0,
        "Operating Revenue": 20008000.0
    },
    "2024-09-30": {
        "Tax Effect Of Unusual Items": -207281.478998,
        "Tax Rate For Calcs": 0.100867,
        "Normalized EBITDA": -18964000.0,
        "Total Unusual Items": -2055000.0,
        "Total Unusual Items Excluding Goodwill": -2055000.0,
        "Net Income From Continuing Operation Net Minority Interest": -18773000.0,
        "Reconciled Depreciation": 1364000.0,
        "EBITDA": -21019000.0,
        "EBIT": -22383000.0,
        "Net Interest Income": 3616000.0,
        "Interest Income": 3616000.0,
        "Normalized Income": -16925281.478998,
        "Net Income From Continuing And Discontinued Operation": -18773000.0,
        "Total Expenses": 33897000.0,
        "Total Operating Income As Reported": -22383000.0,
        "Diluted Average Shares": 36766309.0,
        "Basic Average Shares": 36766309.0,
        "Diluted EPS": -0.51,
        "Basic EPS": -0.51,
        "Diluted NI Availto Com Stockholders": -18773000.0,
        "Net Income Common Stockholders": -18773000.0,
        "Net Income": -18773000.0,
        "Net Income Including Noncontrolling Interests": -18773000.0,
        "Net Income Continuous Operations": -18773000.0,
        "Tax Provision": -2106000.0,
        "Pretax Income": -20879000.0,
        "Other Income Expense": -2112000.0,
        "Other Non Operating Income Expenses": -57000.0,
        "Gain On Sale Of Security": -2055000.0,
        "Net Non Operating Interest Income Expense": 3616000.0,
        "Interest Income Non Operating": 3616000.0,
        "Operating Income": -22383000.0,
        "Operating Expense": 33897000.0,
        "Research And Development": 26256000.0,
        "Selling General And Administration": 7641000.0,
        "General And Administrative Expense": 7641000.0,
        "Other Gand A": 7641000.0,
        "Total Revenue": 11514000.0,
        "Operating Revenue": 11514000.0
    },
    "2024-12-31": {
        "Tax Effect Of Unusual Items": -350038.202065,
        "Tax Rate For Calcs": 0.049094,
        "Normalized EBITDA": -12032000.0,
        "Total Unusual Items": -7130000.0,
        "Total Unusual Items Excluding Goodwill": -7130000.0,
        "Net Income From Continuing Operation Net Minority Interest": -23398000.0,
        "Reconciled Depreciation": 1461000.0,
        "EBITDA": -19162000.0,
        "EBIT": -20623000.0,
        "Net Interest Income": 3196000.0,
        "Interest Income": 3196000.0,
        "Normalized Income": -16618038.202065,
        "Net Income From Continuing And Discontinued Operation": -23398000.0,
        "Total Expenses": 30237000.0,
        "Total Operating Income As Reported": -20623000.0,
        "Diluted Average Shares": NaN,
        "Basic Average Shares": NaN,
        "Diluted EPS": NaN,
        "Basic EPS": NaN,
        "Diluted NI Availto Com Stockholders": -23398000.0,
        "Net Income Common Stockholders": -23398000.0,
        "Net Income": -23398000.0,
        "Net Income Including Noncontrolling Interests": -23398000.0,
        "Net Income Continuous Operations": -23398000.0,
        "Tax Provision": -1208000.0,
        "Pretax Income": -24606000.0,
        "Other Income Expense": -7179000.0,
        "Other Non Operating Income Expenses": -49000.0,
        "Gain On Sale Of Security": -7130000.0,
        "Net Non Operating Interest Income Expense": 3196000.0,
        "Interest Income Non Operating": 3196000.0,
        "Operating Income": -20623000.0,
        "Operating Expense": 30237000.0,
        "Research And Development": 23164000.0,
        "Selling General And Administration": 7073000.0,
        "General And Administrative Expense": 7073000.0,
        "Other Gand A": 7073000.0,
        "Total Revenue": 9614000.0,
        "Operating Revenue": 9614000.0
    },
    "2025-03-31": {
        "Tax Effect Of Unusual Items": 0.0,
        "Tax Rate For Calcs": 0.21,
        "Normalized EBITDA": -26462000.0,
        "Total Unusual Items": NaN,
        "Total Unusual Items Excluding Goodwill": NaN,
        "Net Income From Continuing Operation Net Minority Interest": -25039000.0,
        "Reconciled Depreciation": 1358000.0,
        "EBITDA": -26462000.0,
        "EBIT": -27820000.0,
        "Net Interest Income": 2887000.0,
        "Interest Income": 2887000.0,
        "Normalized Income": -25039000.0,
        "Net Income From Continuing And Discontinued Operation": -25039000.0,
        "Total Expenses": 31947000.0,
        "Total Operating Income As Reported": -27820000.0,
        "Diluted Average Shares": 37019027.0,
        "Basic Average Shares": 37019027.0,
        "Diluted EPS": -0.68,
        "Basic EPS": -0.68,
        "Diluted NI Availto Com Stockholders": -25039000.0,
        "Net Income Common Stockholders": -25039000.0,
        "Net Income": -25039000.0,
        "Net Income Including Noncontrolling Interests": -25039000.0,
        "Net Income Continuous Operations": -25039000.0,
        "Tax Provision": 98000.0,
        "Pretax Income": -24941000.0,
        "Other Income Expense": -8000.0,
        "Other Non Operating Income Expenses": -8000.0,
        "Gain On Sale Of Security": NaN,
        "Net Non Operating Interest Income Expense": 2887000.0,
        "Interest Income Non Operating": 2887000.0,
        "Operating Income": -27820000.0,
        "Operating Expense": 31947000.0,
        "Research And Development": 25142000.0,
        "Selling General And Administration": 6805000.0,
        "General And Administrative Expense": 6805000.0,
        "Other Gand A": 6805000.0,
        "Total Revenue": 4127000.0,
        "Operating Revenue": 4127000.0
    },
    "2025-06-30": {
        "Tax Effect Of Unusual Items": -271320.0,
        "Tax Rate For Calcs": 0.21,
        "Normalized EBITDA": -18360000.0,
        "Total Unusual Items": -1292000.0,
        "Total Unusual Items Excluding Goodwill": -1292000.0,
        "Net Income From Continuing Operation Net Minority Interest": -19908000.0,
        "Reconciled Depreciation": 1335000.0,
        "EBITDA": -19652000.0,
        "EBIT": -20987000.0,
        "Net Interest Income": 2485000.0,
        "Interest Income": 2485000.0,
        "Normalized Income": -18887320.0,
        "Net Income From Continuing And Discontinued Operation": -19908000.0,
        "Total Expenses": 29500000.0,
        "Total Operating Income As Reported": -20987000.0,
        "Diluted Average Shares": 37156979.0,
        "Basic Average Shares": 37156979.0,
        "Diluted EPS": -0.54,
        "Basic EPS": -0.54,
        "Diluted NI Availto Com Stockholders": -19908000.0,
        "Net Income Common Stockholders": -19908000.0,
        "Net Income": -19908000.0,
        "Net Income Including Noncontrolling Interests": -19908000.0,
        "Net Income Continuous Operations": -19908000.0,
        "Tax Provision": 44000.0,
        "Pretax Income": -19864000.0,
        "Other Income Expense": -1362000.0,
        "Other Non Operating Income Expenses": -70000.0,
        "Gain On Sale Of Security": -1292000.0,
        "Net Non Operating Interest Income Expense": 2485000.0,
        "Interest Income Non Operating": 2485000.0,
        "Operating Income": -20987000.0,
        "Operating Expense": 29500000.0,
        "Research And Development": 22507000.0,
        "Selling General And Administration": 6993000.0,
        "General And Administrative Expense": 6993000.0,
        "Other Gand A": 6993000.0,
        "Total Revenue": 8513000.0,
        "Operating Revenue": 8513000.0
    }
}