{
    "2025-03-31": {
        "Tax Effect Of Unusual Items": 0.0,
        "Tax Rate For Calcs": 0.21,
        "Normalized EBITDA": 158989000.0,
        "Total Unusual Items": 0.0,
        "Total Unusual Items Excluding Goodwill": 0.0,
        "Net Income From Continuing Operation Net Minority Interest": -156867000.0,
        "Reconciled Depreciation": 87090000.0,
        "Reconciled Cost Of Revenue": 122520000.0,
        "EBITDA": 158989000.0,
        "EBIT": 27772000.0,
        "Net Interest Income": -63547000.0,
        "Normalized Income": -156867000.0,
        "Net Income From Continuing And Discontinued Operation": -156867000.0,
        "Total Expenses": 445490000.0,
        "Total Operating Income As Reported": 27772000.0,
        "Diluted Average Shares": NaN,
        "Basic Average Shares": NaN,
        "Diluted EPS": NaN,
        "Basic EPS": NaN,
        "Diluted NI Availto Com Stockholders": -156867000.0,
        "Net Income Common Stockholders": -156867000.0,
        "Net Income": -156867000.0,
        "Net Income Including Noncontrolling Interests": -156867000.0,
        "Net Income Continuous Operations": -156867000.0,
        "Tax Provision": 121092000.0,
        "Pretax Income": -35775000.0,
        "Other Income Expense": 0.0,
        "Special Income Charges": 0.0,
        "Other Special Charges": 0.0,
        "Impairment Of Capital Assets": 0.0,
        "Net Non Operating Interest Income Expense": -63547000.0,
        "Total Other Finance Cost": 63547000.0,
        "Operating Income": 27772000.0,
        "Operating Expense": 367097000.0,
        "Depreciation Amortization Depletion Income Statement": 131217000.0,
        "Depreciation And Amortization In Income Statement": 131217000.0,
        "Amortization": 114977000.0,
        "Amortization Of Intangibles Income Statement": 114977000.0,
        "Depreciation Income Statement": 16240000.0,
        "Research And Development": NaN,
        "Selling General And Administration": -48549000.0,
        "Selling And Marketing Expense": NaN,
        "General And Administrative Expense": -428748000.0,
        "Other Gand A": -428748000.0,
        "Gross Profit": 394869000.0,
        "Cost Of Revenue": 78393000.0,
        "Total Revenue": 473262000.0,
        "Operating Revenue": 473262000.0
    },
    "2024-12-31": {
        "Tax Effect Of Unusual Items": 0.0,
        "Tax Rate For Calcs": 0.21,
        "Normalized EBITDA": 113370000.0,
        "Total Unusual Items": 0.0,
        "Total Unusual Items Excluding Goodwill": 0.0,
        "Net Income From Continuing Operation Net Minority Interest": -52928000.0,
        "Reconciled Depreciation": 89211000.0,
        "Reconciled Cost Of Revenue": 53028000.0,
        "EBITDA": 113370000.0,
        "EBIT": 24159000.0,
        "Net Interest Income": -68877000.0,
        "Normalized Income": -52928000.0,
        "Net Income From Continuing And Discontinued Operation": -52928000.0,
        "Total Expenses": 392334000.0,
        "Total Operating Income As Reported": 24159000.0,
        "Diluted Average Shares": 191001519.0,
        "Basic Average Shares": 191001519.0,
        "Diluted EPS": -0.277108,
        "Basic EPS": -0.277108,
        "Diluted NI Availto Com Stockholders": -52928000.0,
        "Net Income Common Stockholders": -52928000.0,
        "Net Income": -52928000.0,
        "Net Income Including Noncontrolling Interests": -52928000.0,
        "Net Income Continuous Operations": -52928000.0,
        "Tax Provision": 8210000.0,
        "Pretax Income": -44718000.0,
        "Other Income Expense": NaN,
        "Special Income Charges": 0.0,
        "Other Special Charges": NaN,
        "Impairment Of Capital Assets": 0.0,
        "Net Non Operating Interest Income Expense": -68877000.0,
        "Total Other Finance Cost": 68877000.0,
        "Operating Income": 24159000.0,
        "Operating Expense": 327081000.0,
        "Depreciation Amortization Depletion Income Statement": 76986000.0,
        "Depreciation And Amortization In Income Statement": 76986000.0,
        "Amortization": 59279000.0,
        "Amortization Of Intangibles Income Statement": 59279000.0,
        "Depreciation Income Statement": 17707000.0,
        "Research And Development": NaN,
        "Selling General And Administration": 250095000.0,
        "Selling And Marketing Expense": NaN,
        "General And Administrative Expense": 250095000.0,
        "Other Gand A": 250095000.0,
        "Gross Profit": 351240000.0,
        "Cost Of Revenue": 65253000.0,
        "Total Revenue": 416493000.0,
        "Operating Revenue": 416493000.0
    },
    "2024-03-31": {
        "Tax Effect Of Unusual Items": NaN,
        "Tax Rate For Calcs": NaN,
        "Normalized EBITDA": NaN,
        "Total Unusual Items": -42500000.0,
        "Total Unusual Items Excluding Goodwill": -42500000.0,
        "Net Income From Continuing Operation Net Minority Interest": NaN,
        "Reconciled Depreciation": NaN,
        "Reconciled Cost Of Revenue": NaN,
        "EBITDA": NaN,
        "EBIT": NaN,
        "Net Interest Income": NaN,
        "Normalized Income": NaN,
        "Net Income From Continuing And Discontinued Operation": NaN,
        "Total Expenses": NaN,
        "Total Operating Income As Reported": NaN,
        "Diluted Average Shares": NaN,
        "Basic Average Shares": NaN,
        "Diluted EPS": NaN,
        "Basic EPS": NaN,
        "Diluted NI Availto Com Stockholders": NaN,
        "Net Income Common Stockholders": NaN,
        "Net Income": NaN,
        "Net Income Including Noncontrolling Interests": NaN,
        "Net Income Continuous Operations": NaN,
        "Tax Provision": NaN,
        "Pretax Income": NaN,
        "Other Income Expense": -42500000.0,
        "Special Income Charges": -42500000.0,
        "Other Special Charges": 0.0,
        "Impairment Of Capital Assets": 42500000.0,
        "Net Non Operating Interest Income Expense": NaN,
        "Total Other Finance Cost": NaN,
        "Operating Income": NaN,
        "Operating Expense": NaN,
        "Depreciation Amortization Depletion Income Statement": NaN,
        "Depreciation And Amortization In Income Statement": NaN,
        "Amortization": NaN,
        "Amortization Of Intangibles Income Statement": NaN,
        "Depreciation Income Statement": NaN,
        "Research And Development": NaN,
        "Selling General And Administration": NaN,
        "Selling And Marketing Expense": NaN,
        "General And Administrative Expense": NaN,
        "Other Gand A": NaN,
        "Gross Profit": NaN,
        "Cost Of Revenue": NaN,
        "Total Revenue": NaN,
        "Operating Revenue": NaN
    },
    "2023-12-31": {
        "Tax Effect Of Unusual Items": NaN,
        "Tax Rate For Calcs": NaN,
        "Normalized EBITDA": NaN,
        "Total Unusual Items": -7000000.0,
        "Total Unusual Items Excluding Goodwill": -7000000.0,
        "Net Income From Continuing Operation Net Minority Interest": NaN,
        "Reconciled Depreciation": NaN,
        "Reconciled Cost Of Revenue": NaN,
        "EBITDA": NaN,
        "EBIT": NaN,
        "Net Interest Income": NaN,
        "Normalized Income": NaN,
        "Net Income From Continuing And Discontinued Operation": NaN,
        "Total Expenses": NaN,
        "Total Operating Income As Reported": NaN,
        "Diluted Average Shares": 191001519.0,
        "Basic Average Shares": 191001519.0,
        "Diluted EPS": -0.397547,
        "Basic EPS": -0.397547,
        "Diluted NI Availto Com Stockholders": NaN,
        "Net Income Common Stockholders": NaN,
        "Net Income": NaN,
        "Net Income Including Noncontrolling Interests": NaN,
        "Net Income Continuous Operations": NaN,
        "Tax Provision": NaN,
        "Pretax Income": NaN,
        "Other Income Expense": -7000000.0,
        "Special Income Charges": -7000000.0,
        "Other Special Charges": NaN,
        "Impairment Of Capital Assets": 7000000.0,
        "Net Non Operating Interest Income Expense": NaN,
        "Total Other Finance Cost": NaN,
        "Operating Income": NaN,
        "Operating Expense": NaN,
        "Depreciation Amortization Depletion Income Statement": NaN,
        "Depreciation And Amortization In Income Statement": NaN,
        "Amortization": NaN,
        "Amortization Of Intangibles Income Statement": NaN,
        "Depreciation Income Statement": NaN,
        "Research And Development": NaN,
        "Selling General And Administration": NaN,
        "Selling And Marketing Expense": NaN,
        "General And Administrative Expense": NaN,
        "Other Gand A": NaN,
        "Gross Profit": NaN,
        "Cost Of Revenue": NaN,
        "Total Revenue": NaN,
        "Operating Revenue": NaN
    },
    "2025-06-30": {
        "Tax Effect Of Unusual Items": 0.0,
        "Tax Rate For Calcs": 0.21,
        "Normalized EBITDA": 184079000.0,
        "Total Unusual Items": NaN,
        "Total Unusual Items Excluding Goodwill": NaN,
        "Net Income From Continuing Operation Net Minority Interest": 502000.0,
        "Reconciled Depreciation": 87854000.0,
        "Reconciled Cost Of Revenue": 123384000.0,
        "EBITDA": 184079000.0,
        "EBIT": 96225000.0,
        "Net Interest Income": -58774000.0,
        "Normalized Income": 502000.0,
        "Net Income From Continuing And Discontinued Operation": 502000.0,
        "Total Expenses": 439485000.0,
        "Total Operating Income As Reported": 96225000.0,
        "Diluted Average Shares": 191001519.0,
        "Basic Average Shares": 191001519.0,
        "Diluted EPS": 0.002628,
        "Basic EPS": 0.002628,
        "Diluted NI Availto Com Stockholders": 502000.0,
        "Net Income Common Stockholders": 502000.0,
        "Net Income": 502000.0,
        "Net Income Including Noncontrolling Interests": 502000.0,
        "Net Income Continuous Operations": 502000.0,
        "Tax Provision": 36949000.0,
        "Pretax Income": 37451000.0,
        "Other Income Expense": NaN,
        "Special Income Charges": NaN,
        "Other Special Charges": NaN,
        "Impairment Of Capital Assets": NaN,
        "Net Non Operating Interest Income Expense": -58774000.0,
        "Total Other Finance Cost": 58774000.0,
        "Operating Income": 96225000.0,
        "Operating Expense": 316101000.0,
        "Depreciation Amortization Depletion Income Statement": 87854000.0,
        "Depreciation And Amortization In Income Statement": 87854000.0,
        "Amortization": 70667000.0,
        "Amortization Of Intangibles Income Statement": 70667000.0,
        "Depreciation Income Statement": 17187000.0,
        "Research And Development": 65458000.0,
        "Selling General And Administration": 162789000.0,
        "Selling And Marketing Expense": 87397000.0,
        "General And Administrative Expense": 75392000.0,
        "Other Gand A": 75392000.0,
        "Gross Profit": 412326000.0,
        "Cost Of Revenue": 123384000.0,
        "Total Revenue": 535710000.0,
        "Operating Revenue": 535710000.0
    },
    "2024-06-30": {
        "Tax Effect Of Unusual Items": NaN,
        "Tax Rate For Calcs": NaN,
        "Normalized EBITDA": NaN,
        "Total Unusual Items": NaN,
        "Total Unusual Items Excluding Goodwill": NaN,
        "Net Income From Continuing Operation Net Minority Interest": NaN,
        "Reconciled Depreciation": NaN,
        "Reconciled Cost Of Revenue": NaN,
        "EBITDA": NaN,
        "EBIT": NaN,
        "Net Interest Income": NaN,
        "Normalized Income": NaN,
        "Net Income From Continuing And Discontinued Operation": NaN,
        "Total Expenses": NaN,
        "Total Operating Income As Reported": NaN,
        "Diluted Average Shares": 191001519.0,
        "Basic Average Shares": 191001519.0,
        "Diluted EPS": -0.04946,
        "Basic EPS": -0.04946,
        "Diluted NI Availto Com Stockholders": NaN,
        "Net Income Common Stockholders": NaN,
        "Net Income": NaN,
        "Net Income Including Noncontrolling Interests": NaN,
        "Net Income Continuous Operations": NaN,
        "Tax Provision": NaN,
        "Pretax Income": NaN,
        "Other Income Expense": NaN,
        "Special Income Charges": NaN,
        "Other Special Charges": NaN,
        "Impairment Of Capital Assets": NaN,
        "Net Non Operating Interest Income Expense": NaN,
        "Total Other Finance Cost": NaN,
        "Operating Income": NaN,
        "Operating Expense": NaN,
        "Depreciation Amortization Depletion Income Statement": NaN,
        "Depreciation And Amortization In Income Statement": NaN,
        "Amortization": NaN,
        "Amortization Of Intangibles Income Statement": NaN,
        "Depreciation Income Statement": NaN,
        "Research And Development": 63450000.0,
        "Selling General And Administration": NaN,
        "Selling And Marketing Expense": 85531000.0,
        "General And Administrative Expense": NaN,
        "Other Gand A": NaN,
        "Gross Profit": NaN,
        "Cost Of Revenue": NaN,
        "Total Revenue": NaN,
        "Operating Revenue": NaN
    },
    "2025-09-30": {
        "Tax Effect Of Unusual Items": -3435810.0,
        "Tax Rate For Calcs": 0.21,
        "Normalized EBITDA": 265708000.0,
        "Total Unusual Items": -16361000.0,
        "Total Unusual Items Excluding Goodwill": -16361000.0,
        "Net Income From Continuing Operation Net Minority Interest": 105284000.0,
        "Reconciled Depreciation": 92822000.0,
        "Reconciled Cost Of Revenue": 139077000.0,
        "EBITDA": 249347000.0,
        "EBIT": 156525000.0,
        "Net Interest Income": -55940000.0,
        "Normalized Income": 118209190.0,
        "Net Income From Continuing And Discontinued Operation": 105284000.0,
        "Total Expenses": 512662000.0,
        "Total Operating Income As Reported": 156525000.0,
        "Diluted Average Shares": 185832674.0,
        "Basic Average Shares": 185169128.0,
        "Diluted EPS": 0.57,
        "Basic EPS": 0.57,
        "Diluted NI Availto Com Stockholders": 105284000.0,
        "Net Income Common Stockholders": 105284000.0,
        "Net Income": 105284000.0,
        "Net Income Including Noncontrolling Interests": 105284000.0,
        "Net Income Continuous Operations": 105284000.0,
        "Tax Provision": -21060000.0,
        "Pretax Income": 84224000.0,
        "Other Income Expense": -16361000.0,
        "Special Income Charges": -16361000.0,
        "Other Special Charges": 16361000.0,
        "Impairment Of Capital Assets": NaN,
        "Net Non Operating Interest Income Expense": -55940000.0,
        "Total Other Finance Cost": 55940000.0,
        "Operating Income": 156525000.0,
        "Operating Expense": 373585000.0,
        "Depreciation Amortization Depletion Income Statement": 92822000.0,
        "Depreciation And Amortization In Income Statement": 92822000.0,
        "Amortization": 75099000.0,
        "Amortization Of Intangibles Income Statement": 75099000.0,
        "Depreciation Income Statement": 17723000.0,
        "Research And Development": 69651000.0,
        "Selling General And Administration": 211112000.0,
        "Selling And Marketing Expense": 99964000.0,
        "General And Administrative Expense": 111148000.0,
        "Other Gand A": 111148000.0,
        "Gross Profit": 530110000.0,
        "Cost Of Revenue": 139077000.0,
        "Total Revenue": 669187000.0,
        "Operating Revenue": 669187000.0
    },
    "2024-09-30": {
        "Tax Effect Of Unusual Items": -570990.0,
        "Tax Rate For Calcs": 0.21,
        "Normalized EBITDA": 278991000.0,
        "Total Unusual Items": -2719000.0,
        "Total Unusual Items Excluding Goodwill": -2719000.0,
        "Net Income From Continuing Operation Net Minority Interest": 133403000.0,
        "Reconciled Depreciation": 97176000.0,
        "Reconciled Cost Of Revenue": 153358000.0,
        "EBITDA": 276272000.0,
        "EBIT": 179096000.0,
        "Net Interest Income": -80146000.0,
        "Normalized Income": 135551010.0,
        "Net Income From Continuing And Discontinued Operation": 133403000.0,
        "Total Expenses": 509494000.0,
        "Total Operating Income As Reported": 179096000.0,
        "Diluted Average Shares": 191001519.0,
        "Basic Average Shares": 191001519.0,
        "Diluted EPS": 0.698439,
        "Basic EPS": 0.698439,
        "Diluted NI Availto Com Stockholders": 133403000.0,
        "Net Income Common Stockholders": 133403000.0,
        "Net Income": 133403000.0,
        "Net Income Including Noncontrolling Interests": 133403000.0,
        "Net Income Continuous Operations": 133403000.0,
        "Tax Provision": -37172000.0,
        "Pretax Income": 96231000.0,
        "Other Income Expense": -2719000.0,
        "Special Income Charges": -2719000.0,
        "Other Special Charges": 2719000.0,
        "Impairment Of Capital Assets": NaN,
        "Net Non Operating Interest Income Expense": -80146000.0,
        "Total Other Finance Cost": 80146000.0,
        "Operating Income": 179096000.0,
        "Operating Expense": 356136000.0,
        "Depreciation Amortization Depletion Income Statement": 97176000.0,
        "Depreciation And Amortization In Income Statement": 97176000.0,
        "Amortization": 78869000.0,
        "Amortization Of Intangibles Income Statement": 78869000.0,
        "Depreciation Income Statement": 18307000.0,
        "Research And Development": 63492000.0,
        "Selling General And Administration": 195468000.0,
        "Selling And Marketing Expense": 104453000.0,
        "General And Administrative Expense": 91015000.0,
        "Other Gand A": 91015000.0,
        "Gross Profit": 535232000.0,
        "Cost Of Revenue": 153358000.0,
        "Total Revenue": 688590000.0,
        "Operating Revenue": 688590000.0
    }
}