{
    "2023-06-30": {
        "Tax Effect Of Unusual Items": NaN,
        "Tax Rate For Calcs": NaN,
        "Normalized EBITDA": NaN,
        "Total Unusual Items": NaN,
        "Total Unusual Items Excluding Goodwill": NaN,
        "Net Income From Continuing Operation Net Minority Interest": NaN,
        "Reconciled Depreciation": NaN,
        "Reconciled Cost Of Revenue": NaN,
        "EBITDA": NaN,
        "EBIT": NaN,
        "Net Interest Income": NaN,
        "Interest Expense": NaN,
        "Normalized Income": NaN,
        "Net Income From Continuing And Discontinued Operation": NaN,
        "Total Expenses": NaN,
        "Total Operating Income As Reported": NaN,
        "Diluted Average Shares": NaN,
        "Basic Average Shares": NaN,
        "Diluted EPS": NaN,
        "Basic EPS": NaN,
        "Diluted NI Availto Com Stockholders": NaN,
        "Net Income Common Stockholders": NaN,
        "Net Income": NaN,
        "Minority Interests": NaN,
        "Net Income Including Noncontrolling Interests": NaN,
        "Net Income Continuous Operations": NaN,
        "Tax Provision": NaN,
        "Pretax Income": NaN,
        "Other Income Expense": NaN,
        "Other Non Operating Income Expenses": NaN,
        "Special Income Charges": 0.0,
        "Impairment Of Capital Assets": NaN,
        "Gain On Sale Of Security": NaN,
        "Net Non Operating Interest Income Expense": NaN,
        "Interest Expense Non Operating": NaN,
        "Operating Income": NaN,
        "Operating Expense": NaN,
        "Selling General And Administration": NaN,
        "Gross Profit": NaN,
        "Cost Of Revenue": NaN,
        "Total Revenue": NaN,
        "Operating Revenue": NaN
    },
    "2023-03-31": {
        "Tax Effect Of Unusual Items": NaN,
        "Tax Rate For Calcs": NaN,
        "Normalized EBITDA": NaN,
        "Total Unusual Items": NaN,
        "Total Unusual Items Excluding Goodwill": NaN,
        "Net Income From Continuing Operation Net Minority Interest": NaN,
        "Reconciled Depreciation": NaN,
        "Reconciled Cost Of Revenue": NaN,
        "EBITDA": NaN,
        "EBIT": NaN,
        "Net Interest Income": NaN,
        "Interest Expense": NaN,
        "Normalized Income": NaN,
        "Net Income From Continuing And Discontinued Operation": NaN,
        "Total Expenses": NaN,
        "Total Operating Income As Reported": NaN,
        "Diluted Average Shares": NaN,
        "Basic Average Shares": NaN,
        "Diluted EPS": NaN,
        "Basic EPS": NaN,
        "Diluted NI Availto Com Stockholders": NaN,
        "Net Income Common Stockholders": NaN,
        "Net Income": NaN,
        "Minority Interests": NaN,
        "Net Income Including Noncontrolling Interests": NaN,
        "Net Income Continuous Operations": NaN,
        "Tax Provision": NaN,
        "Pretax Income": NaN,
        "Other Income Expense": NaN,
        "Other Non Operating Income Expenses": NaN,
        "Special Income Charges": 0.0,
        "Impairment Of Capital Assets": NaN,
        "Gain On Sale Of Security": NaN,
        "Net Non Operating Interest Income Expense": NaN,
        "Interest Expense Non Operating": NaN,
        "Operating Income": NaN,
        "Operating Expense": NaN,
        "Selling General And Administration": NaN,
        "Gross Profit": NaN,
        "Cost Of Revenue": NaN,
        "Total Revenue": NaN,
        "Operating Revenue": NaN
    },
    "2022-12-31": {
        "Tax Effect Of Unusual Items": NaN,
        "Tax Rate For Calcs": NaN,
        "Normalized EBITDA": NaN,
        "Total Unusual Items": NaN,
        "Total Unusual Items Excluding Goodwill": NaN,
        "Net Income From Continuing Operation Net Minority Interest": NaN,
        "Reconciled Depreciation": NaN,
        "Reconciled Cost Of Revenue": NaN,
        "EBITDA": NaN,
        "EBIT": NaN,
        "Net Interest Income": NaN,
        "Interest Expense": NaN,
        "Normalized Income": NaN,
        "Net Income From Continuing And Discontinued Operation": NaN,
        "Total Expenses": NaN,
        "Total Operating Income As Reported": NaN,
        "Diluted Average Shares": NaN,
        "Basic Average Shares": NaN,
        "Diluted EPS": NaN,
        "Basic EPS": NaN,
        "Diluted NI Availto Com Stockholders": NaN,
        "Net Income Common Stockholders": NaN,
        "Net Income": NaN,
        "Minority Interests": NaN,
        "Net Income Including Noncontrolling Interests": NaN,
        "Net Income Continuous Operations": NaN,
        "Tax Provision": NaN,
        "Pretax Income": NaN,
        "Other Income Expense": NaN,
        "Other Non Operating Income Expenses": NaN,
        "Special Income Charges": 0.0,
        "Other Special Charges": 0.0,
        "Impairment Of Capital Assets": 0.0,
        "Gain On Sale Of Security": NaN,
        "Net Non Operating Interest Income Expense": NaN,
        "Interest Expense Non Operating": NaN,
        "Operating Income": NaN,
        "Operating Expense": NaN,
        "Selling General And Administration": NaN,
        "Gross Profit": NaN,
        "Cost Of Revenue": NaN,
        "Total Revenue": NaN,
        "Operating Revenue": NaN
    },
    "2022-09-30": {
        "Tax Effect Of Unusual Items": NaN,
        "Tax Rate For Calcs": NaN,
        "Normalized EBITDA": NaN,
        "Total Unusual Items": NaN,
        "Total Unusual Items Excluding Goodwill": NaN,
        "Net Income From Continuing Operation Net Minority Interest": NaN,
        "Reconciled Depreciation": NaN,
        "Reconciled Cost Of Revenue": NaN,
        "EBITDA": NaN,
        "EBIT": NaN,
        "Net Interest Income": NaN,
        "Interest Expense": NaN,
        "Normalized Income": NaN,
        "Net Income From Continuing And Discontinued Operation": NaN,
        "Total Expenses": NaN,
        "Total Operating Income As Reported": NaN,
        "Diluted Average Shares": NaN,
        "Basic Average Shares": NaN,
        "Diluted EPS": NaN,
        "Basic EPS": NaN,
        "Diluted NI Availto Com Stockholders": NaN,
        "Net Income Common Stockholders": NaN,
        "Net Income": NaN,
        "Minority Interests": NaN,
        "Net Income Including Noncontrolling Interests": NaN,
        "Net Income Continuous Operations": NaN,
        "Tax Provision": NaN,
        "Pretax Income": NaN,
        "Other Income Expense": NaN,
        "Other Non Operating Income Expenses": NaN,
        "Special Income Charges": NaN,
        "Other Special Charges": NaN,
        "Impairment Of Capital Assets": 695771000.0,
        "Gain On Sale Of Security": NaN,
        "Net Non Operating Interest Income Expense": NaN,
        "Interest Expense Non Operating": NaN,
        "Operating Income": NaN,
        "Operating Expense": NaN,
        "Selling General And Administration": NaN,
        "Gross Profit": NaN,
        "Cost Of Revenue": NaN,
        "Total Revenue": NaN,
        "Operating Revenue": NaN
    },
    "2022-06-30": {
        "Tax Effect Of Unusual Items": 63656.0,
        "Tax Rate For Calcs": 0.218,
        "Normalized EBITDA": 512022000.0,
        "Total Unusual Items": 292000.0,
        "Total Unusual Items Excluding Goodwill": 292000.0,
        "Net Income From Continuing Operation Net Minority Interest": 280431000.0,
        "Reconciled Depreciation": 141569000.0,
        "Reconciled Cost Of Revenue": 2279991000.0,
        "EBITDA": 512314000.0,
        "EBIT": 370745000.0,
        "Net Interest Income": -12059000.0,
        "Interest Expense": 12059000.0,
        "Normalized Income": 280202656.0,
        "Net Income From Continuing And Discontinued Operation": 280431000.0,
        "Total Expenses": 2785261000.0,
        "Total Operating Income As Reported": 367927000.0,
        "Diluted Average Shares": 63798000.0,
        "Basic Average Shares": 63540000.0,
        "Diluted EPS": 4.4,
        "Basic EPS": 4.41,
        "Diluted NI Availto Com Stockholders": 280431000.0,
        "Net Income Common Stockholders": 280431000.0,
        "Net Income": 280431000.0,
        "Minority Interests": -79000.0,
        "Net Income Including Noncontrolling Interests": 280510000.0,
        "Net Income Continuous Operations": 280510000.0,
        "Tax Provision": 78176000.0,
        "Pretax Income": 358686000.0,
        "Other Income Expense": 2818000.0,
        "Other Non Operating Income Expenses": 2526000.0,
        "Special Income Charges": 0.0,
        "Other Special Charges": NaN,
        "Impairment Of Capital Assets": NaN,
        "Gain On Sale Of Security": 292000.0,
        "Net Non Operating Interest Income Expense": -12059000.0,
        "Interest Expense Non Operating": 12059000.0,
        "Operating Income": 367927000.0,
        "Operating Expense": 505270000.0,
        "Selling General And Administration": 505270000.0,
        "Gross Profit": 873197000.0,
        "Cost Of Revenue": 2279991000.0,
        "Total Revenue": 3153188000.0,
        "Operating Revenue": 3153188000.0
    },
    "2022-03-31": {
        "Diluted EPS": 3.78,
        "Total Revenue": NaN,
        "Gross Profit": 802,
        "Operating Income": 321,
        "EBIT": 462,
        "Net Income": 245
    },
    "2021-12-31": {
        "Diluted EPS": 2.83,
        "Total Revenue": NaN,
        "Gross Profit": 737,
        "Operating Income": 253,
        "EBIT": 397,
        "Net Income": 189
    },
    "2021-09-30": {
        "Diluted EPS": 3.93,
        "Total Revenue": NaN,
        "Gross Profit": 837,
        "Operating Income": 360,
        "EBIT": 509,
        "Net Income": 271
    },
    "2021-06-30": {
        "Diluted EPS": 4.82,
        "Total Revenue": NaN,
        "Gross Profit": 902,
        "Operating Income": 404,
        "EBIT": 553,
        "Net Income": 336
    },
    "2021-03-31": {
        "Diluted EPS": 3.36,
        "Total Revenue": NaN,
        "Gross Profit": 792,
        "Operating Income": 318,
        "EBIT": 469,
        "Net Income": 237
    },
    "2020-12-31": {
        "Diluted EPS": 3.49,
        "Total Revenue": NaN,
        "Gross Profit": 738,
        "Operating Income": 283,
        "EBIT": 439,
        "Net Income": 248
    },
    "2020-09-30": {
        "Diluted EPS": 2.87,
        "Total Revenue": NaN,
        "Gross Profit": 706,
        "Operating Income": 263,
        "EBIT": 414,
        "Net Income": 205
    },
    "2020-06-30": {
        "Diluted EPS": -0.68,
        "Total Revenue": NaN,
        "Gross Profit": 370,
        "Operating Income": -61,
        "EBIT": 93,
        "Net Income": -48
    },
    "2020-03-31": {
        "Diluted EPS": 1.54,
        "Total Revenue": NaN,
        "Gross Profit": 616,
        "Operating Income": 151,
        "EBIT": 297,
        "Net Income": 111
    },
    "2019-12-31": {
        "Diluted EPS": 3.69,
        "Total Revenue": NaN,
        "Gross Profit": 623,
        "Operating Income": 155,
        "EBIT": 303,
        "Net Income": 265
    },
    "2019-09-30": {
        "Diluted EPS": 2.15,
        "Total Revenue": NaN,
        "Gross Profit": 692,
        "Operating Income": 240,
        "EBIT": 450,
        "Net Income": 156
    },
    "2019-06-30": {
        "Diluted EPS": 2.79,
        "Total Revenue": NaN,
        "Gross Profit": 737,
        "Operating Income": 267,
        "EBIT": 407,
        "Net Income": 202
    },
    "2019-03-31": {
        "Diluted EPS": 1.67,
        "Total Revenue": NaN,
        "Gross Profit": 625,
        "Operating Income": 165,
        "EBIT": 303,
        "Net Income": 122
    },
    "2018-12-31": {
        "Diluted EPS": 3.05,
        "Total Revenue": NaN,
        "Gross Profit": 646,
        "Operating Income": 213,
        "EBIT": 352,
        "Net Income": 225
    },
    "2018-09-30": {
        "Diluted EPS": 3.02,
        "Total Revenue": NaN,
        "Gross Profit": 720,
        "Operating Income": 287,
        "EBIT": 420,
        "Net Income": 227
    },
    "2018-06-30": {
        "Diluted EPS": 2.62,
        "Total Revenue": NaN,
        "Gross Profit": 767,
        "Operating Income": 326,
        "EBIT": 453,
        "Net Income": 197
    },
    "2018-03-31": {
        "Diluted EPS": 2.78,
        "Total Revenue": NaN,
        "Gross Profit": 705,
        "Operating Income": 268,
        "EBIT": 391,
        "Net Income": 209
    },
    "2017-12-31": {
        "Diluted EPS": 3.21,
        "Total Revenue": NaN,
        "Gross Profit": 754,
        "Operating Income": 343,
        "EBIT": 462,
        "Net Income": 240
    },
    "2017-09-30": {
        "Diluted EPS": 3.61,
        "Total Revenue": NaN,
        "Gross Profit": 783,
        "Operating Income": 380,
        "EBIT": 494,
        "Net Income": 270
    },
    "2017-06-30": {
        "Diluted EPS": 3.48,
        "Total Revenue": NaN,
        "Gross Profit": 779,
        "Operating Income": 356,
        "EBIT": 466,
        "Net Income": 261
    },
    "2017-03-31": {
        "Diluted EPS": 2.68,
        "Total Revenue": NaN,
        "Gross Profit": 680,
        "Operating Income": 275,
        "EBIT": 380,
        "Net Income": 201
    },
    "2016-12-31": {
        "Diluted EPS": 3.14,
        "Total Revenue": NaN,
        "Gross Profit": 691,
        "Operating Income": 305,
        "EBIT": 410,
        "Net Income": 234
    },
    "2016-09-30": {
        "Diluted EPS": 3.62,
        "Total Revenue": NaN,
        "Gross Profit": 727,
        "Operating Income": 378,
        "EBIT": 530,
        "Net Income": 270
    },
    "2016-06-30": {
        "Diluted EPS": 3.42,
        "Total Revenue": NaN,
        "Gross Profit": 756,
        "Operating Income": 351,
        "EBIT": 452,
        "Net Income": 255
    },
    "2016-03-31": {
        "Diluted EPS": 2.3,
        "Total Revenue": NaN,
        "Gross Profit": 640,
        "Operating Income": 246,
        "EBIT": 346,
        "Net Income": 172
    },
    "2015-12-31": {
        "Diluted EPS": 2.59,
        "Total Revenue": NaN,
        "Gross Profit": 622,
        "Operating Income": 249,
        "EBIT": 343,
        "Net Income": 192
    },
    "2015-09-30": {
        "Diluted EPS": 2.89,
        "Total Revenue": NaN,
        "Gross Profit": 661,
        "Operating Income": 289,
        "EBIT": 384,
        "Net Income": 215
    },
    "2015-06-30": {
        "Diluted EPS": 2.53,
        "Total Revenue": NaN,
        "Gross Profit": 615,
        "Operating Income": 256,
        "EBIT": 344,
        "Net Income": 186
    },
    "2015-03-31": {
        "Diluted EPS": 0.3,
        "Total Revenue": NaN,
        "Gross Profit": 512,
        "Operating Income": 44,
        "EBIT": 129,
        "Net Income": 22
    },
    "2014-12-31": {
        "Diluted EPS": 2.0,
        "Total Revenue": NaN,
        "Gross Profit": 542,
        "Operating Income": 206,
        "EBIT": 302,
        "Net Income": 147
    },
    "2014-09-30": {
        "Diluted EPS": 2.06,
        "Total Revenue": NaN,
        "Gross Profit": 556,
        "Operating Income": 214,
        "EBIT": 299,
        "Net Income": 151
    },
    "2014-06-30": {
        "Diluted EPS": 2.08,
        "Total Revenue": NaN,
        "Gross Profit": 575,
        "Operating Income": 222,
        "EBIT": 306,
        "Net Income": 153
    },
    "2014-03-31": {
        "Diluted EPS": 1.11,
        "Total Revenue": NaN,
        "Gross Profit": 481,
        "Operating Income": 131,
        "EBIT": 212,
        "Net Income": 81
    },
    "2013-12-31": {
        "Diluted EPS": 1.31,
        "Total Revenue": NaN,
        "Gross Profit": 513,
        "Operating Income": 151,
        "EBIT": 237,
        "Net Income": 95
    },
    "2013-09-30": {
        "Diluted EPS": 1.63,
        "Total Revenue": NaN,
        "Gross Profit": 517,
        "Operating Income": 176,
        "EBIT": 257,
        "Net Income": 119
    },
    "2013-06-30": {
        "Diluted EPS": 1.16,
        "Total Revenue": NaN,
        "Gross Profit": 514,
        "Operating Income": 133,
        "EBIT": 214,
        "Net Income": 85
    },
    "2013-03-31": {
        "Diluted EPS": 0.72,
        "Total Revenue": NaN,
        "Gross Profit": 377,
        "Operating Income": 87,
        "EBIT": 147,
        "Net Income": 50
    },
    "2012-12-31": {
        "Diluted EPS": 0.96,
        "Total Revenue": NaN,
        "Gross Profit": 369,
        "Operating Income": 96,
        "EBIT": 160,
        "Net Income": 66
    },
    "2012-09-30": {
        "Diluted EPS": 1.01,
        "Total Revenue": NaN,
        "Gross Profit": 373,
        "Operating Income": 104,
        "EBIT": 175,
        "Net Income": 70
    },
    "2012-06-30": {
        "Diluted EPS": 1.06,
        "Total Revenue": NaN,
        "Gross Profit": 388,
        "Operating Income": 108,
        "EBIT": 180,
        "Net Income": 73
    },
    "2012-03-31": {
        "Diluted EPS": 0.58,
        "Total Revenue": NaN,
        "Gross Profit": 359,
        "Operating Income": 72,
        "EBIT": 145,
        "Net Income": 40
    },
    "2011-12-31": {
        "Diluted EPS": 0.62,
        "Total Revenue": NaN,
        "Gross Profit": 335,
        "Operating Income": 66,
        "EBIT": 141,
        "Net Income": 43
    },
    "2011-09-30": {
        "Diluted EPS": 0.68,
        "Total Revenue": NaN,
        "Gross Profit": 358,
        "Operating Income": 91,
        "EBIT": 166,
        "Net Income": 47
    },
    "2011-06-30": {
        "Diluted EPS": 0.88,
        "Total Revenue": NaN,
        "Gross Profit": 382,
        "Operating Income": 102,
        "EBIT": 176,
        "Net Income": 61
    },
    "2011-03-31": {
        "Diluted EPS": 0.34,
        "Total Revenue": NaN,
        "Gross Profit": 342,
        "Operating Income": 56,
        "EBIT": 130,
        "Net Income": 23
    },
    "2010-12-31": {
        "Diluted EPS": 0.66,
        "Total Revenue": NaN,
        "Gross Profit": 342,
        "Operating Income": 86,
        "EBIT": 160,
        "Net Income": 46
    },
    "2010-09-30": {
        "Diluted EPS": 0.74,
        "Total Revenue": NaN,
        "Gross Profit": 345,
        "Operating Income": 85,
        "EBIT": 158,
        "Net Income": 51
    },
    "2010-06-30": {
        "Diluted EPS": 0.95,
        "Total Revenue": NaN,
        "Gross Profit": 375,
        "Operating Income": 90,
        "EBIT": 162,
        "Net Income": 65
    },
    "2010-03-31": {
        "Diluted EPS": 0.3,
        "Total Revenue": NaN,
        "Gross Profit": 341,
        "Operating Income": 54,
        "EBIT": 130,
        "Net Income": 21
    },
    "2009-12-31": {
        "Diluted EPS": 0.3,
        "Total Revenue": NaN,
        "Gross Profit": 342,
        "Operating Income": 47,
        "EBIT": 129,
        "Net Income": 20
    },
    "2009-09-30": {
        "Diluted EPS": 0.5,
        "Total Revenue": NaN,
        "Gross Profit": 369,
        "Operating Income": 68,
        "EBIT": 145,
        "Net Income": 34
    },
    "2009-06-30": {
        "Diluted EPS": 0.67,
        "Total Revenue": NaN,
        "Gross Profit": 367,
        "Operating Income": 75,
        "EBIT": 152,
        "Net Income": 46
    },
    "2009-03-31": {
        "Diluted EPS": -1.55,
        "Total Revenue": NaN,
        "Gross Profit": 154,
        "Operating Income": -146,
        "EBIT": -78,
        "Net Income": -106
    },
    "2023-09-30": {
        "Tax Effect Of Unusual Items": NaN,
        "Tax Rate For Calcs": NaN,
        "Normalized EBITDA": NaN,
        "Total Unusual Items": NaN,
        "Total Unusual Items Excluding Goodwill": NaN,
        "Net Income From Continuing Operation Net Minority Interest": NaN,
        "Reconciled Depreciation": NaN,
        "Reconciled Cost Of Revenue": NaN,
        "EBITDA": NaN,
        "EBIT": NaN,
        "Net Interest Income": NaN,
        "Interest Expense": NaN,
        "Normalized Income": NaN,
        "Net Income From Continuing And Discontinued Operation": NaN,
        "Total Expenses": NaN,
        "Total Operating Income As Reported": NaN,
        "Diluted Average Shares": NaN,
        "Basic Average Shares": NaN,
        "Diluted EPS": NaN,
        "Basic EPS": NaN,
        "Diluted NI Availto Com Stockholders": NaN,
        "Net Income Common Stockholders": NaN,
        "Net Income": NaN,
        "Minority Interests": NaN,
        "Net Income Including Noncontrolling Interests": NaN,
        "Net Income Continuous Operations": NaN,
        "Tax Provision": NaN,
        "Pretax Income": NaN,
        "Other Income Expense": NaN,
        "Other Non Operating Income Expenses": NaN,
        "Special Income Charges": -876100000.0,
        "Impairment Of Capital Assets": 876100000.0,
        "Gain On Sale Of Security": NaN,
        "Net Non Operating Interest Income Expense": NaN,
        "Interest Expense Non Operating": NaN,
        "Operating Income": NaN,
        "Operating Expense": NaN,
        "Selling General And Administration": NaN,
        "Gross Profit": NaN,
        "Cost Of Revenue": NaN,
        "Total Revenue": NaN,
        "Operating Revenue": NaN
    },
    "2023-12-31": {
        "Tax Effect Of Unusual Items": NaN,
        "Tax Rate For Calcs": NaN,
        "Normalized EBITDA": NaN,
        "Total Unusual Items": NaN,
        "Total Unusual Items Excluding Goodwill": NaN,
        "Net Income From Continuing Operation Net Minority Interest": NaN,
        "Reconciled Depreciation": NaN,
        "Reconciled Cost Of Revenue": NaN,
        "EBITDA": NaN,
        "EBIT": NaN,
        "Net Interest Income": NaN,
        "Interest Expense": NaN,
        "Normalized Income": NaN,
        "Net Income From Continuing And Discontinued Operation": NaN,
        "Total Expenses": NaN,
        "Total Operating Income As Reported": NaN,
        "Diluted Average Shares": NaN,
        "Basic Average Shares": NaN,
        "Diluted EPS": NaN,
        "Basic EPS": NaN,
        "Diluted NI Availto Com Stockholders": NaN,
        "Net Income Common Stockholders": NaN,
        "Net Income": NaN,
        "Minority Interests": NaN,
        "Net Income Including Noncontrolling Interests": NaN,
        "Net Income Continuous Operations": NaN,
        "Tax Provision": NaN,
        "Pretax Income": NaN,
        "Other Income Expense": NaN,
        "Other Non Operating Income Expenses": NaN,
        "Special Income Charges": -1636000.0,
        "Impairment Of Capital Assets": 1636000.0,
        "Gain On Sale Of Security": NaN,
        "Net Non Operating Interest Income Expense": NaN,
        "Interest Expense Non Operating": NaN,
        "Operating Income": NaN,
        "Operating Expense": NaN,
        "Selling General And Administration": NaN,
        "Gross Profit": NaN,
        "Cost Of Revenue": NaN,
        "Total Revenue": NaN,
        "Operating Revenue": NaN
    },
    "2024-03-31": {
        "Tax Effect Of Unusual Items": -441000.0,
        "Tax Rate For Calcs": 0.21,
        "Normalized EBITDA": 304000000.0,
        "Total Unusual Items": -2100000.0,
        "Total Unusual Items Excluding Goodwill": -2100000.0,
        "Net Income From Continuing Operation Net Minority Interest": 105000000.0,
        "Reconciled Depreciation": 154200000.0,
        "Reconciled Cost Of Revenue": 2029900000.0,
        "EBITDA": 301900000.0,
        "EBIT": 147700000.0,
        "Net Interest Income": -14900000.0,
        "Interest Expense": 14900000.0,
        "Normalized Income": 106659000.0,
        "Net Income From Continuing And Discontinued Operation": 105000000.0,
        "Total Expenses": 2532800000.0,
        "Total Operating Income As Reported": 146600000.0,
        "Diluted Average Shares": 64000000.0,
        "Basic Average Shares": 63700000.0,
        "Diluted EPS": 1.64,
        "Basic EPS": 1.65,
        "Diluted NI Availto Com Stockholders": 105000000.0,
        "Net Income Common Stockholders": 105000000.0,
        "Net Income": 105000000.0,
        "Minority Interests": 0.0,
        "Net Income Including Noncontrolling Interests": 105000000.0,
        "Net Income Continuous Operations": 105000000.0,
        "Tax Provision": 27800000.0,
        "Pretax Income": 132800000.0,
        "Other Income Expense": 1100000.0,
        "Other Non Operating Income Expenses": 3200000.0,
        "Special Income Charges": NaN,
        "Impairment Of Capital Assets": NaN,
        "Gain On Sale Of Security": -2100000.0,
        "Net Non Operating Interest Income Expense": -14900000.0,
        "Interest Expense Non Operating": 14900000.0,
        "Operating Income": 146600000.0,
        "Operating Expense": 502900000.0,
        "Selling General And Administration": 502900000.0,
        "Gross Profit": 649500000.0,
        "Cost Of Revenue": 2029900000.0,
        "Total Revenue": 2679400000.0,
        "Operating Revenue": 2679400000.0
    },
    "2024-06-30": {
        "Tax Effect Of Unusual Items": -381600.0,
        "Tax Rate For Calcs": 0.212,
        "Normalized EBITDA": 385700000.0,
        "Total Unusual Items": -1800000.0,
        "Total Unusual Items Excluding Goodwill": -1800000.0,
        "Net Income From Continuing Operation Net Minority Interest": 157400000.0,
        "Reconciled Depreciation": 171500000.0,
        "Reconciled Cost Of Revenue": 2077500000.0,
        "EBITDA": 383900000.0,
        "EBIT": 212400000.0,
        "Net Interest Income": -12600000.0,
        "Interest Expense": 12600000.0,
        "Normalized Income": 158818400.0,
        "Net Income From Continuing And Discontinued Operation": 157400000.0,
        "Total Expenses": 2587300000.0,
        "Total Operating Income As Reported": 214000000.0,
        "Diluted Average Shares": 63900000.0,
        "Basic Average Shares": 63600000.0,
        "Diluted EPS": 2.46,
        "Basic EPS": 2.47,
        "Diluted NI Availto Com Stockholders": 157400000.0,
        "Net Income Common Stockholders": 157400000.0,
        "Net Income": 157400000.0,
        "Minority Interests": -100000.0,
        "Net Income Including Noncontrolling Interests": 157500000.0,
        "Net Income Continuous Operations": 157500000.0,
        "Tax Provision": 42300000.0,
        "Pretax Income": 199800000.0,
        "Other Income Expense": -1600000.0,
        "Other Non Operating Income Expenses": 200000.0,
        "Special Income Charges": NaN,
        "Impairment Of Capital Assets": NaN,
        "Gain On Sale Of Security": -1800000.0,
        "Net Non Operating Interest Income Expense": -12600000.0,
        "Interest Expense Non Operating": 12600000.0,
        "Operating Income": 214000000.0,
        "Operating Expense": 509800000.0,
        "Selling General And Administration": 509800000.0,
        "Gross Profit": 723800000.0,
        "Cost Of Revenue": 2077500000.0,
        "Total Revenue": 2801300000.0,
        "Operating Revenue": 2801300000.0
    },
    "2024-09-30": {
        "Tax Effect Of Unusual Items": -551600.0,
        "Tax Rate For Calcs": 0.197,
        "Normalized EBITDA": 372000000.0,
        "Total Unusual Items": -2800000.0,
        "Total Unusual Items Excluding Goodwill": -2800000.0,
        "Net Income From Continuing Operation Net Minority Interest": 162000000.0,
        "Reconciled Depreciation": 156200000.0,
        "Reconciled Cost Of Revenue": 2026400000.0,
        "EBITDA": 369200000.0,
        "EBIT": 213000000.0,
        "Net Interest Income": -11200000.0,
        "Interest Expense": 11200000.0,
        "Normalized Income": 164248400.0,
        "Net Income From Continuing And Discontinued Operation": 162000000.0,
        "Total Expenses": 2506700000.0,
        "Total Operating Income As Reported": 212300000.0,
        "Diluted Average Shares": 63400000.0,
        "Basic Average Shares": 63100000.0,
        "Diluted EPS": 2.55,
        "Basic EPS": 2.57,
        "Diluted NI Availto Com Stockholders": 162000000.0,
        "Net Income Common Stockholders": 162000000.0,
        "Net Income": 162000000.0,
        "Minority Interests": 0.0,
        "Net Income Including Noncontrolling Interests": 162000000.0,
        "Net Income Continuous Operations": 162000000.0,
        "Tax Provision": 39800000.0,
        "Pretax Income": 201800000.0,
        "Other Income Expense": 700000.0,
        "Other Non Operating Income Expenses": 3500000.0,
        "Special Income Charges": 0.0,
        "Impairment Of Capital Assets": 0.0,
        "Gain On Sale Of Security": -2800000.0,
        "Net Non Operating Interest Income Expense": -11200000.0,
        "Interest Expense Non Operating": 11200000.0,
        "Operating Income": 212300000.0,
        "Operating Expense": 480300000.0,
        "Selling General And Administration": 480300000.0,
        "Gross Profit": 692600000.0,
        "Cost Of Revenue": 2026400000.0,
        "Total Revenue": 2719000000.0,
        "Operating Revenue": 2719000000.0
    },
    "2024-12-31": {
        "Tax Effect Of Unusual Items": -2084394.618834,
        "Tax Rate For Calcs": 0.164126,
        "Normalized EBITDA": 290500000.0,
        "Total Unusual Items": -12700000.0,
        "Total Unusual Items Excluding Goodwill": -12700000.0,
        "Net Income From Continuing Operation Net Minority Interest": 93200000.0,
        "Reconciled Depreciation": 156400000.0,
        "Reconciled Cost Of Revenue": 2015400000.0,
        "EBITDA": 277800000.0,
        "EBIT": 121400000.0,
        "Net Interest Income": -9900000.0,
        "Interest Expense": 9900000.0,
        "Normalized Income": 103815605.381166,
        "Net Income From Continuing And Discontinued Operation": 93200000.0,
        "Total Expenses": 2507200000.0,
        "Total Operating Income As Reported": 121800000.0,
        "Diluted Average Shares": 63200000.0,
        "Basic Average Shares": 62800000.0,
        "Diluted EPS": 1.48,
        "Basic EPS": 1.48,
        "Diluted NI Availto Com Stockholders": 93200000.0,
        "Net Income Common Stockholders": 93200000.0,
        "Net Income": 93200000.0,
        "Minority Interests": 0.0,
        "Net Income Including Noncontrolling Interests": 93200000.0,
        "Net Income Continuous Operations": 93200000.0,
        "Tax Provision": 18300000.0,
        "Pretax Income": 111500000.0,
        "Other Income Expense": -8600000.0,
        "Other Non Operating Income Expenses": 4100000.0,
        "Special Income Charges": -8200000.0,
        "Impairment Of Capital Assets": 8200000.0,
        "Gain On Sale Of Security": -4500000.0,
        "Net Non Operating Interest Income Expense": -9900000.0,
        "Interest Expense Non Operating": 9900000.0,
        "Operating Income": 130000000.0,
        "Operating Expense": 491800000.0,
        "Selling General And Administration": 491800000.0,
        "Gross Profit": 621800000.0,
        "Cost Of Revenue": 2015400000.0,
        "Total Revenue": 2637200000.0,
        "Operating Revenue": 2637200000.0
    },
    "2025-03-31": {
        "Tax Effect Of Unusual Items": -135800.0,
        "Tax Rate For Calcs": 0.194,
        "Normalized EBITDA": 247600000.0,
        "Total Unusual Items": -700000.0,
        "Total Unusual Items Excluding Goodwill": -700000.0,
        "Net Income From Continuing Operation Net Minority Interest": 72600000.0,
        "Reconciled Depreciation": 150400000.0,
        "Reconciled Cost Of Revenue": 1942500000.0,
        "EBITDA": 246900000.0,
        "EBIT": 96500000.0,
        "Net Interest Income": -6400000.0,
        "Interest Expense": 6400000.0,
        "Normalized Income": 73164200.0,
        "Net Income From Continuing And Discontinued Operation": 72600000.0,
        "Total Expenses": 2429800000.0,
        "Total Operating Income As Reported": 96000000.0,
        "Diluted Average Shares": 62900000.0,
        "Basic Average Shares": 62600000.0,
        "Diluted EPS": 1.15,
        "Basic EPS": 1.16,
        "Diluted NI Availto Com Stockholders": 72600000.0,
        "Net Income Common Stockholders": 72600000.0,
        "Net Income": 72600000.0,
        "Minority Interests": 0.0,
        "Net Income Including Noncontrolling Interests": 72600000.0,
        "Net Income Continuous Operations": 72600000.0,
        "Tax Provision": 17500000.0,
        "Pretax Income": 90100000.0,
        "Other Income Expense": 500000.0,
        "Other Non Operating Income Expenses": 1200000.0,
        "Special Income Charges": NaN,
        "Impairment Of Capital Assets": NaN,
        "Gain On Sale Of Security": -700000.0,
        "Net Non Operating Interest Income Expense": -6400000.0,
        "Interest Expense Non Operating": 6400000.0,
        "Operating Income": 96000000.0,
        "Operating Expense": 487300000.0,
        "Selling General And Administration": 487300000.0,
        "Gross Profit": 583300000.0,
        "Cost Of Revenue": 1942500000.0,
        "Total Revenue": 2525800000.0,
        "Operating Revenue": 2525800000.0
    },
    "2025-06-30": {
        "Tax Effect Of Unusual Items": -921200.0,
        "Tax Rate For Calcs": 0.188,
        "Normalized EBITDA": 346200000.0,
        "Total Unusual Items": -4900000.0,
        "Total Unusual Items Excluding Goodwill": -4900000.0,
        "Net Income From Continuing Operation Net Minority Interest": 146500000.0,
        "Reconciled Depreciation": 155600000.0,
        "Reconciled Cost Of Revenue": 2087700000.0,
        "EBITDA": 341300000.0,
        "EBIT": 185700000.0,
        "Net Interest Income": -5200000.0,
        "Interest Expense": 5200000.0,
        "Normalized Income": 150478800.0,
        "Net Income From Continuing And Discontinued Operation": 146500000.0,
        "Total Expenses": 2613400000.0,
        "Total Operating Income As Reported": 188700000.0,
        "Diluted Average Shares": 62600000.0,
        "Basic Average Shares": 62300000.0,
        "Diluted EPS": 2.34,
        "Basic EPS": 2.35,
        "Diluted NI Availto Com Stockholders": 146500000.0,
        "Net Income Common Stockholders": 146500000.0,
        "Net Income": 146500000.0,
        "Minority Interests": 0.0,
        "Net Income Including Noncontrolling Interests": 146500000.0,
        "Net Income Continuous Operations": 146500000.0,
        "Tax Provision": 34000000.0,
        "Pretax Income": 180500000.0,
        "Other Income Expense": -3000000.0,
        "Other Non Operating Income Expenses": 1900000.0,
        "Special Income Charges": NaN,
        "Impairment Of Capital Assets": NaN,
        "Gain On Sale Of Security": -4900000.0,
        "Net Non Operating Interest Income Expense": -5200000.0,
        "Interest Expense Non Operating": 5200000.0,
        "Operating Income": 188700000.0,
        "Operating Expense": 525700000.0,
        "Selling General And Administration": 525700000.0,
        "Gross Profit": 714400000.0,
        "Cost Of Revenue": 2087700000.0,
        "Total Revenue": 2802100000.0,
        "Operating Revenue": 2802100000.0
    }
}