{
    "2025-03-31": {
        "Tax Effect Of Unusual Items": -8967210.0,
        "Tax Rate For Calcs": 0.21,
        "Normalized EBITDA": 32091000.0,
        "Total Unusual Items": -42701000.0,
        "Total Unusual Items Excluding Goodwill": -42701000.0,
        "Net Income From Continuing Operation Net Minority Interest": -21420000.0,
        "Reconciled Depreciation": 6170000.0,
        "Reconciled Cost Of Revenue": 235193000.0,
        "EBITDA": -10610000.0,
        "EBIT": -16780000.0,
        "Net Interest Income": -3135000.0,
        "Interest Expense": 4430000.0,
        "Interest Income": 1295000.0,
        "Normalized Income": 12313790.0,
        "Net Income From Continuing And Discontinued Operation": -21420000.0,
        "Total Expenses": 304130000.0,
        "Rent Expense Supplemental": 2448000.0,
        "Total Operating Income As Reported": 22293000.0,
        "Diluted Average Shares": 79435326.0,
        "Basic Average Shares": 79435326.0,
        "Diluted EPS": -0.269653,
        "Basic EPS": -0.269653,
        "Diluted NI Availto Com Stockholders": -21420000.0,
        "Net Income Common Stockholders": -21420000.0,
        "Net Income": -21420000.0,
        "Minority Interests": 0.0,
        "Net Income Including Noncontrolling Interests": -21420000.0,
        "Net Income Continuous Operations": -21420000.0,
        "Tax Provision": 210000.0,
        "Pretax Income": -21210000.0,
        "Other Income Expense": -41022000.0,
        "Other Non Operating Income Expenses": 1679000.0,
        "Special Income Charges": -654000.0,
        "Gain On Sale Of Ppe": NaN,
        "Other Special Charges": NaN,
        "Restructuring And Mergern Acquisition": 654000.0,
        "Gain On Sale Of Security": -42047000.0,
        "Net Non Operating Interest Income Expense": -3135000.0,
        "Interest Expense Non Operating": 4430000.0,
        "Interest Income Non Operating": 1295000.0,
        "Operating Income": 22947000.0,
        "Operating Expense": 68937000.0,
        "Other Operating Expenses": 7548000.0,
        "Depreciation Amortization Depletion Income Statement": 6170000.0,
        "Depreciation And Amortization In Income Statement": 6170000.0,
        "Selling General And Administration": 55219000.0,
        "Selling And Marketing Expense": 763000.0,
        "General And Administrative Expense": 54456000.0,
        "Other Gand A": 14237000.0,
        "Rent And Landing Fees": 2448000.0,
        "Salaries And Wages": 37771000.0,
        "Gross Profit": 91884000.0,
        "Cost Of Revenue": 235193000.0,
        "Total Revenue": 327077000.0,
        "Operating Revenue": 323029000.0
    },
    "2024-12-31": {
        "Tax Effect Of Unusual Items": -277664.931087,
        "Tax Rate For Calcs": 0.114548,
        "Normalized EBITDA": 18349000.0,
        "Total Unusual Items": -2424000.0,
        "Total Unusual Items Excluding Goodwill": -2424000.0,
        "Net Income From Continuing Operation Net Minority Interest": 2891000.0,
        "Reconciled Depreciation": 6265000.0,
        "Reconciled Cost Of Revenue": 242191000.0,
        "EBITDA": 15925000.0,
        "EBIT": 9660000.0,
        "Net Interest Income": -3093000.0,
        "Interest Expense": 6395000.0,
        "Interest Income": NaN,
        "Normalized Income": 5037335.068913,
        "Net Income From Continuing And Discontinued Operation": 2891000.0,
        "Total Expenses": 316738000.0,
        "Rent Expense Supplemental": 2373000.0,
        "Total Operating Income As Reported": 7158000.0,
        "Diluted Average Shares": NaN,
        "Basic Average Shares": NaN,
        "Diluted EPS": NaN,
        "Basic EPS": NaN,
        "Diluted NI Availto Com Stockholders": 2891000.0,
        "Net Income Common Stockholders": 2891000.0,
        "Net Income": 2891000.0,
        "Minority Interests": 0.0,
        "Net Income Including Noncontrolling Interests": 2891000.0,
        "Net Income Continuous Operations": 2891000.0,
        "Tax Provision": 374000.0,
        "Pretax Income": 3265000.0,
        "Other Income Expense": -800000.0,
        "Other Non Operating Income Expenses": 1624000.0,
        "Special Income Charges": -4108000.0,
        "Gain On Sale Of Ppe": 0.0,
        "Other Special Charges": NaN,
        "Restructuring And Mergern Acquisition": 0.0,
        "Gain On Sale Of Security": 1684000.0,
        "Net Non Operating Interest Income Expense": -3093000.0,
        "Interest Expense Non Operating": 6395000.0,
        "Interest Income Non Operating": NaN,
        "Operating Income": 7158000.0,
        "Operating Expense": 74547000.0,
        "Other Operating Expenses": 7725000.0,
        "Depreciation Amortization Depletion Income Statement": 6265000.0,
        "Depreciation And Amortization In Income Statement": 6265000.0,
        "Selling General And Administration": 60557000.0,
        "Selling And Marketing Expense": 865000.0,
        "General And Administrative Expense": 59692000.0,
        "Other Gand A": 19321000.0,
        "Rent And Landing Fees": 2373000.0,
        "Salaries And Wages": 37998000.0,
        "Gross Profit": 81705000.0,
        "Cost Of Revenue": 242191000.0,
        "Total Revenue": 323896000.0,
        "Operating Revenue": 319523000.0
    },
    "2024-03-31": {
        "Tax Effect Of Unusual Items": NaN,
        "Tax Rate For Calcs": NaN,
        "Normalized EBITDA": NaN,
        "Total Unusual Items": NaN,
        "Total Unusual Items Excluding Goodwill": NaN,
        "Net Income From Continuing Operation Net Minority Interest": NaN,
        "Reconciled Depreciation": NaN,
        "Reconciled Cost Of Revenue": NaN,
        "EBITDA": NaN,
        "EBIT": NaN,
        "Net Interest Income": NaN,
        "Interest Expense": NaN,
        "Interest Income": 604000.0,
        "Normalized Income": NaN,
        "Net Income From Continuing And Discontinued Operation": NaN,
        "Total Expenses": NaN,
        "Rent Expense Supplemental": NaN,
        "Total Operating Income As Reported": NaN,
        "Diluted Average Shares": 79435326.0,
        "Basic Average Shares": 79435326.0,
        "Diluted EPS": -0.062315,
        "Basic EPS": -0.062315,
        "Diluted NI Availto Com Stockholders": NaN,
        "Net Income Common Stockholders": NaN,
        "Net Income": NaN,
        "Minority Interests": NaN,
        "Net Income Including Noncontrolling Interests": NaN,
        "Net Income Continuous Operations": NaN,
        "Tax Provision": NaN,
        "Pretax Income": NaN,
        "Other Income Expense": NaN,
        "Other Non Operating Income Expenses": NaN,
        "Special Income Charges": NaN,
        "Gain On Sale Of Ppe": NaN,
        "Other Special Charges": NaN,
        "Restructuring And Mergern Acquisition": NaN,
        "Gain On Sale Of Security": NaN,
        "Net Non Operating Interest Income Expense": NaN,
        "Interest Expense Non Operating": NaN,
        "Interest Income Non Operating": 604000.0,
        "Operating Income": NaN,
        "Operating Expense": NaN,
        "Other Operating Expenses": NaN,
        "Depreciation Amortization Depletion Income Statement": NaN,
        "Depreciation And Amortization In Income Statement": NaN,
        "Selling General And Administration": NaN,
        "Selling And Marketing Expense": NaN,
        "General And Administrative Expense": NaN,
        "Other Gand A": NaN,
        "Rent And Landing Fees": NaN,
        "Salaries And Wages": NaN,
        "Gross Profit": NaN,
        "Cost Of Revenue": NaN,
        "Total Revenue": NaN,
        "Operating Revenue": NaN
    },
    "2023-12-31": {
        "Tax Effect Of Unusual Items": NaN,
        "Tax Rate For Calcs": NaN,
        "Normalized EBITDA": NaN,
        "Total Unusual Items": NaN,
        "Total Unusual Items Excluding Goodwill": NaN,
        "Net Income From Continuing Operation Net Minority Interest": NaN,
        "Reconciled Depreciation": NaN,
        "Reconciled Cost Of Revenue": NaN,
        "EBITDA": NaN,
        "EBIT": NaN,
        "Net Interest Income": NaN,
        "Interest Expense": NaN,
        "Interest Income": NaN,
        "Normalized Income": NaN,
        "Net Income From Continuing And Discontinued Operation": NaN,
        "Total Expenses": NaN,
        "Rent Expense Supplemental": NaN,
        "Total Operating Income As Reported": NaN,
        "Diluted Average Shares": NaN,
        "Basic Average Shares": NaN,
        "Diluted EPS": NaN,
        "Basic EPS": NaN,
        "Diluted NI Availto Com Stockholders": NaN,
        "Net Income Common Stockholders": NaN,
        "Net Income": NaN,
        "Minority Interests": NaN,
        "Net Income Including Noncontrolling Interests": NaN,
        "Net Income Continuous Operations": NaN,
        "Tax Provision": NaN,
        "Pretax Income": NaN,
        "Other Income Expense": NaN,
        "Other Non Operating Income Expenses": NaN,
        "Special Income Charges": NaN,
        "Gain On Sale Of Ppe": NaN,
        "Write Off": 2419000.0,
        "Restructuring And Mergern Acquisition": NaN,
        "Gain On Sale Of Security": NaN,
        "Net Non Operating Interest Income Expense": NaN,
        "Interest Expense Non Operating": NaN,
        "Interest Income Non Operating": NaN,
        "Operating Income": NaN,
        "Operating Expense": NaN,
        "Other Operating Expenses": NaN,
        "Depreciation Amortization Depletion Income Statement": NaN,
        "Depreciation And Amortization In Income Statement": NaN,
        "Selling General And Administration": NaN,
        "Selling And Marketing Expense": NaN,
        "General And Administrative Expense": NaN,
        "Other Gand A": NaN,
        "Rent And Landing Fees": NaN,
        "Salaries And Wages": NaN,
        "Gross Profit": NaN,
        "Cost Of Revenue": NaN,
        "Total Revenue": NaN,
        "Operating Revenue": NaN
    },
    "2025-06-30": {
        "Tax Effect Of Unusual Items": -552676.5362,
        "Tax Rate For Calcs": 0.045751,
        "Normalized EBITDA": 48575000.0,
        "Total Unusual Items": -12080000.0,
        "Total Unusual Items Excluding Goodwill": -12080000.0,
        "Net Income From Continuing Operation Net Minority Interest": 23527000.0,
        "Reconciled Depreciation": 6938000.0,
        "Reconciled Cost Of Revenue": 223122000.0,
        "EBITDA": 36495000.0,
        "EBIT": 29557000.0,
        "Net Interest Income": -3484000.0,
        "Interest Expense": 4902000.0,
        "Interest Income": 1418000.0,
        "Normalized Income": 35054323.4638,
        "Net Income From Continuing And Discontinued Operation": 23527000.0,
        "Total Expenses": 298246000.0,
        "Rent Expense Supplemental": 3002000.0,
        "Total Operating Income As Reported": 27291000.0,
        "Diluted Average Shares": NaN,
        "Basic Average Shares": NaN,
        "Diluted EPS": NaN,
        "Basic EPS": NaN,
        "Diluted NI Availto Com Stockholders": 23527000.0,
        "Net Income Common Stockholders": 23527000.0,
        "Net Income": 23527000.0,
        "Minority Interests": 0.0,
        "Net Income Including Noncontrolling Interests": 23527000.0,
        "Net Income Continuous Operations": 23527000.0,
        "Tax Provision": 1128000.0,
        "Pretax Income": 24655000.0,
        "Other Income Expense": -1399000.0,
        "Other Non Operating Income Expenses": 10681000.0,
        "Special Income Charges": -4301000.0,
        "Gain On Sale Of Ppe": NaN,
        "Other Special Charges": NaN,
        "Restructuring And Mergern Acquisition": 2247000.0,
        "Gain On Sale Of Security": -7779000.0,
        "Net Non Operating Interest Income Expense": -3484000.0,
        "Interest Expense Non Operating": 4902000.0,
        "Interest Income Non Operating": 1418000.0,
        "Operating Income": 29538000.0,
        "Operating Expense": 75124000.0,
        "Other Operating Expenses": 8851000.0,
        "Depreciation Amortization Depletion Income Statement": 6938000.0,
        "Depreciation And Amortization In Income Statement": 6938000.0,
        "Selling General And Administration": 59335000.0,
        "Selling And Marketing Expense": 555000.0,
        "General And Administrative Expense": 58780000.0,
        "Other Gand A": 15568000.0,
        "Rent And Landing Fees": 3002000.0,
        "Salaries And Wages": 40210000.0,
        "Gross Profit": 104662000.0,
        "Cost Of Revenue": 223122000.0,
        "Total Revenue": 327784000.0,
        "Operating Revenue": 322498000.0
    },
    "2024-09-30": {
        "Tax Effect Of Unusual Items": 332640.0,
        "Tax Rate For Calcs": 0.21,
        "Normalized EBITDA": 5023000.0,
        "Total Unusual Items": 1584000.0,
        "Total Unusual Items Excluding Goodwill": 1584000.0,
        "Net Income From Continuing Operation Net Minority Interest": -3204000.0,
        "Reconciled Depreciation": 6045000.0,
        "Reconciled Cost Of Revenue": 207098000.0,
        "EBITDA": 6607000.0,
        "EBIT": 562000.0,
        "Net Interest Income": -1368000.0,
        "Interest Expense": 2208000.0,
        "Interest Income": 840000.0,
        "Normalized Income": -4455360.0,
        "Net Income From Continuing And Discontinued Operation": -3204000.0,
        "Total Expenses": 277815000.0,
        "Rent Expense Supplemental": 2335000.0,
        "Total Operating Income As Reported": -1159000.0,
        "Diluted Average Shares": 79435326.0,
        "Basic Average Shares": 63246820.0,
        "Diluted EPS": -0.05,
        "Basic EPS": -0.05,
        "Diluted NI Availto Com Stockholders": -3204000.0,
        "Net Income Common Stockholders": -3204000.0,
        "Net Income": -3204000.0,
        "Minority Interests": 1000.0,
        "Net Income Including Noncontrolling Interests": -3205000.0,
        "Net Income Continuous Operations": -3205000.0,
        "Tax Provision": 1559000.0,
        "Pretax Income": -1646000.0,
        "Other Income Expense": 881000.0,
        "Other Non Operating Income Expenses": -703000.0,
        "Special Income Charges": 0.0,
        "Gain On Sale Of Ppe": 0.0,
        "Other Special Charges": NaN,
        "Restructuring And Mergern Acquisition": 0.0,
        "Gain On Sale Of Security": 1584000.0,
        "Net Non Operating Interest Income Expense": -1368000.0,
        "Interest Expense Non Operating": 2208000.0,
        "Interest Income Non Operating": 840000.0,
        "Operating Income": -1159000.0,
        "Operating Expense": 70717000.0,
        "Other Operating Expenses": 7250000.0,
        "Depreciation Amortization Depletion Income Statement": 6045000.0,
        "Depreciation And Amortization In Income Statement": 6045000.0,
        "Selling General And Administration": 57422000.0,
        "Selling And Marketing Expense": 663000.0,
        "General And Administrative Expense": 56759000.0,
        "Other Gand A": 16574000.0,
        "Rent And Landing Fees": 2335000.0,
        "Salaries And Wages": 37850000.0,
        "Gross Profit": 69558000.0,
        "Cost Of Revenue": 207098000.0,
        "Total Revenue": 276656000.0,
        "Operating Revenue": 272256000.0
    },
    "2024-06-30": {
        "Tax Effect Of Unusual Items": 1477572.254442,
        "Tax Rate For Calcs": 0.012492,
        "Normalized EBITDA": -2127000.0,
        "Total Unusual Items": 118282000.0,
        "Total Unusual Items Excluding Goodwill": 118282000.0,
        "Net Income From Continuing Operation Net Minority Interest": 107386000.0,
        "Reconciled Depreciation": 5518000.0,
        "Reconciled Cost Of Revenue": 203130000.0,
        "EBITDA": 116155000.0,
        "EBIT": 110637000.0,
        "Net Interest Income": -2611000.0,
        "Interest Expense": 2007000.0,
        "Interest Income": NaN,
        "Normalized Income": -9418427.745558,
        "Net Income From Continuing And Discontinued Operation": 107386000.0,
        "Total Expenses": 274067000.0,
        "Rent Expense Supplemental": 2434000.0,
        "Total Operating Income As Reported": -7456000.0,
        "Diluted Average Shares": NaN,
        "Basic Average Shares": NaN,
        "Diluted EPS": NaN,
        "Basic EPS": NaN,
        "Diluted NI Availto Com Stockholders": 107386000.0,
        "Net Income Common Stockholders": 107386000.0,
        "Net Income": 107386000.0,
        "Minority Interests": 113000.0,
        "Net Income Including Noncontrolling Interests": 107273000.0,
        "Net Income Continuous Operations": 107273000.0,
        "Tax Provision": 1357000.0,
        "Pretax Income": 108630000.0,
        "Other Income Expense": 118697000.0,
        "Other Non Operating Income Expenses": 415000.0,
        "Special Income Charges": 52604000.0,
        "Gain On Sale Of Ppe": NaN,
        "Restructuring And Mergern Acquisition": 0.0,
        "Gain On Sale Of Security": 65678000.0,
        "Net Non Operating Interest Income Expense": -2611000.0,
        "Interest Expense Non Operating": 2007000.0,
        "Interest Income Non Operating": NaN,
        "Operating Income": -7456000.0,
        "Operating Expense": 70937000.0,
        "Other Operating Expenses": 7448000.0,
        "Depreciation Amortization Depletion Income Statement": 5518000.0,
        "Depreciation And Amortization In Income Statement": 5518000.0,
        "Selling General And Administration": 57971000.0,
        "Selling And Marketing Expense": 741000.0,
        "General And Administrative Expense": 57230000.0,
        "Other Gand A": 18114000.0,
        "Rent And Landing Fees": 2434000.0,
        "Salaries And Wages": 36682000.0,
        "Gross Profit": 63481000.0,
        "Cost Of Revenue": 203130000.0,
        "Total Revenue": 266611000.0,
        "Operating Revenue": 262568000.0
    },
    "2025-09-30": {
        "Tax Effect Of Unusual Items": -802160.0,
        "Tax Rate For Calcs": 0.008,
        "Normalized EBITDA": 8987000.0,
        "Total Unusual Items": -100270000.0,
        "Total Unusual Items Excluding Goodwill": -100270000.0,
        "Net Income From Continuing Operation Net Minority Interest": -102080000.0,
        "Reconciled Depreciation": 8229000.0,
        "Reconciled Cost Of Revenue": 230295000.0,
        "EBITDA": -91283000.0,
        "EBIT": -99512000.0,
        "Net Interest Income": -720000.0,
        "Interest Expense": 3378000.0,
        "Interest Income": 2658000.0,
        "Normalized Income": -2612160.0,
        "Net Income From Continuing And Discontinued Operation": -102080000.0,
        "Total Expenses": 340083000.0,
        "Rent Expense Supplemental": 3568000.0,
        "Total Operating Income As Reported": -305000.0,
        "Diluted Average Shares": 70128197.0,
        "Basic Average Shares": 70128197.0,
        "Diluted EPS": -1.46,
        "Basic EPS": -1.46,
        "Diluted NI Availto Com Stockholders": -102080000.0,
        "Net Income Common Stockholders": -102080000.0,
        "Net Income": -102080000.0,
        "Minority Interests": 0.0,
        "Net Income Including Noncontrolling Interests": -102080000.0,
        "Net Income Continuous Operations": -102080000.0,
        "Tax Provision": -810000.0,
        "Pretax Income": -102890000.0,
        "Other Income Expense": -101865000.0,
        "Other Non Operating Income Expenses": -1595000.0,
        "Special Income Charges": -107656000.0,
        "Gain On Sale Of Ppe": 0.0,
        "Other Special Charges": 107656000.0,
        "Restructuring And Mergern Acquisition": 0.0,
        "Gain On Sale Of Security": 7386000.0,
        "Net Non Operating Interest Income Expense": -720000.0,
        "Interest Expense Non Operating": 3378000.0,
        "Interest Income Non Operating": 2658000.0,
        "Operating Income": -305000.0,
        "Operating Expense": 109788000.0,
        "Other Operating Expenses": 9290000.0,
        "Depreciation Amortization Depletion Income Statement": 8229000.0,
        "Depreciation And Amortization In Income Statement": 8229000.0,
        "Selling General And Administration": 92269000.0,
        "Selling And Marketing Expense": 759000.0,
        "General And Administrative Expense": 91510000.0,
        "Other Gand A": 19189000.0,
        "Rent And Landing Fees": 3568000.0,
        "Salaries And Wages": 68753000.0,
        "Gross Profit": 109483000.0,
        "Cost Of Revenue": 230295000.0,
        "Total Revenue": 339778000.0,
        "Operating Revenue": 330640000.0
    }
}