{
    "2023-03-31": {
        "Tax Effect Of Unusual Items": NaN,
        "Tax Rate For Calcs": NaN,
        "Normalized EBITDA": NaN,
        "Total Unusual Items": NaN,
        "Total Unusual Items Excluding Goodwill": NaN,
        "Net Income From Continuing Operation Net Minority Interest": NaN,
        "Reconciled Depreciation": NaN,
        "Reconciled Cost Of Revenue": NaN,
        "EBITDA": NaN,
        "EBIT": NaN,
        "Net Interest Income": NaN,
        "Interest Expense": NaN,
        "Interest Income": NaN,
        "Normalized Income": NaN,
        "Net Income From Continuing And Discontinued Operation": NaN,
        "Total Expenses": NaN,
        "Total Operating Income As Reported": NaN,
        "Diluted Average Shares": NaN,
        "Basic Average Shares": NaN,
        "Diluted EPS": NaN,
        "Basic EPS": NaN,
        "Diluted NI Availto Com Stockholders": NaN,
        "Net Income Common Stockholders": NaN,
        "Net Income": NaN,
        "Minority Interests": NaN,
        "Net Income Including Noncontrolling Interests": NaN,
        "Net Income Continuous Operations": NaN,
        "Tax Provision": NaN,
        "Pretax Income": NaN,
        "Other Income Expense": NaN,
        "Other Non Operating Income Expenses": NaN,
        "Special Income Charges": NaN,
        "Gain On Sale Of Business": NaN,
        "Other Special Charges": 2600000.0,
        "Impairment Of Capital Assets": NaN,
        "Gain On Sale Of Security": NaN,
        "Net Non Operating Interest Income Expense": NaN,
        "Interest Expense Non Operating": NaN,
        "Interest Income Non Operating": NaN,
        "Operating Income": NaN,
        "Operating Expense": NaN,
        "Research And Development": NaN,
        "Selling General And Administration": NaN,
        "Gross Profit": NaN,
        "Cost Of Revenue": NaN,
        "Total Revenue": NaN,
        "Operating Revenue": NaN
    },
    "2022-12-31": {
        "Tax Effect Of Unusual Items": NaN,
        "Tax Rate For Calcs": NaN,
        "Normalized EBITDA": NaN,
        "Total Unusual Items": NaN,
        "Total Unusual Items Excluding Goodwill": NaN,
        "Net Income From Continuing Operation Net Minority Interest": NaN,
        "Reconciled Depreciation": NaN,
        "Reconciled Cost Of Revenue": NaN,
        "EBITDA": NaN,
        "EBIT": NaN,
        "Net Interest Income": NaN,
        "Interest Expense": NaN,
        "Interest Income": NaN,
        "Normalized Income": NaN,
        "Net Income From Continuing And Discontinued Operation": NaN,
        "Total Expenses": NaN,
        "Total Operating Income As Reported": NaN,
        "Diluted Average Shares": NaN,
        "Basic Average Shares": NaN,
        "Diluted EPS": NaN,
        "Basic EPS": NaN,
        "Diluted NI Availto Com Stockholders": NaN,
        "Net Income Common Stockholders": NaN,
        "Net Income": NaN,
        "Minority Interests": NaN,
        "Net Income Including Noncontrolling Interests": NaN,
        "Net Income Continuous Operations": NaN,
        "Tax Provision": NaN,
        "Pretax Income": NaN,
        "Other Income Expense": NaN,
        "Other Non Operating Income Expenses": NaN,
        "Special Income Charges": NaN,
        "Gain On Sale Of Business": NaN,
        "Other Special Charges": NaN,
        "Impairment Of Capital Assets": 156600000.0,
        "Gain On Sale Of Security": NaN,
        "Net Non Operating Interest Income Expense": NaN,
        "Interest Expense Non Operating": NaN,
        "Interest Income Non Operating": NaN,
        "Operating Income": NaN,
        "Operating Expense": NaN,
        "Research And Development": NaN,
        "Selling General And Administration": NaN,
        "Gross Profit": NaN,
        "Cost Of Revenue": NaN,
        "Total Revenue": NaN,
        "Operating Revenue": NaN
    },
    "2022-09-30": {
        "Tax Effect Of Unusual Items": NaN,
        "Tax Rate For Calcs": NaN,
        "Normalized EBITDA": NaN,
        "Total Unusual Items": NaN,
        "Total Unusual Items Excluding Goodwill": NaN,
        "Net Income From Continuing Operation Net Minority Interest": NaN,
        "Reconciled Depreciation": NaN,
        "Reconciled Cost Of Revenue": NaN,
        "EBITDA": NaN,
        "EBIT": NaN,
        "Net Interest Income": NaN,
        "Interest Expense": NaN,
        "Interest Income": 0.0,
        "Normalized Income": NaN,
        "Net Income From Continuing And Discontinued Operation": NaN,
        "Total Expenses": NaN,
        "Total Operating Income As Reported": NaN,
        "Diluted Average Shares": 181333000.0,
        "Basic Average Shares": 181333000.0,
        "Diluted EPS": -0.26,
        "Basic EPS": -0.26,
        "Diluted NI Availto Com Stockholders": NaN,
        "Net Income Common Stockholders": NaN,
        "Net Income": NaN,
        "Minority Interests": NaN,
        "Net Income Including Noncontrolling Interests": NaN,
        "Net Income Continuous Operations": NaN,
        "Tax Provision": NaN,
        "Pretax Income": NaN,
        "Other Income Expense": NaN,
        "Other Non Operating Income Expenses": NaN,
        "Special Income Charges": NaN,
        "Gain On Sale Of Business": 0.0,
        "Other Special Charges": NaN,
        "Impairment Of Capital Assets": 0.0,
        "Gain On Sale Of Security": NaN,
        "Net Non Operating Interest Income Expense": NaN,
        "Interest Expense Non Operating": NaN,
        "Interest Income Non Operating": 0.0,
        "Operating Income": NaN,
        "Operating Expense": NaN,
        "Research And Development": NaN,
        "Selling General And Administration": NaN,
        "Gross Profit": NaN,
        "Cost Of Revenue": NaN,
        "Total Revenue": NaN,
        "Operating Revenue": NaN
    },
    "2022-06-30": {
        "Tax Effect Of Unusual Items": -4317900.0,
        "Tax Rate For Calcs": 0.111,
        "Normalized EBITDA": 25500000.0,
        "Total Unusual Items": -38900000.0,
        "Total Unusual Items Excluding Goodwill": -38900000.0,
        "Net Income From Continuing Operation Net Minority Interest": -58600000.0,
        "Reconciled Depreciation": 44900000.0,
        "Reconciled Cost Of Revenue": 96800000.0,
        "EBITDA": -13400000.0,
        "EBIT": -58300000.0,
        "Net Interest Income": -8400000.0,
        "Interest Expense": 8400000.0,
        "Normalized Income": -24017900.0,
        "Net Income From Continuing And Discontinued Operation": -58600000.0,
        "Total Expenses": 195200000.0,
        "Total Operating Income As Reported": -74600000.0,
        "Diluted Average Shares": 180992000.0,
        "Basic Average Shares": 180992000.0,
        "Diluted EPS": -0.32,
        "Basic EPS": -0.32,
        "Diluted NI Availto Com Stockholders": -58600000.0,
        "Net Income Common Stockholders": -58600000.0,
        "Net Income": -58600000.0,
        "Minority Interests": 700000.0,
        "Net Income Including Noncontrolling Interests": -59300000.0,
        "Net Income Continuous Operations": -59300000.0,
        "Tax Provision": -7400000.0,
        "Pretax Income": -66700000.0,
        "Other Income Expense": -38900000.0,
        "Other Non Operating Income Expenses": NaN,
        "Special Income Charges": -55200000.0,
        "Gain On Sale Of Business": NaN,
        "Other Special Charges": NaN,
        "Impairment Of Capital Assets": 55200000.0,
        "Gain On Sale Of Security": 16300000.0,
        "Net Non Operating Interest Income Expense": -8400000.0,
        "Interest Expense Non Operating": 8400000.0,
        "Operating Income": -19400000.0,
        "Operating Expense": 98400000.0,
        "Research And Development": 7400000.0,
        "Selling General And Administration": 91000000.0,
        "Gross Profit": 79000000.0,
        "Cost Of Revenue": 96800000.0,
        "Total Revenue": 175800000.0,
        "Operating Revenue": 175800000.0
    },
    "2023-06-30": {
        "Tax Effect Of Unusual Items": NaN,
        "Tax Rate For Calcs": NaN,
        "Normalized EBITDA": NaN,
        "Total Unusual Items": NaN,
        "Total Unusual Items Excluding Goodwill": NaN,
        "Net Income From Continuing Operation Net Minority Interest": NaN,
        "Reconciled Depreciation": NaN,
        "Reconciled Cost Of Revenue": NaN,
        "EBITDA": NaN,
        "EBIT": NaN,
        "Net Interest Income": NaN,
        "Interest Expense": NaN,
        "Interest Income": NaN,
        "Normalized Income": NaN,
        "Net Income From Continuing And Discontinued Operation": NaN,
        "Total Expenses": NaN,
        "Total Operating Income As Reported": NaN,
        "Diluted Average Shares": 199181000.0,
        "Basic Average Shares": 199181000.0,
        "Diluted EPS": -0.14,
        "Basic EPS": -0.14,
        "Diluted NI Availto Com Stockholders": NaN,
        "Net Income Common Stockholders": NaN,
        "Net Income": NaN,
        "Minority Interests": NaN,
        "Net Income Including Noncontrolling Interests": NaN,
        "Net Income Continuous Operations": NaN,
        "Tax Provision": NaN,
        "Pretax Income": NaN,
        "Other Income Expense": NaN,
        "Other Non Operating Income Expenses": NaN,
        "Special Income Charges": NaN,
        "Gain On Sale Of Business": NaN,
        "Other Special Charges": NaN,
        "Impairment Of Capital Assets": 0.0,
        "Gain On Sale Of Security": NaN,
        "Net Non Operating Interest Income Expense": NaN,
        "Interest Expense Non Operating": NaN,
        "Interest Income Non Operating": NaN,
        "Operating Income": NaN,
        "Operating Expense": NaN,
        "Research And Development": NaN,
        "Selling General And Administration": NaN,
        "Gross Profit": NaN,
        "Cost Of Revenue": NaN,
        "Total Revenue": NaN,
        "Operating Revenue": NaN
    },
    "2022-03-31": {
        "Diluted EPS": -0.1,
        "Total Revenue": 163,
        "Gross Profit": 64,
        "Operating Income": -34,
        "EBIT": 12,
        "Net Income": -18
    },
    "2021-12-31": {
        "Diluted EPS": 20.65,
        "Total Revenue": -168,
        "Gross Profit": -80,
        "Operating Income": -51,
        "EBIT": -53,
        "Net Income": 13
    },
    "2021-09-30": {
        "Diluted EPS": -7.01,
        "Total Revenue": 144,
        "Gross Profit": 62,
        "Operating Income": -9,
        "EBIT": 17,
        "Net Income": -47
    },
    "2021-06-30": {
        "Diluted EPS": -8.14,
        "Total Revenue": 180,
        "Gross Profit": 80,
        "Operating Income": 5,
        "EBIT": 44,
        "Net Income": -54
    },
    "2021-03-31": {
        "Diluted EPS": -6.18,
        "Total Revenue": 166,
        "Gross Profit": 63,
        "Operating Income": -9,
        "EBIT": 16,
        "Net Income": -41
    },
    "2020-12-31": {
        "Diluted EPS": 0.0,
        "Total Revenue": NaN,
        "Gross Profit": NaN,
        "Operating Income": NaN,
        "EBIT": NaN,
        "Net Income": NaN
    },
    "2020-09-30": {
        "Diluted EPS": -0.35,
        "Total Revenue": 0,
        "Gross Profit": 0,
        "Operating Income": -32,
        "EBIT": -32,
        "Net Income": -32
    },
    "2020-06-30": {
        "Diluted EPS": -0.0,
        "Total Revenue": NaN,
        "Gross Profit": NaN,
        "Operating Income": 0,
        "EBIT": 0,
        "Net Income": 0
    },
    "2020-03-31": {
        "Diluted EPS": 0.0,
        "Total Revenue": NaN,
        "Gross Profit": NaN,
        "Operating Income": NaN,
        "EBIT": NaN,
        "Net Income": NaN
    },
    "2019-12-31": {
        "Diluted EPS": 0.0,
        "Total Revenue": NaN,
        "Gross Profit": NaN,
        "Operating Income": NaN,
        "EBIT": NaN,
        "Net Income": NaN
    },
    "2019-09-30": {
        "Diluted EPS": 0.0,
        "Total Revenue": NaN,
        "Gross Profit": NaN,
        "Operating Income": NaN,
        "EBIT": NaN,
        "Net Income": NaN
    },
    "2019-06-30": {
        "Diluted EPS": 0.0,
        "Total Revenue": NaN,
        "Gross Profit": NaN,
        "Operating Income": NaN,
        "EBIT": NaN,
        "Net Income": NaN
    },
    "2018-12-31": {
        "Diluted EPS": 0.0,
        "Total Revenue": NaN,
        "Gross Profit": NaN,
        "Operating Income": NaN,
        "EBIT": NaN,
        "Net Income": NaN
    },
    "2023-09-30": {
        "Tax Effect Of Unusual Items": NaN,
        "Tax Rate For Calcs": NaN,
        "Normalized EBITDA": NaN,
        "Total Unusual Items": NaN,
        "Total Unusual Items Excluding Goodwill": NaN,
        "Net Income From Continuing Operation Net Minority Interest": NaN,
        "Reconciled Depreciation": NaN,
        "Reconciled Cost Of Revenue": NaN,
        "EBITDA": NaN,
        "EBIT": NaN,
        "Net Interest Income": NaN,
        "Interest Expense": NaN,
        "Interest Income": NaN,
        "Normalized Income": NaN,
        "Net Income From Continuing And Discontinued Operation": NaN,
        "Total Expenses": NaN,
        "Total Operating Income As Reported": NaN,
        "Diluted Average Shares": 199223000.0,
        "Basic Average Shares": 199223000.0,
        "Diluted EPS": -0.06,
        "Basic EPS": -0.06,
        "Diluted NI Availto Com Stockholders": NaN,
        "Net Income Common Stockholders": NaN,
        "Net Income": NaN,
        "Minority Interests": NaN,
        "Net Income Including Noncontrolling Interests": NaN,
        "Net Income Continuous Operations": NaN,
        "Tax Provision": NaN,
        "Pretax Income": NaN,
        "Other Income Expense": NaN,
        "Other Non Operating Income Expenses": NaN,
        "Special Income Charges": NaN,
        "Gain On Sale Of Business": -300000.0,
        "Other Special Charges": NaN,
        "Impairment Of Capital Assets": 0.0,
        "Gain On Sale Of Security": NaN,
        "Net Non Operating Interest Income Expense": NaN,
        "Interest Expense Non Operating": NaN,
        "Interest Income Non Operating": NaN,
        "Operating Income": NaN,
        "Operating Expense": NaN,
        "Research And Development": NaN,
        "Selling General And Administration": NaN,
        "Gross Profit": NaN,
        "Cost Of Revenue": NaN,
        "Total Revenue": NaN,
        "Operating Revenue": NaN
    },
    "2023-12-31": {
        "Tax Effect Of Unusual Items": NaN,
        "Tax Rate For Calcs": NaN,
        "Normalized EBITDA": NaN,
        "Total Unusual Items": NaN,
        "Total Unusual Items Excluding Goodwill": NaN,
        "Net Income From Continuing Operation Net Minority Interest": NaN,
        "Reconciled Depreciation": NaN,
        "Reconciled Cost Of Revenue": NaN,
        "EBITDA": NaN,
        "EBIT": NaN,
        "Net Interest Income": NaN,
        "Interest Expense": NaN,
        "Interest Income": NaN,
        "Normalized Income": NaN,
        "Net Income From Continuing And Discontinued Operation": NaN,
        "Total Expenses": NaN,
        "Total Operating Income As Reported": NaN,
        "Diluted Average Shares": NaN,
        "Basic Average Shares": NaN,
        "Diluted EPS": NaN,
        "Basic EPS": NaN,
        "Diluted NI Availto Com Stockholders": NaN,
        "Net Income Common Stockholders": NaN,
        "Net Income": NaN,
        "Minority Interests": NaN,
        "Net Income Including Noncontrolling Interests": NaN,
        "Net Income Continuous Operations": NaN,
        "Tax Provision": NaN,
        "Pretax Income": NaN,
        "Other Income Expense": NaN,
        "Other Non Operating Income Expenses": NaN,
        "Special Income Charges": NaN,
        "Gain On Sale Of Business": 0.0,
        "Other Special Charges": 0.0,
        "Impairment Of Capital Assets": 0.0,
        "Gain On Sale Of Security": NaN,
        "Net Non Operating Interest Income Expense": NaN,
        "Interest Expense Non Operating": NaN,
        "Interest Income Non Operating": NaN,
        "Operating Income": NaN,
        "Operating Expense": NaN,
        "Research And Development": NaN,
        "Selling General And Administration": NaN,
        "Gross Profit": NaN,
        "Cost Of Revenue": NaN,
        "Total Revenue": NaN,
        "Operating Revenue": NaN
    },
    "2024-03-31": {
        "Tax Effect Of Unusual Items": NaN,
        "Tax Rate For Calcs": NaN,
        "Normalized EBITDA": NaN,
        "Total Unusual Items": NaN,
        "Total Unusual Items Excluding Goodwill": NaN,
        "Net Income From Continuing Operation Net Minority Interest": NaN,
        "Reconciled Depreciation": NaN,
        "Reconciled Cost Of Revenue": NaN,
        "EBITDA": NaN,
        "EBIT": NaN,
        "Net Interest Income": NaN,
        "Interest Expense": NaN,
        "Interest Income": NaN,
        "Normalized Income": NaN,
        "Net Income From Continuing And Discontinued Operation": NaN,
        "Total Expenses": NaN,
        "Total Operating Income As Reported": NaN,
        "Diluted Average Shares": 199729000.0,
        "Basic Average Shares": 199729000.0,
        "Diluted EPS": -0.13,
        "Basic EPS": -0.13,
        "Diluted NI Availto Com Stockholders": NaN,
        "Net Income Common Stockholders": NaN,
        "Net Income": NaN,
        "Minority Interests": NaN,
        "Net Income Including Noncontrolling Interests": NaN,
        "Net Income Continuous Operations": NaN,
        "Tax Provision": NaN,
        "Pretax Income": NaN,
        "Other Income Expense": NaN,
        "Other Non Operating Income Expenses": 100000.0,
        "Special Income Charges": 0.0,
        "Gain On Sale Of Business": NaN,
        "Other Special Charges": NaN,
        "Gain On Sale Of Security": NaN,
        "Net Non Operating Interest Income Expense": NaN,
        "Interest Expense Non Operating": NaN,
        "Interest Income Non Operating": NaN,
        "Operating Income": NaN,
        "Operating Expense": NaN,
        "Research And Development": NaN,
        "Selling General And Administration": NaN,
        "Gross Profit": NaN,
        "Cost Of Revenue": NaN,
        "Total Revenue": NaN,
        "Operating Revenue": NaN
    },
    "2024-06-30": {
        "Tax Effect Of Unusual Items": NaN,
        "Tax Rate For Calcs": NaN,
        "Normalized EBITDA": NaN,
        "Total Unusual Items": NaN,
        "Total Unusual Items Excluding Goodwill": NaN,
        "Net Income From Continuing Operation Net Minority Interest": NaN,
        "Reconciled Depreciation": NaN,
        "Reconciled Cost Of Revenue": NaN,
        "EBITDA": NaN,
        "EBIT": NaN,
        "Net Interest Income": NaN,
        "Interest Expense": NaN,
        "Interest Income": NaN,
        "Normalized Income": NaN,
        "Net Income From Continuing And Discontinued Operation": NaN,
        "Total Expenses": NaN,
        "Total Operating Income As Reported": NaN,
        "Diluted Average Shares": 202197000.0,
        "Basic Average Shares": 202197000.0,
        "Diluted EPS": -0.06,
        "Basic EPS": -0.06,
        "Diluted NI Availto Com Stockholders": NaN,
        "Net Income Common Stockholders": NaN,
        "Net Income": NaN,
        "Minority Interests": NaN,
        "Net Income Including Noncontrolling Interests": NaN,
        "Net Income Continuous Operations": NaN,
        "Tax Provision": NaN,
        "Pretax Income": NaN,
        "Other Income Expense": NaN,
        "Other Non Operating Income Expenses": -600000.0,
        "Special Income Charges": 1200000.0,
        "Gain On Sale Of Business": 1200000.0,
        "Other Special Charges": NaN,
        "Gain On Sale Of Security": NaN,
        "Net Non Operating Interest Income Expense": NaN,
        "Interest Expense Non Operating": NaN,
        "Interest Income Non Operating": NaN,
        "Operating Income": NaN,
        "Operating Expense": NaN,
        "Research And Development": NaN,
        "Selling General And Administration": NaN,
        "Gross Profit": NaN,
        "Cost Of Revenue": NaN,
        "Total Revenue": NaN,
        "Operating Revenue": NaN
    },
    "2024-09-30": {
        "Tax Effect Of Unusual Items": 189000.0,
        "Tax Rate For Calcs": 0.21,
        "Normalized EBITDA": 38800000.0,
        "Total Unusual Items": 900000.0,
        "Total Unusual Items Excluding Goodwill": 900000.0,
        "Net Income From Continuing Operation Net Minority Interest": -13600000.0,
        "Reconciled Depreciation": 38600000.0,
        "Reconciled Cost Of Revenue": 113900000.0,
        "EBITDA": 39700000.0,
        "EBIT": 1100000.0,
        "Net Interest Income": -12700000.0,
        "Interest Expense": 14100000.0,
        "Interest Income": 1400000.0,
        "Normalized Income": -14311000.0,
        "Net Income From Continuing And Discontinued Operation": -13600000.0,
        "Total Expenses": 208400000.0,
        "Total Operating Income As Reported": -1600000.0,
        "Diluted Average Shares": 206676000.0,
        "Basic Average Shares": 206676000.0,
        "Diluted EPS": -0.07,
        "Basic EPS": -0.07,
        "Diluted NI Availto Com Stockholders": -13600000.0,
        "Net Income Common Stockholders": -13600000.0,
        "Net Income": -13600000.0,
        "Minority Interests": 400000.0,
        "Net Income Including Noncontrolling Interests": -14000000.0,
        "Net Income Continuous Operations": -14000000.0,
        "Tax Provision": 1000000.0,
        "Pretax Income": -13000000.0,
        "Other Income Expense": 1300000.0,
        "Other Non Operating Income Expenses": 400000.0,
        "Special Income Charges": 0.0,
        "Gain On Sale Of Business": 0.0,
        "Other Special Charges": NaN,
        "Gain On Sale Of Security": 900000.0,
        "Net Non Operating Interest Income Expense": -12700000.0,
        "Interest Expense Non Operating": 14100000.0,
        "Interest Income Non Operating": 1400000.0,
        "Operating Income": -1600000.0,
        "Operating Expense": 94500000.0,
        "Research And Development": 10200000.0,
        "Selling General And Administration": 84300000.0,
        "Gross Profit": 92900000.0,
        "Cost Of Revenue": 113900000.0,
        "Total Revenue": 206800000.0,
        "Operating Revenue": 206800000.0
    },
    "2024-12-31": {
        "Tax Effect Of Unusual Items": -420000.0,
        "Tax Rate For Calcs": 0.21,
        "Normalized EBITDA": 65500000.0,
        "Total Unusual Items": -2000000.0,
        "Total Unusual Items Excluding Goodwill": -2000000.0,
        "Net Income From Continuing Operation Net Minority Interest": 15000000.0,
        "Reconciled Depreciation": 34600000.0,
        "Reconciled Cost Of Revenue": 132000000.0,
        "EBITDA": 63500000.0,
        "EBIT": 28900000.0,
        "Net Interest Income": -11700000.0,
        "Interest Expense": 13200000.0,
        "Interest Income": 1500000.0,
        "Normalized Income": 16580000.0,
        "Net Income From Continuing And Discontinued Operation": 15000000.0,
        "Total Expenses": 225300000.0,
        "Total Operating Income As Reported": 29000000.0,
        "Diluted Average Shares": NaN,
        "Basic Average Shares": NaN,
        "Diluted EPS": NaN,
        "Basic EPS": NaN,
        "Diluted NI Availto Com Stockholders": 15000000.0,
        "Net Income Common Stockholders": 15000000.0,
        "Net Income": 15000000.0,
        "Minority Interests": -900000.0,
        "Net Income Including Noncontrolling Interests": 15900000.0,
        "Net Income Continuous Operations": 15900000.0,
        "Tax Provision": -200000.0,
        "Pretax Income": 15700000.0,
        "Other Income Expense": -1600000.0,
        "Other Non Operating Income Expenses": 400000.0,
        "Special Income Charges": 0.0,
        "Gain On Sale Of Business": 0.0,
        "Other Special Charges": NaN,
        "Gain On Sale Of Security": -2000000.0,
        "Net Non Operating Interest Income Expense": -11700000.0,
        "Interest Expense Non Operating": 13200000.0,
        "Interest Income Non Operating": 1500000.0,
        "Operating Income": 29000000.0,
        "Operating Expense": 93300000.0,
        "Research And Development": 8100000.0,
        "Selling General And Administration": 85200000.0,
        "Gross Profit": 122300000.0,
        "Cost Of Revenue": 132000000.0,
        "Total Revenue": 254300000.0,
        "Operating Revenue": 254300000.0
    },
    "2025-03-31": {
        "Tax Effect Of Unusual Items": 932400.0,
        "Tax Rate For Calcs": 0.333,
        "Normalized EBITDA": 44000000.0,
        "Total Unusual Items": 2800000.0,
        "Total Unusual Items Excluding Goodwill": 2800000.0,
        "Net Income From Continuing Operation Net Minority Interest": 300000.0,
        "Reconciled Depreciation": 33700000.0,
        "Reconciled Cost Of Revenue": 105900000.0,
        "EBITDA": 46800000.0,
        "EBIT": 13100000.0,
        "Net Interest Income": -10600000.0,
        "Interest Expense": 12500000.0,
        "Interest Income": 1900000.0,
        "Normalized Income": -1567600.0,
        "Net Income From Continuing And Discontinued Operation": 300000.0,
        "Total Expenses": 193300000.0,
        "Total Operating Income As Reported": 8700000.0,
        "Diluted Average Shares": 226918000.0,
        "Basic Average Shares": 225655000.0,
        "Diluted EPS": 0.0,
        "Basic EPS": 0.0,
        "Diluted NI Availto Com Stockholders": 300000.0,
        "Net Income Common Stockholders": 300000.0,
        "Net Income": 300000.0,
        "Minority Interests": -100000.0,
        "Net Income Including Noncontrolling Interests": 400000.0,
        "Net Income Continuous Operations": 400000.0,
        "Tax Provision": 200000.0,
        "Pretax Income": 600000.0,
        "Other Income Expense": 3100000.0,
        "Other Non Operating Income Expenses": 300000.0,
        "Special Income Charges": NaN,
        "Gain On Sale Of Business": NaN,
        "Other Special Charges": NaN,
        "Gain On Sale Of Security": 2800000.0,
        "Net Non Operating Interest Income Expense": -10600000.0,
        "Interest Expense Non Operating": 12500000.0,
        "Interest Income Non Operating": 1900000.0,
        "Operating Income": 8700000.0,
        "Operating Expense": 87400000.0,
        "Research And Development": 8700000.0,
        "Selling General And Administration": 78700000.0,
        "Gross Profit": 96100000.0,
        "Cost Of Revenue": 105900000.0,
        "Total Revenue": 202000000.0,
        "Operating Revenue": 202000000.0
    },
    "2025-06-30": {
        "Tax Effect Of Unusual Items": 1617000.0,
        "Tax Rate For Calcs": 0.21,
        "Normalized EBITDA": 45700000.0,
        "Total Unusual Items": 7700000.0,
        "Total Unusual Items Excluding Goodwill": 7700000.0,
        "Net Income From Continuing Operation Net Minority Interest": 8300000.0,
        "Reconciled Depreciation": 33800000.0,
        "Reconciled Cost Of Revenue": 120400000.0,
        "EBITDA": 53400000.0,
        "EBIT": 19600000.0,
        "Net Interest Income": -9800000.0,
        "Interest Expense": 11800000.0,
        "Interest Income": 2000000.0,
        "Normalized Income": 2217000.0,
        "Net Income From Continuing And Discontinued Operation": 8300000.0,
        "Total Expenses": 213000000.0,
        "Total Operating Income As Reported": 9900000.0,
        "Diluted Average Shares": 243058000.0,
        "Basic Average Shares": 225026000.0,
        "Diluted EPS": 0.03,
        "Basic EPS": 0.04,
        "Diluted NI Availto Com Stockholders": 8300000.0,
        "Net Income Common Stockholders": 8300000.0,
        "Net Income": 8300000.0,
        "Minority Interests": -200000.0,
        "Net Income Including Noncontrolling Interests": 8500000.0,
        "Net Income Continuous Operations": 8500000.0,
        "Tax Provision": -700000.0,
        "Pretax Income": 7800000.0,
        "Other Income Expense": 7700000.0,
        "Other Non Operating Income Expenses": NaN,
        "Special Income Charges": -5800000.0,
        "Gain On Sale Of Business": 0.0,
        "Other Special Charges": 5800000.0,
        "Gain On Sale Of Security": 13500000.0,
        "Net Non Operating Interest Income Expense": -9800000.0,
        "Interest Expense Non Operating": 11800000.0,
        "Interest Income Non Operating": 2000000.0,
        "Operating Income": 9900000.0,
        "Operating Expense": 92600000.0,
        "Research And Development": 10000000.0,
        "Selling General And Administration": 82600000.0,
        "Gross Profit": 102500000.0,
        "Cost Of Revenue": 120400000.0,
        "Total Revenue": 222900000.0,
        "Operating Revenue": 222900000.0
    },
    "2025-09-30": {
        "Tax Effect Of Unusual Items": 126000.0,
        "Tax Rate For Calcs": 0.21,
        "Normalized EBITDA": 44400000.0,
        "Total Unusual Items": 600000.0,
        "Total Unusual Items Excluding Goodwill": 600000.0,
        "Net Income From Continuing Operation Net Minority Interest": 2900000.0,
        "Reconciled Depreciation": 34900000.0,
        "Reconciled Cost Of Revenue": 118600000.0,
        "EBITDA": 45000000.0,
        "EBIT": 10100000.0,
        "Net Interest Income": -6700000.0,
        "Interest Expense": 8900000.0,
        "Interest Income": 2200000.0,
        "Normalized Income": 2426000.0,
        "Net Income From Continuing And Discontinued Operation": 2900000.0,
        "Total Expenses": 215700000.0,
        "Total Operating Income As Reported": 7400000.0,
        "Diluted Average Shares": 224583000.0,
        "Basic Average Shares": 224583000.0,
        "Diluted EPS": 0.01,
        "Basic EPS": 0.01,
        "Diluted NI Availto Com Stockholders": 2900000.0,
        "Net Income Common Stockholders": 2900000.0,
        "Net Income": 2900000.0,
        "Minority Interests": -200000.0,
        "Net Income Including Noncontrolling Interests": 3100000.0,
        "Net Income Continuous Operations": 3100000.0,
        "Tax Provision": -1900000.0,
        "Pretax Income": 1200000.0,
        "Other Income Expense": 500000.0,
        "Other Non Operating Income Expenses": -100000.0,
        "Special Income Charges": 0.0,
        "Gain On Sale Of Business": 0.0,
        "Other Special Charges": NaN,
        "Gain On Sale Of Security": 600000.0,
        "Net Non Operating Interest Income Expense": -6700000.0,
        "Interest Expense Non Operating": 8900000.0,
        "Interest Income Non Operating": 2200000.0,
        "Operating Income": 7400000.0,
        "Operating Expense": 97100000.0,
        "Research And Development": 10100000.0,
        "Selling General And Administration": 87000000.0,
        "Gross Profit": 104500000.0,
        "Cost Of Revenue": 118600000.0,
        "Total Revenue": 223100000.0,
        "Operating Revenue": 223100000.0
    }
}