{
    "2023-03-31": {
        "Tax Effect Of Unusual Items": 0.0,
        "Tax Rate For Calcs": 0.21,
        "Normalized EBITDA": -24350000.0,
        "Total Unusual Items": NaN,
        "Total Unusual Items Excluding Goodwill": NaN,
        "Net Income From Continuing Operation Net Minority Interest": -30130000.0,
        "Reconciled Depreciation": 1337000.0,
        "Reconciled Cost Of Revenue": 4979000.0,
        "EBITDA": -24350000.0,
        "EBIT": -25687000.0,
        "Net Interest Income": -1970000.0,
        "Interest Expense": 4242000.0,
        "Interest Income": 2272000.0,
        "Normalized Income": -30130000.0,
        "Net Income From Continuing And Discontinued Operation": -30130000.0,
        "Total Expenses": 58746000.0,
        "Total Operating Income As Reported": -27148000.0,
        "Diluted Average Shares": 37675306.0,
        "Basic Average Shares": 37675306.0,
        "Diluted EPS": -0.8,
        "Basic EPS": -0.8,
        "Diluted NI Availto Com Stockholders": -30130000.0,
        "Net Income Common Stockholders": -30130000.0,
        "Net Income": -30130000.0,
        "Net Income Including Noncontrolling Interests": -30130000.0,
        "Net Income Continuous Operations": -30130000.0,
        "Tax Provision": 201000.0,
        "Pretax Income": -29929000.0,
        "Other Income Expense": -811000.0,
        "Other Non Operating Income Expenses": -811000.0,
        "Gain On Sale Of Security": NaN,
        "Net Non Operating Interest Income Expense": -1970000.0,
        "Interest Expense Non Operating": 4242000.0,
        "Interest Income Non Operating": 2272000.0,
        "Operating Income": -27148000.0,
        "Operating Expense": 53767000.0,
        "Research And Development": 23548000.0,
        "Selling General And Administration": 30219000.0,
        "General And Administrative Expense": NaN,
        "Other Gand A": NaN,
        "Salaries And Wages": NaN,
        "Gross Profit": 26619000.0,
        "Cost Of Revenue": 4979000.0,
        "Total Revenue": 31598000.0,
        "Operating Revenue": 31598000.0
    },
    "2022-12-31": {
        "Tax Effect Of Unusual Items": NaN,
        "Tax Rate For Calcs": NaN,
        "Normalized EBITDA": NaN,
        "Total Unusual Items": 674000.0,
        "Total Unusual Items Excluding Goodwill": 674000.0,
        "Net Income From Continuing Operation Net Minority Interest": NaN,
        "Reconciled Depreciation": NaN,
        "Reconciled Cost Of Revenue": NaN,
        "EBITDA": NaN,
        "EBIT": NaN,
        "Net Interest Income": NaN,
        "Interest Expense": NaN,
        "Interest Income": NaN,
        "Normalized Income": NaN,
        "Net Income From Continuing And Discontinued Operation": NaN,
        "Total Expenses": NaN,
        "Total Operating Income As Reported": NaN,
        "Diluted Average Shares": NaN,
        "Basic Average Shares": NaN,
        "Diluted EPS": NaN,
        "Basic EPS": NaN,
        "Diluted NI Availto Com Stockholders": NaN,
        "Net Income Common Stockholders": NaN,
        "Net Income": NaN,
        "Net Income Including Noncontrolling Interests": NaN,
        "Net Income Continuous Operations": NaN,
        "Tax Provision": NaN,
        "Pretax Income": NaN,
        "Other Income Expense": NaN,
        "Other Non Operating Income Expenses": NaN,
        "Special Income Charges": NaN,
        "Other Special Charges": NaN,
        "Gain On Sale Of Security": 674000.0,
        "Net Non Operating Interest Income Expense": NaN,
        "Interest Expense Non Operating": NaN,
        "Interest Income Non Operating": NaN,
        "Operating Income": NaN,
        "Operating Expense": NaN,
        "Research And Development": NaN,
        "Selling General And Administration": NaN,
        "General And Administrative Expense": NaN,
        "Other Gand A": NaN,
        "Salaries And Wages": NaN,
        "Gross Profit": NaN,
        "Cost Of Revenue": NaN,
        "Total Revenue": NaN,
        "Operating Revenue": NaN
    },
    "2022-09-30": {
        "Tax Effect Of Unusual Items": NaN,
        "Tax Rate For Calcs": NaN,
        "Normalized EBITDA": NaN,
        "Total Unusual Items": NaN,
        "Total Unusual Items Excluding Goodwill": NaN,
        "Net Income From Continuing Operation Net Minority Interest": NaN,
        "Reconciled Depreciation": NaN,
        "Reconciled Cost Of Revenue": NaN,
        "EBITDA": NaN,
        "EBIT": NaN,
        "Net Interest Income": NaN,
        "Interest Expense": NaN,
        "Interest Income": NaN,
        "Normalized Income": NaN,
        "Net Income From Continuing And Discontinued Operation": NaN,
        "Total Expenses": NaN,
        "Total Operating Income As Reported": NaN,
        "Diluted Average Shares": NaN,
        "Basic Average Shares": NaN,
        "Diluted EPS": NaN,
        "Basic EPS": NaN,
        "Diluted NI Availto Com Stockholders": NaN,
        "Average Dilution Earnings": 0.0,
        "Net Income Common Stockholders": NaN,
        "Net Income": NaN,
        "Net Income Including Noncontrolling Interests": NaN,
        "Net Income Continuous Operations": NaN,
        "Tax Provision": NaN,
        "Pretax Income": NaN,
        "Other Income Expense": NaN,
        "Other Non Operating Income Expenses": NaN,
        "Gain On Sale Of Security": NaN,
        "Net Non Operating Interest Income Expense": NaN,
        "Interest Expense Non Operating": NaN,
        "Interest Income Non Operating": NaN,
        "Operating Income": NaN,
        "Operating Expense": NaN,
        "Research And Development": NaN,
        "Selling General And Administration": NaN,
        "General And Administrative Expense": NaN,
        "Other Gand A": NaN,
        "Salaries And Wages": NaN,
        "Gross Profit": NaN,
        "Cost Of Revenue": NaN,
        "Total Revenue": NaN,
        "Operating Revenue": NaN
    },
    "2022-06-30": {
        "Tax Effect Of Unusual Items": 45510.569688,
        "Tax Rate For Calcs": 0.196166,
        "Normalized EBITDA": -29144000.0,
        "Total Unusual Items": 232000.0,
        "Total Unusual Items Excluding Goodwill": 232000.0,
        "Net Income From Continuing Operation Net Minority Interest": -26922000.0,
        "Reconciled Depreciation": 705000.0,
        "Reconciled Cost Of Revenue": 2524000.0,
        "EBITDA": -28912000.0,
        "EBIT": -29617000.0,
        "Net Interest Income": -3582000.0,
        "Interest Expense": 3875000.0,
        "Interest Income": 293000.0,
        "Normalized Income": -27108489.430312,
        "Net Income From Continuing And Discontinued Operation": -26922000.0,
        "Total Expenses": 48925000.0,
        "Total Operating Income As Reported": -31441000.0,
        "Diluted Average Shares": 32179171.0,
        "Basic Average Shares": 32164174.0,
        "Diluted EPS": -0.84,
        "Basic EPS": -0.84,
        "Diluted NI Availto Com Stockholders": -27121000.0,
        "Average Dilution Earnings": -199000.0,
        "Net Income Common Stockholders": -26922000.0,
        "Net Income": -26922000.0,
        "Net Income Including Noncontrolling Interests": -26922000.0,
        "Net Income Continuous Operations": -26922000.0,
        "Tax Provision": -6570000.0,
        "Pretax Income": -33492000.0,
        "Other Income Expense": 1531000.0,
        "Other Non Operating Income Expenses": 1299000.0,
        "Gain On Sale Of Security": 232000.0,
        "Net Non Operating Interest Income Expense": -3582000.0,
        "Interest Expense Non Operating": 3875000.0,
        "Interest Income Non Operating": 293000.0,
        "Operating Income": -31441000.0,
        "Operating Expense": 46401000.0,
        "Research And Development": 25432000.0,
        "Selling General And Administration": 20969000.0,
        "General And Administrative Expense": NaN,
        "Other Gand A": NaN,
        "Salaries And Wages": NaN,
        "Gross Profit": 14960000.0,
        "Cost Of Revenue": 2524000.0,
        "Total Revenue": 17484000.0,
        "Operating Revenue": 17484000.0
    },
    "2022-03-31": {
        "Diluted EPS": -1.17,
        "Total Revenue": 13,
        "Gross Profit": 10,
        "Operating Income": -33,
        "EBIT": -32,
        "Net Income": -37
    },
    "2021-12-31": {
        "Diluted EPS": 1.91,
        "Total Revenue": 3,
        "Gross Profit": 3,
        "Operating Income": -46,
        "EBIT": -45,
        "Net Income": 58
    },
    "2021-09-30": {
        "Diluted EPS": -1.55,
        "Total Revenue": 5,
        "Gross Profit": 5,
        "Operating Income": -43,
        "EBIT": -43,
        "Net Income": -47
    },
    "2021-06-30": {
        "Diluted EPS": -1.45,
        "Total Revenue": 11,
        "Gross Profit": 11,
        "Operating Income": -37,
        "EBIT": -37,
        "Net Income": -44
    },
    "2021-03-31": {
        "Diluted EPS": -1.68,
        "Total Revenue": NaN,
        "Gross Profit": NaN,
        "Operating Income": -48,
        "EBIT": -47,
        "Net Income": -51
    },
    "2020-12-31": {
        "Diluted EPS": -1.44,
        "Total Revenue": NaN,
        "Gross Profit": NaN,
        "Operating Income": -37,
        "EBIT": -37,
        "Net Income": -37
    },
    "2020-09-30": {
        "Diluted EPS": -0.86,
        "Total Revenue": NaN,
        "Gross Profit": NaN,
        "Operating Income": -22,
        "EBIT": -22,
        "Net Income": -22
    },
    "2020-06-30": {
        "Diluted EPS": -0.93,
        "Total Revenue": NaN,
        "Gross Profit": NaN,
        "Operating Income": -24,
        "EBIT": -23,
        "Net Income": -23
    },
    "2020-03-31": {
        "Diluted EPS": -0.86,
        "Total Revenue": NaN,
        "Gross Profit": NaN,
        "Operating Income": -22,
        "EBIT": -22,
        "Net Income": -21
    },
    "2019-12-31": {
        "Diluted EPS": 3.94,
        "Total Revenue": NaN,
        "Gross Profit": NaN,
        "Operating Income": -19,
        "EBIT": -19,
        "Net Income": -18
    },
    "2019-09-30": {
        "Diluted EPS": -0.84,
        "Total Revenue": NaN,
        "Gross Profit": NaN,
        "Operating Income": -16,
        "EBIT": -16,
        "Net Income": -15
    },
    "2019-06-30": {
        "Diluted EPS": -5.31,
        "Total Revenue": NaN,
        "Gross Profit": NaN,
        "Operating Income": -14,
        "EBIT": -14,
        "Net Income": -14
    },
    "2019-03-31": {
        "Diluted EPS": -2.37,
        "Total Revenue": NaN,
        "Gross Profit": NaN,
        "Operating Income": -6,
        "EBIT": -6,
        "Net Income": -6
    },
    "2018-12-31": {
        "Diluted EPS": 0.0,
        "Total Revenue": NaN,
        "Gross Profit": NaN,
        "Operating Income": NaN,
        "EBIT": NaN,
        "Net Income": NaN
    },
    "2018-09-30": {
        "Diluted EPS": -0.14,
        "Total Revenue": NaN,
        "Gross Profit": NaN,
        "Operating Income": 0,
        "EBIT": 0,
        "Net Income": 0
    },
    "2023-06-30": {
        "Tax Effect Of Unusual Items": NaN,
        "Tax Rate For Calcs": NaN,
        "Normalized EBITDA": NaN,
        "Total Unusual Items": -49076000.0,
        "Total Unusual Items Excluding Goodwill": -49076000.0,
        "Net Income From Continuing Operation Net Minority Interest": NaN,
        "Reconciled Depreciation": NaN,
        "Reconciled Cost Of Revenue": NaN,
        "EBITDA": NaN,
        "EBIT": NaN,
        "Net Interest Income": NaN,
        "Interest Expense": NaN,
        "Interest Income": NaN,
        "Normalized Income": NaN,
        "Net Income From Continuing And Discontinued Operation": NaN,
        "Total Expenses": NaN,
        "Total Operating Income As Reported": NaN,
        "Diluted Average Shares": NaN,
        "Basic Average Shares": NaN,
        "Diluted EPS": NaN,
        "Basic EPS": NaN,
        "Diluted NI Availto Com Stockholders": NaN,
        "Net Income Common Stockholders": NaN,
        "Net Income": NaN,
        "Net Income Including Noncontrolling Interests": NaN,
        "Net Income Continuous Operations": NaN,
        "Tax Provision": NaN,
        "Pretax Income": NaN,
        "Other Income Expense": NaN,
        "Other Non Operating Income Expenses": NaN,
        "Special Income Charges": -49076000.0,
        "Other Special Charges": 49076000.0,
        "Net Non Operating Interest Income Expense": NaN,
        "Interest Expense Non Operating": NaN,
        "Interest Income Non Operating": NaN,
        "Operating Income": NaN,
        "Operating Expense": NaN,
        "Research And Development": NaN,
        "Selling General And Administration": NaN,
        "General And Administrative Expense": 32949000.0,
        "Other Gand A": 27264000.0,
        "Salaries And Wages": 5685000.0,
        "Gross Profit": NaN,
        "Cost Of Revenue": NaN,
        "Total Revenue": NaN,
        "Operating Revenue": NaN
    },
    "2023-09-30": {
        "Tax Effect Of Unusual Items": NaN,
        "Tax Rate For Calcs": NaN,
        "Normalized EBITDA": NaN,
        "Total Unusual Items": 0.0,
        "Total Unusual Items Excluding Goodwill": 0.0,
        "Net Income From Continuing Operation Net Minority Interest": NaN,
        "Reconciled Depreciation": NaN,
        "Reconciled Cost Of Revenue": NaN,
        "EBITDA": NaN,
        "EBIT": NaN,
        "Net Interest Income": NaN,
        "Interest Expense": NaN,
        "Interest Income": NaN,
        "Normalized Income": NaN,
        "Net Income From Continuing And Discontinued Operation": NaN,
        "Total Expenses": NaN,
        "Total Operating Income As Reported": NaN,
        "Diluted Average Shares": NaN,
        "Basic Average Shares": NaN,
        "Diluted EPS": NaN,
        "Basic EPS": NaN,
        "Diluted NI Availto Com Stockholders": NaN,
        "Net Income Common Stockholders": NaN,
        "Net Income": NaN,
        "Net Income Including Noncontrolling Interests": NaN,
        "Net Income Continuous Operations": NaN,
        "Tax Provision": NaN,
        "Pretax Income": NaN,
        "Other Income Expense": NaN,
        "Other Non Operating Income Expenses": NaN,
        "Special Income Charges": 0.0,
        "Net Non Operating Interest Income Expense": NaN,
        "Interest Expense Non Operating": NaN,
        "Interest Income Non Operating": NaN,
        "Operating Income": NaN,
        "Operating Expense": NaN,
        "Research And Development": NaN,
        "Selling General And Administration": NaN,
        "Gross Profit": NaN,
        "Cost Of Revenue": NaN,
        "Total Revenue": NaN,
        "Operating Revenue": NaN
    },
    "2023-12-31": {
        "Tax Effect Of Unusual Items": NaN,
        "Tax Rate For Calcs": NaN,
        "Normalized EBITDA": NaN,
        "Total Unusual Items": 0.0,
        "Total Unusual Items Excluding Goodwill": 0.0,
        "Net Income From Continuing Operation Net Minority Interest": NaN,
        "Reconciled Depreciation": NaN,
        "Reconciled Cost Of Revenue": NaN,
        "EBITDA": NaN,
        "EBIT": NaN,
        "Net Interest Income": NaN,
        "Interest Expense": NaN,
        "Interest Income": NaN,
        "Normalized Income": NaN,
        "Net Income From Continuing And Discontinued Operation": NaN,
        "Total Expenses": NaN,
        "Total Operating Income As Reported": NaN,
        "Diluted Average Shares": NaN,
        "Basic Average Shares": NaN,
        "Diluted EPS": NaN,
        "Basic EPS": NaN,
        "Diluted NI Availto Com Stockholders": NaN,
        "Net Income Common Stockholders": NaN,
        "Net Income": NaN,
        "Net Income Including Noncontrolling Interests": NaN,
        "Net Income Continuous Operations": NaN,
        "Tax Provision": NaN,
        "Pretax Income": NaN,
        "Other Income Expense": NaN,
        "Other Non Operating Income Expenses": NaN,
        "Special Income Charges": 0.0,
        "Other Special Charges": 0.0,
        "Net Non Operating Interest Income Expense": NaN,
        "Interest Expense Non Operating": NaN,
        "Interest Income Non Operating": NaN,
        "Operating Income": NaN,
        "Operating Expense": NaN,
        "Research And Development": NaN,
        "Selling General And Administration": NaN,
        "Gross Profit": NaN,
        "Cost Of Revenue": NaN,
        "Total Revenue": NaN,
        "Operating Revenue": NaN
    },
    "2024-03-31": {
        "Tax Effect Of Unusual Items": 0.0,
        "Tax Rate For Calcs": 0.21,
        "Normalized EBITDA": -15414000.0,
        "Total Unusual Items": NaN,
        "Total Unusual Items Excluding Goodwill": NaN,
        "Net Income From Continuing Operation Net Minority Interest": -25279000.0,
        "Reconciled Depreciation": 5664000.0,
        "Reconciled Cost Of Revenue": 17830000.0,
        "EBITDA": -15414000.0,
        "EBIT": -21078000.0,
        "Net Interest Income": 56000.0,
        "Interest Expense": 3577000.0,
        "Interest Income": 3633000.0,
        "Normalized Income": -25279000.0,
        "Net Income From Continuing And Discontinued Operation": -25279000.0,
        "Total Expenses": 95690000.0,
        "Total Operating Income As Reported": -26468000.0,
        "Diluted Average Shares": 46927550.0,
        "Basic Average Shares": 46927550.0,
        "Diluted EPS": -0.54,
        "Basic EPS": -0.54,
        "Diluted NI Availto Com Stockholders": -25279000.0,
        "Net Income Common Stockholders": -25279000.0,
        "Net Income": -25279000.0,
        "Net Income Including Noncontrolling Interests": -25279000.0,
        "Net Income Continuous Operations": -25279000.0,
        "Tax Provision": 624000.0,
        "Pretax Income": -24655000.0,
        "Other Income Expense": 1757000.0,
        "Other Non Operating Income Expenses": 1757000.0,
        "Special Income Charges": NaN,
        "Net Non Operating Interest Income Expense": 56000.0,
        "Interest Expense Non Operating": 3577000.0,
        "Interest Income Non Operating": 3633000.0,
        "Operating Income": -26468000.0,
        "Operating Expense": 77860000.0,
        "Research And Development": 32222000.0,
        "Selling General And Administration": 45638000.0,
        "Gross Profit": 51392000.0,
        "Cost Of Revenue": 17830000.0,
        "Total Revenue": 69222000.0,
        "Operating Revenue": 69222000.0
    },
    "2024-06-30": {
        "Tax Effect Of Unusual Items": 0.0,
        "Tax Rate For Calcs": 0.21,
        "Normalized EBITDA": -14580000.0,
        "Total Unusual Items": 0.0,
        "Total Unusual Items Excluding Goodwill": 0.0,
        "Net Income From Continuing Operation Net Minority Interest": -24638000.0,
        "Reconciled Depreciation": 5854000.0,
        "Reconciled Cost Of Revenue": 20227000.0,
        "EBITDA": -14580000.0,
        "EBIT": -20434000.0,
        "Net Interest Income": -83000.0,
        "Interest Expense": 3569000.0,
        "Interest Income": 3486000.0,
        "Normalized Income": -24638000.0,
        "Net Income From Continuing And Discontinued Operation": -24638000.0,
        "Total Expenses": 102107000.0,
        "Total Operating Income As Reported": -24232000.0,
        "Diluted Average Shares": 47235080.0,
        "Basic Average Shares": 47235080.0,
        "Diluted EPS": -0.52,
        "Basic EPS": -0.52,
        "Diluted NI Availto Com Stockholders": -24638000.0,
        "Net Income Common Stockholders": -24638000.0,
        "Net Income": -24638000.0,
        "Net Income Including Noncontrolling Interests": -24638000.0,
        "Net Income Continuous Operations": -24638000.0,
        "Tax Provision": 635000.0,
        "Pretax Income": -24003000.0,
        "Other Income Expense": 312000.0,
        "Other Non Operating Income Expenses": 312000.0,
        "Special Income Charges": 0.0,
        "Net Non Operating Interest Income Expense": -83000.0,
        "Interest Expense Non Operating": 3569000.0,
        "Interest Income Non Operating": 3486000.0,
        "Operating Income": -24232000.0,
        "Operating Expense": 81880000.0,
        "Research And Development": 32672000.0,
        "Selling General And Administration": 49208000.0,
        "Gross Profit": 57648000.0,
        "Cost Of Revenue": 20227000.0,
        "Total Revenue": 77875000.0,
        "Operating Revenue": 77875000.0
    },
    "2024-09-30": {
        "Tax Effect Of Unusual Items": 0.0,
        "Tax Rate For Calcs": 0.21,
        "Normalized EBITDA": -4247000.0,
        "Total Unusual Items": 0.0,
        "Total Unusual Items Excluding Goodwill": 0.0,
        "Net Income From Continuing Operation Net Minority Interest": -14235000.0,
        "Reconciled Depreciation": 6055000.0,
        "Reconciled Cost Of Revenue": 20806000.0,
        "EBITDA": -4247000.0,
        "EBIT": -10302000.0,
        "Net Interest Income": -117000.0,
        "Interest Expense": 3586000.0,
        "Interest Income": 3469000.0,
        "Normalized Income": -14235000.0,
        "Net Income From Continuing And Discontinued Operation": -14235000.0,
        "Total Expenses": 103061000.0,
        "Total Operating Income As Reported": -12684000.0,
        "Diluted Average Shares": 47782619.0,
        "Basic Average Shares": 47782619.0,
        "Diluted EPS": -0.3,
        "Basic EPS": -0.3,
        "Diluted NI Availto Com Stockholders": -14235000.0,
        "Net Income Common Stockholders": -14235000.0,
        "Net Income": -14235000.0,
        "Net Income Including Noncontrolling Interests": -14235000.0,
        "Net Income Continuous Operations": -14235000.0,
        "Tax Provision": 347000.0,
        "Pretax Income": -13888000.0,
        "Other Income Expense": -1087000.0,
        "Other Non Operating Income Expenses": -1087000.0,
        "Special Income Charges": 0.0,
        "Net Non Operating Interest Income Expense": -117000.0,
        "Interest Expense Non Operating": 3586000.0,
        "Interest Income Non Operating": 3469000.0,
        "Operating Income": -12684000.0,
        "Operating Expense": 82255000.0,
        "Research And Development": 31710000.0,
        "Selling General And Administration": 50545000.0,
        "Gross Profit": 69571000.0,
        "Cost Of Revenue": 20806000.0,
        "Total Revenue": 90377000.0,
        "Operating Revenue": 90377000.0
    },
    "2024-12-31": {
        "Tax Effect Of Unusual Items": 0.0,
        "Tax Rate For Calcs": 0.023639,
        "Normalized EBITDA": -14731000.0,
        "Total Unusual Items": 0.0,
        "Total Unusual Items Excluding Goodwill": 0.0,
        "Net Income From Continuing Operation Net Minority Interest": -23790000.0,
        "Reconciled Depreciation": 6056000.0,
        "Reconciled Cost Of Revenue": 22780000.0,
        "EBITDA": -14731000.0,
        "EBIT": -20787000.0,
        "Net Interest Income": -375000.0,
        "Interest Expense": 3579000.0,
        "Interest Income": 3204000.0,
        "Normalized Income": -23790000.0,
        "Net Income From Continuing And Discontinued Operation": -23790000.0,
        "Total Expenses": 123636000.0,
        "Total Operating Income As Reported": -24222000.0,
        "Diluted Average Shares": 48338096.0,
        "Basic Average Shares": 48338096.0,
        "Diluted EPS": -0.492158,
        "Basic EPS": -0.492158,
        "Diluted NI Availto Com Stockholders": -23790000.0,
        "Net Income Common Stockholders": -23790000.0,
        "Net Income": -23790000.0,
        "Net Income Including Noncontrolling Interests": -23790000.0,
        "Net Income Continuous Operations": -23790000.0,
        "Tax Provision": -576000.0,
        "Pretax Income": -24366000.0,
        "Other Income Expense": 231000.0,
        "Other Non Operating Income Expenses": 231000.0,
        "Special Income Charges": 0.0,
        "Net Non Operating Interest Income Expense": -375000.0,
        "Interest Expense Non Operating": 3579000.0,
        "Interest Income Non Operating": 3204000.0,
        "Operating Income": -24222000.0,
        "Operating Expense": 100856000.0,
        "Research And Development": 44026000.0,
        "Selling General And Administration": 56830000.0,
        "Gross Profit": 76634000.0,
        "Cost Of Revenue": 22780000.0,
        "Total Revenue": 99414000.0,
        "Operating Revenue": 99414000.0
    },
    "2025-03-31": {
        "Tax Effect Of Unusual Items": 0.0,
        "Tax Rate For Calcs": 0.21,
        "Normalized EBITDA": -4000000.0,
        "Total Unusual Items": NaN,
        "Total Unusual Items Excluding Goodwill": NaN,
        "Net Income From Continuing Operation Net Minority Interest": -14677000.0,
        "Reconciled Depreciation": 6052000.0,
        "Reconciled Cost Of Revenue": 23018000.0,
        "EBITDA": -4000000.0,
        "EBIT": -10052000.0,
        "Net Interest Income": -573000.0,
        "Interest Expense": 3596000.0,
        "Interest Income": 3023000.0,
        "Normalized Income": -14677000.0,
        "Net Income From Continuing And Discontinued Operation": -14677000.0,
        "Total Expenses": 126768000.0,
        "Total Operating Income As Reported": -15183000.0,
        "Diluted Average Shares": 48889058.0,
        "Basic Average Shares": 48889058.0,
        "Diluted EPS": -0.3,
        "Basic EPS": -0.3,
        "Diluted NI Availto Com Stockholders": -14677000.0,
        "Net Income Common Stockholders": -14677000.0,
        "Net Income": -14677000.0,
        "Net Income Including Noncontrolling Interests": -14677000.0,
        "Net Income Continuous Operations": -14677000.0,
        "Tax Provision": 1029000.0,
        "Pretax Income": -13648000.0,
        "Other Income Expense": 2108000.0,
        "Other Non Operating Income Expenses": 2108000.0,
        "Special Income Charges": NaN,
        "Net Non Operating Interest Income Expense": -573000.0,
        "Interest Expense Non Operating": 3596000.0,
        "Interest Income Non Operating": 3023000.0,
        "Operating Income": -15183000.0,
        "Operating Expense": 103750000.0,
        "Research And Development": 46044000.0,
        "Selling General And Administration": 57706000.0,
        "Gross Profit": 88567000.0,
        "Cost Of Revenue": 23018000.0,
        "Total Revenue": 111585000.0,
        "Operating Revenue": 111585000.0
    },
    "2025-06-30": {
        "Tax Effect Of Unusual Items": 0.0,
        "Tax Rate For Calcs": 0.21,
        "Normalized EBITDA": 4186000.0,
        "Total Unusual Items": NaN,
        "Total Unusual Items Excluding Goodwill": NaN,
        "Net Income From Continuing Operation Net Minority Interest": -5861000.0,
        "Reconciled Depreciation": 6056000.0,
        "Reconciled Cost Of Revenue": 23421000.0,
        "EBITDA": 4186000.0,
        "EBIT": -1870000.0,
        "Net Interest Income": -556000.0,
        "Interest Expense": 3589000.0,
        "Interest Income": 3033000.0,
        "Normalized Income": -5861000.0,
        "Net Income From Continuing And Discontinued Operation": -5861000.0,
        "Total Expenses": 132774000.0,
        "Total Operating Income As Reported": -4989000.0,
        "Diluted Average Shares": 49726823.0,
        "Basic Average Shares": 49726823.0,
        "Diluted EPS": -0.12,
        "Basic EPS": -0.12,
        "Diluted NI Availto Com Stockholders": -5861000.0,
        "Net Income Common Stockholders": -5861000.0,
        "Net Income": -5861000.0,
        "Net Income Including Noncontrolling Interests": -5861000.0,
        "Net Income Continuous Operations": -5861000.0,
        "Tax Provision": 402000.0,
        "Pretax Income": -5459000.0,
        "Other Income Expense": 86000.0,
        "Other Non Operating Income Expenses": 86000.0,
        "Special Income Charges": NaN,
        "Net Non Operating Interest Income Expense": -556000.0,
        "Interest Expense Non Operating": 3589000.0,
        "Interest Income Non Operating": 3033000.0,
        "Operating Income": -4989000.0,
        "Operating Expense": 109353000.0,
        "Research And Development": 46067000.0,
        "Selling General And Administration": 63286000.0,
        "Gross Profit": 104364000.0,
        "Cost Of Revenue": 23421000.0,
        "Total Revenue": 127785000.0,
        "Operating Revenue": 127785000.0
    }
}