{
    "2023-03-31": {
        "Tax Effect Of Unusual Items": 0.0,
        "Tax Rate For Calcs": 0.0,
        "Normalized EBITDA": -7997052.0,
        "Total Unusual Items": 527143.0,
        "Total Unusual Items Excluding Goodwill": 527143.0,
        "Net Income From Continuing Operation Net Minority Interest": -7480152.0,
        "Reconciled Depreciation": 289928.0,
        "Reconciled Cost Of Revenue": 125000.0,
        "EBITDA": -7469909.0,
        "EBIT": -7469909.0,
        "Net Interest Income": 91734.0,
        "Interest Expense": 10243.0,
        "Interest Income": 101977.0,
        "Normalized Income": -8007295.0,
        "Net Income From Continuing And Discontinued Operation": -7480152.0,
        "Total Expenses": 8107010.0,
        "Total Operating Income As Reported": -8099029.0,
        "Diluted Average Shares": 22508244.0,
        "Basic Average Shares": 22508244.0,
        "Diluted EPS": -0.33,
        "Basic EPS": -0.33,
        "Diluted NI Availto Com Stockholders": -7480152.0,
        "Net Income Common Stockholders": -7480152.0,
        "Net Income": -7480152.0,
        "Net Income Including Noncontrolling Interests": -7480152.0,
        "Net Income Continuous Operations": -7480152.0,
        "Pretax Income": -7480152.0,
        "Other Income Expense": 527143.0,
        "Other Non Operating Income Expenses": 527143.0,
        "Special Income Charges": 527143.0,
        "Gain On Sale Of Business": NaN,
        "Restructuring And Mergern Acquisition": -527143.0,
        "Earnings From Equity Interest": NaN,
        "Net Non Operating Interest Income Expense": 91734.0,
        "Interest Expense Non Operating": 10243.0,
        "Interest Income Non Operating": 101977.0,
        "Operating Income": -8099029.0,
        "Operating Expense": 7982010.0,
        "Other Operating Expenses": 989657.0,
        "Research And Development": 4392118.0,
        "Selling General And Administration": 2600235.0,
        "General And Administrative Expense": 2600235.0,
        "Other Gand A": 2600235.0,
        "Gross Profit": -117019.0,
        "Cost Of Revenue": 125000.0,
        "Total Revenue": 7981.0,
        "Operating Revenue": 7981.0
    },
    "2022-12-31": {
        "Tax Effect Of Unusual Items": 0.0,
        "Tax Rate For Calcs": 0.0,
        "Normalized EBITDA": -6933288.0,
        "Total Unusual Items": 0.0,
        "Total Unusual Items Excluding Goodwill": 0.0,
        "Net Income From Continuing Operation Net Minority Interest": -6946005.0,
        "Reconciled Depreciation": 290639.0,
        "Reconciled Cost Of Revenue": 125000.0,
        "EBITDA": -6933288.0,
        "EBIT": -6933288.0,
        "Net Interest Income": 115349.0,
        "Interest Expense": 12717.0,
        "Interest Income": 128066.0,
        "Normalized Income": -6946005.0,
        "Net Income From Continuing And Discontinued Operation": -6946005.0,
        "Total Expenses": 7991709.0,
        "Total Operating Income As Reported": -7180050.0,
        "Diluted Average Shares": 20907310.0,
        "Basic Average Shares": 20907310.0,
        "Diluted EPS": -0.33,
        "Basic EPS": -0.33,
        "Diluted NI Availto Com Stockholders": -6946005.0,
        "Net Income Common Stockholders": -6946005.0,
        "Net Income": -6946005.0,
        "Net Income Including Noncontrolling Interests": -6946005.0,
        "Net Income Continuous Operations": -6946005.0,
        "Pretax Income": -6946005.0,
        "Other Income Expense": NaN,
        "Other Non Operating Income Expenses": NaN,
        "Special Income Charges": 0.0,
        "Gain On Sale Of Business": 0.0,
        "Restructuring And Mergern Acquisition": NaN,
        "Earnings From Equity Interest": 0.0,
        "Net Non Operating Interest Income Expense": 115349.0,
        "Interest Expense Non Operating": 12717.0,
        "Interest Income Non Operating": 128066.0,
        "Operating Income": -7061354.0,
        "Operating Expense": 7866709.0,
        "Other Operating Expenses": 926636.0,
        "Research And Development": 4733952.0,
        "Selling General And Administration": 2206121.0,
        "General And Administrative Expense": 2206121.0,
        "Other Gand A": 2206121.0,
        "Gross Profit": 805355.0,
        "Cost Of Revenue": 125000.0,
        "Total Revenue": 930355.0,
        "Operating Revenue": 930355.0
    },
    "2022-09-30": {
        "Tax Effect Of Unusual Items": 0.0,
        "Tax Rate For Calcs": 0.0,
        "Normalized EBITDA": -7331444.0,
        "Total Unusual Items": 0.0,
        "Total Unusual Items Excluding Goodwill": 0.0,
        "Net Income From Continuing Operation Net Minority Interest": -7628054.0,
        "Reconciled Depreciation": 281285.0,
        "Reconciled Cost Of Revenue": 125000.0,
        "EBITDA": -7331444.0,
        "EBIT": -7612729.0,
        "Net Interest Income": 128230.0,
        "Interest Expense": 15325.0,
        "Interest Income": 143555.0,
        "Normalized Income": -7628054.0,
        "Net Income From Continuing And Discontinued Operation": -7628054.0,
        "Total Expenses": 7768679.0,
        "Total Operating Income As Reported": -7756284.0,
        "Diluted Average Shares": 20895513.0,
        "Basic Average Shares": 20895513.0,
        "Diluted EPS": -0.37,
        "Basic EPS": -0.37,
        "Diluted NI Availto Com Stockholders": -7628054.0,
        "Net Income Common Stockholders": -7628054.0,
        "Net Income": -7628054.0,
        "Net Income Including Noncontrolling Interests": -7628054.0,
        "Net Income Continuous Operations": -7628054.0,
        "Pretax Income": -7628054.0,
        "Other Income Expense": NaN,
        "Other Non Operating Income Expenses": NaN,
        "Special Income Charges": 0.0,
        "Gain On Sale Of Business": 0.0,
        "Restructuring And Mergern Acquisition": NaN,
        "Earnings From Equity Interest": 0.0,
        "Net Non Operating Interest Income Expense": 128230.0,
        "Interest Expense Non Operating": 15325.0,
        "Interest Income Non Operating": 143555.0,
        "Operating Income": -7756284.0,
        "Operating Expense": 7643679.0,
        "Other Operating Expenses": 1016414.0,
        "Research And Development": 4574534.0,
        "Selling General And Administration": 2052731.0,
        "General And Administrative Expense": 2052731.0,
        "Other Gand A": 2052731.0,
        "Gross Profit": -112605.0,
        "Cost Of Revenue": 125000.0,
        "Total Revenue": 12395.0,
        "Operating Revenue": 12395.0
    },
    "2022-06-30": {
        "Tax Effect Of Unusual Items": 0.0,
        "Tax Rate For Calcs": 0.0,
        "Normalized EBITDA": -7899780.0,
        "Total Unusual Items": 0.0,
        "Total Unusual Items Excluding Goodwill": 0.0,
        "Net Income From Continuing Operation Net Minority Interest": -8182189.0,
        "Reconciled Depreciation": 273610.0,
        "Reconciled Cost Of Revenue": 125000.0,
        "EBITDA": -7899780.0,
        "EBIT": -8173390.0,
        "Net Interest Income": 52279.0,
        "Interest Expense": 8799.0,
        "Interest Income": 61078.0,
        "Normalized Income": -8182189.0,
        "Net Income From Continuing And Discontinued Operation": -8182189.0,
        "Total Expenses": 8238420.0,
        "Total Operating Income As Reported": -8234468.0,
        "Diluted Average Shares": 20615218.0,
        "Basic Average Shares": 20615218.0,
        "Diluted EPS": -0.4,
        "Basic EPS": -0.4,
        "Diluted NI Availto Com Stockholders": -8182189.0,
        "Net Income Common Stockholders": -8182189.0,
        "Net Income": -8182189.0,
        "Net Income Including Noncontrolling Interests": -8182189.0,
        "Net Income Continuous Operations": -8182189.0,
        "Pretax Income": -8182189.0,
        "Other Income Expense": NaN,
        "Other Non Operating Income Expenses": NaN,
        "Special Income Charges": 0.0,
        "Gain On Sale Of Business": 0.0,
        "Earnings From Equity Interest": 0.0,
        "Net Non Operating Interest Income Expense": 52279.0,
        "Interest Expense Non Operating": 8799.0,
        "Interest Income Non Operating": 61078.0,
        "Operating Income": -8234468.0,
        "Operating Expense": 8113420.0,
        "Other Operating Expenses": 936727.0,
        "Research And Development": 4988233.0,
        "Selling General And Administration": 2188460.0,
        "General And Administrative Expense": 2188460.0,
        "Other Gand A": 2188460.0,
        "Gross Profit": -121048.0,
        "Cost Of Revenue": 125000.0,
        "Total Revenue": 3952.0,
        "Operating Revenue": 3952.0
    },
    "2022-03-31": {
        "Diluted EPS": -0.35,
        "Total Revenue": 0,
        "Gross Profit": 0,
        "Operating Income": -7,
        "EBIT": -7,
        "Net Income": -7
    },
    "2021-12-31": {
        "Diluted EPS": 0.43,
        "Total Revenue": 0,
        "Gross Profit": 0,
        "Operating Income": -5,
        "EBIT": -5,
        "Net Income": -5
    },
    "2021-09-30": {
        "Diluted EPS": -0.25,
        "Total Revenue": 0,
        "Gross Profit": 0,
        "Operating Income": -5,
        "EBIT": -5,
        "Net Income": -5
    },
    "2021-06-30": {
        "Diluted EPS": -1.27,
        "Total Revenue": 0,
        "Gross Profit": 0,
        "Operating Income": -4,
        "EBIT": -4,
        "Net Income": -4
    },
    "2021-03-31": {
        "Diluted EPS": -0.19,
        "Total Revenue": 0,
        "Gross Profit": 0,
        "Operating Income": -3,
        "EBIT": -3,
        "Net Income": 0
    },
    "2020-12-31": {
        "Diluted EPS": 0.0,
        "Total Revenue": NaN,
        "Gross Profit": NaN,
        "Operating Income": NaN,
        "EBIT": NaN,
        "Net Income": NaN
    },
    "2020-09-30": {
        "Diluted EPS": -1.37,
        "Total Revenue": 0,
        "Gross Profit": 0,
        "Operating Income": -3,
        "EBIT": -3,
        "Net Income": -3
    },
    "2020-06-30": {
        "Diluted EPS": -1.5,
        "Total Revenue": 0,
        "Gross Profit": 0,
        "Operating Income": -3,
        "EBIT": -3,
        "Net Income": -3
    },
    "2023-06-30": {
        "Tax Effect Of Unusual Items": 0.0,
        "Tax Rate For Calcs": 0.0,
        "Normalized EBITDA": -6232811.0,
        "Total Unusual Items": 0.0,
        "Total Unusual Items Excluding Goodwill": 0.0,
        "Net Income From Continuing Operation Net Minority Interest": -6530420.0,
        "Reconciled Depreciation": 289439.0,
        "Reconciled Cost Of Revenue": 125000.0,
        "EBITDA": -6232811.0,
        "EBIT": -6522250.0,
        "Net Interest Income": 157992.0,
        "Interest Expense": 8170.0,
        "Interest Income": 166162.0,
        "Normalized Income": -6530420.0,
        "Net Income From Continuing And Discontinued Operation": -6530420.0,
        "Total Expenses": 6696929.0,
        "Total Operating Income As Reported": -6688412.0,
        "Diluted Average Shares": 27250573.0,
        "Basic Average Shares": 27250573.0,
        "Diluted EPS": -0.24,
        "Basic EPS": -0.24,
        "Diluted NI Availto Com Stockholders": -6530420.0,
        "Net Income Common Stockholders": -6530420.0,
        "Net Income": -6530420.0,
        "Net Income Including Noncontrolling Interests": -6530420.0,
        "Net Income Continuous Operations": -6530420.0,
        "Pretax Income": -6530420.0,
        "Other Income Expense": NaN,
        "Other Non Operating Income Expenses": NaN,
        "Special Income Charges": 0.0,
        "Gain On Sale Of Business": NaN,
        "Restructuring And Mergern Acquisition": 0.0,
        "Earnings From Equity Interest": NaN,
        "Net Non Operating Interest Income Expense": 157992.0,
        "Interest Expense Non Operating": 8170.0,
        "Interest Income Non Operating": 166162.0,
        "Operating Income": -6688412.0,
        "Operating Expense": 6571929.0,
        "Other Operating Expenses": 913023.0,
        "Research And Development": 3621224.0,
        "Selling General And Administration": 2037682.0,
        "General And Administrative Expense": 2037682.0,
        "Other Gand A": 2037682.0,
        "Gross Profit": -116483.0,
        "Cost Of Revenue": 125000.0,
        "Total Revenue": 8517.0,
        "Operating Revenue": 8517.0
    },
    "2023-09-30": {
        "Tax Effect Of Unusual Items": 0.0,
        "Tax Rate For Calcs": 0.0,
        "Normalized EBITDA": -6150308.0,
        "Total Unusual Items": 0.0,
        "Total Unusual Items Excluding Goodwill": 0.0,
        "Net Income From Continuing Operation Net Minority Interest": -6453691.0,
        "Reconciled Depreciation": 288099.0,
        "Reconciled Cost Of Revenue": 125000.0,
        "EBITDA": -6150308.0,
        "EBIT": -6438407.0,
        "Net Interest Income": 181397.0,
        "Interest Expense": 15284.0,
        "Interest Income": 196681.0,
        "Normalized Income": -6453691.0,
        "Net Income From Continuing And Discontinued Operation": -6453691.0,
        "Total Expenses": 6646264.0,
        "Total Operating Income As Reported": -6635088.0,
        "Diluted Average Shares": 27313881.0,
        "Basic Average Shares": 27313881.0,
        "Diluted EPS": -0.24,
        "Basic EPS": -0.24,
        "Diluted NI Availto Com Stockholders": -6453691.0,
        "Net Income Common Stockholders": -6453691.0,
        "Net Income": -6453691.0,
        "Net Income Including Noncontrolling Interests": -6453691.0,
        "Net Income Continuous Operations": -6453691.0,
        "Pretax Income": -6453691.0,
        "Other Income Expense": NaN,
        "Other Non Operating Income Expenses": NaN,
        "Special Income Charges": 0.0,
        "Gain On Sale Of Business": NaN,
        "Restructuring And Mergern Acquisition": 0.0,
        "Earnings From Equity Interest": NaN,
        "Net Non Operating Interest Income Expense": 181397.0,
        "Interest Expense Non Operating": 15284.0,
        "Interest Income Non Operating": 196681.0,
        "Operating Income": -6635088.0,
        "Operating Expense": 6521264.0,
        "Other Operating Expenses": 871789.0,
        "Research And Development": 3506054.0,
        "Selling General And Administration": 2143421.0,
        "General And Administrative Expense": 2143421.0,
        "Other Gand A": 2143421.0,
        "Gross Profit": -113824.0,
        "Cost Of Revenue": 125000.0,
        "Total Revenue": 11176.0,
        "Operating Revenue": 11176.0
    }
}