{
    "2023-03-31": {
        "Tax Effect Of Unusual Items": NaN,
        "Tax Rate For Calcs": NaN,
        "Normalized EBITDA": NaN,
        "Net Income From Continuing Operation Net Minority Interest": NaN,
        "Reconciled Depreciation": NaN,
        "EBITDA": NaN,
        "EBIT": NaN,
        "Net Interest Income": NaN,
        "Interest Expense": NaN,
        "Interest Income": NaN,
        "Normalized Income": NaN,
        "Net Income From Continuing And Discontinued Operation": NaN,
        "Total Expenses": NaN,
        "Total Operating Income As Reported": NaN,
        "Diluted Average Shares": 42853275.0,
        "Basic Average Shares": 42853275.0,
        "Diluted EPS": -0.35,
        "Basic EPS": -0.35,
        "Diluted NI Availto Com Stockholders": NaN,
        "Net Income Common Stockholders": NaN,
        "Net Income": NaN,
        "Net Income Including Noncontrolling Interests": NaN,
        "Net Income Continuous Operations": NaN,
        "Pretax Income": NaN,
        "Net Non Operating Interest Income Expense": NaN,
        "Interest Expense Non Operating": NaN,
        "Interest Income Non Operating": NaN,
        "Operating Income": NaN,
        "Operating Expense": NaN,
        "Research And Development": NaN,
        "Selling General And Administration": NaN,
        "Selling And Marketing Expense": NaN,
        "General And Administrative Expense": NaN,
        "Other Gand A": NaN,
        "Total Revenue": NaN,
        "Operating Revenue": NaN
    },
    "2022-12-31": {
        "Tax Effect Of Unusual Items": NaN,
        "Tax Rate For Calcs": NaN,
        "Normalized EBITDA": NaN,
        "Net Income From Continuing Operation Net Minority Interest": NaN,
        "Reconciled Depreciation": NaN,
        "EBITDA": NaN,
        "EBIT": NaN,
        "Net Interest Income": NaN,
        "Interest Expense": NaN,
        "Interest Income": NaN,
        "Normalized Income": NaN,
        "Net Income From Continuing And Discontinued Operation": NaN,
        "Total Expenses": NaN,
        "Total Operating Income As Reported": NaN,
        "Diluted Average Shares": 42780252.0,
        "Basic Average Shares": 42780252.0,
        "Diluted EPS": -0.31,
        "Basic EPS": -0.31,
        "Diluted NI Availto Com Stockholders": NaN,
        "Net Income Common Stockholders": NaN,
        "Net Income": NaN,
        "Net Income Including Noncontrolling Interests": NaN,
        "Net Income Continuous Operations": NaN,
        "Pretax Income": NaN,
        "Net Non Operating Interest Income Expense": NaN,
        "Interest Expense Non Operating": NaN,
        "Interest Income Non Operating": NaN,
        "Operating Income": NaN,
        "Operating Expense": NaN,
        "Research And Development": NaN,
        "Selling General And Administration": NaN,
        "Selling And Marketing Expense": NaN,
        "General And Administrative Expense": NaN,
        "Other Gand A": NaN,
        "Total Revenue": NaN,
        "Operating Revenue": NaN
    },
    "2022-09-30": {
        "Tax Effect Of Unusual Items": NaN,
        "Tax Rate For Calcs": NaN,
        "Normalized EBITDA": NaN,
        "Net Income From Continuing Operation Net Minority Interest": NaN,
        "Reconciled Depreciation": NaN,
        "EBITDA": NaN,
        "EBIT": NaN,
        "Net Interest Income": NaN,
        "Interest Expense": 0.0,
        "Interest Income": NaN,
        "Normalized Income": NaN,
        "Net Income From Continuing And Discontinued Operation": NaN,
        "Total Expenses": NaN,
        "Total Operating Income As Reported": NaN,
        "Diluted Average Shares": NaN,
        "Basic Average Shares": NaN,
        "Diluted EPS": NaN,
        "Basic EPS": NaN,
        "Diluted NI Availto Com Stockholders": NaN,
        "Net Income Common Stockholders": NaN,
        "Net Income": NaN,
        "Net Income Including Noncontrolling Interests": NaN,
        "Net Income Continuous Operations": NaN,
        "Pretax Income": NaN,
        "Net Non Operating Interest Income Expense": NaN,
        "Interest Expense Non Operating": 0.0,
        "Interest Income Non Operating": NaN,
        "Operating Income": NaN,
        "Operating Expense": NaN,
        "Research And Development": NaN,
        "Selling General And Administration": NaN,
        "Selling And Marketing Expense": NaN,
        "General And Administrative Expense": NaN,
        "Other Gand A": NaN,
        "Total Revenue": NaN,
        "Operating Revenue": NaN
    },
    "2022-06-30": {
        "Tax Effect Of Unusual Items": 0.0,
        "Tax Rate For Calcs": 0.0,
        "Normalized EBITDA": -16782000.0,
        "Net Income From Continuing Operation Net Minority Interest": -16648000.0,
        "Reconciled Depreciation": 24000.0,
        "EBITDA": -16782000.0,
        "EBIT": -16806000.0,
        "Net Interest Income": 158000.0,
        "Interest Expense": NaN,
        "Interest Income": 158000.0,
        "Normalized Income": -16648000.0,
        "Net Income From Continuing And Discontinued Operation": -16648000.0,
        "Total Expenses": 16806000.0,
        "Total Operating Income As Reported": -16806000.0,
        "Diluted Average Shares": 42278563.0,
        "Basic Average Shares": 42278563.0,
        "Diluted EPS": -0.39,
        "Basic EPS": -0.39,
        "Diluted NI Availto Com Stockholders": -16648000.0,
        "Net Income Common Stockholders": -16648000.0,
        "Net Income": -16648000.0,
        "Net Income Including Noncontrolling Interests": -16648000.0,
        "Net Income Continuous Operations": -16648000.0,
        "Pretax Income": -16648000.0,
        "Net Non Operating Interest Income Expense": 158000.0,
        "Interest Expense Non Operating": NaN,
        "Interest Income Non Operating": 158000.0,
        "Operating Income": -16806000.0,
        "Operating Expense": 16806000.0,
        "Research And Development": 10657000.0,
        "Selling General And Administration": 6149000.0,
        "Selling And Marketing Expense": 2231000.0,
        "General And Administrative Expense": 3918000.0,
        "Other Gand A": 3918000.0,
        "Total Revenue": 0.0,
        "Operating Revenue": 0.0
    },
    "2022-03-31": {
        "Diluted EPS": -0.33,
        "Total Revenue": NaN,
        "Gross Profit": NaN,
        "Operating Income": -14,
        "EBIT": -14,
        "Net Income": -14
    },
    "2021-12-31": {
        "Diluted EPS": -0.4,
        "Total Revenue": NaN,
        "Gross Profit": NaN,
        "Operating Income": -17,
        "EBIT": -17,
        "Net Income": -17
    },
    "2021-09-30": {
        "Diluted EPS": -0.34,
        "Total Revenue": NaN,
        "Gross Profit": NaN,
        "Operating Income": -14,
        "EBIT": -14,
        "Net Income": -14
    },
    "2021-06-30": {
        "Diluted EPS": 0.02,
        "Total Revenue": 15,
        "Gross Profit": 15,
        "Operating Income": 1,
        "EBIT": 1,
        "Net Income": 1
    },
    "2021-03-31": {
        "Diluted EPS": -0.3,
        "Total Revenue": NaN,
        "Gross Profit": NaN,
        "Operating Income": -13,
        "EBIT": -13,
        "Net Income": -13
    },
    "2020-12-31": {
        "Diluted EPS": -0.1,
        "Total Revenue": NaN,
        "Gross Profit": NaN,
        "Operating Income": -9,
        "EBIT": -9,
        "Net Income": -9
    },
    "2020-09-30": {
        "Diluted EPS": -0.4,
        "Total Revenue": NaN,
        "Gross Profit": NaN,
        "Operating Income": -12,
        "EBIT": -12,
        "Net Income": -12
    },
    "2020-06-30": {
        "Diluted EPS": -0.53,
        "Total Revenue": NaN,
        "Gross Profit": NaN,
        "Operating Income": -13,
        "EBIT": -13,
        "Net Income": -13
    },
    "2020-03-31": {
        "Diluted EPS": -0.67,
        "Total Revenue": NaN,
        "Gross Profit": NaN,
        "Operating Income": -17,
        "EBIT": -17,
        "Net Income": -16
    },
    "2019-12-31": {
        "Diluted EPS": 15.38,
        "Total Revenue": NaN,
        "Gross Profit": NaN,
        "Operating Income": -19,
        "EBIT": -19,
        "Net Income": -18
    },
    "2019-09-30": {
        "Diluted EPS": -0.52,
        "Total Revenue": NaN,
        "Gross Profit": NaN,
        "Operating Income": -14,
        "EBIT": -14,
        "Net Income": -13
    },
    "2019-06-30": {
        "Diluted EPS": -1.04,
        "Total Revenue": NaN,
        "Gross Profit": NaN,
        "Operating Income": -14,
        "EBIT": -14,
        "Net Income": -14
    },
    "2019-03-31": {
        "Diluted EPS": -17.32,
        "Total Revenue": NaN,
        "Gross Profit": NaN,
        "Operating Income": -11,
        "EBIT": -11,
        "Net Income": -10
    },
    "2018-12-31": {
        "Diluted EPS": -24.19,
        "Total Revenue": NaN,
        "Gross Profit": NaN,
        "Operating Income": -10,
        "EBIT": -10,
        "Net Income": -10
    },
    "2018-09-30": {
        "Diluted EPS": -20.16,
        "Total Revenue": NaN,
        "Gross Profit": NaN,
        "Operating Income": -6,
        "EBIT": -6,
        "Net Income": -6
    },
    "2018-06-30": {
        "Diluted EPS": -12.71,
        "Total Revenue": NaN,
        "Gross Profit": NaN,
        "Operating Income": -4,
        "EBIT": -4,
        "Net Income": -4
    },
    "2018-03-31": {
        "Diluted EPS": -15.57,
        "Total Revenue": NaN,
        "Gross Profit": NaN,
        "Operating Income": -4,
        "EBIT": -4,
        "Net Income": -4
    },
    "2017-12-31": {
        "Diluted EPS": 0.0,
        "Total Revenue": NaN,
        "Gross Profit": NaN,
        "Operating Income": NaN,
        "EBIT": NaN,
        "Net Income": NaN
    },
    "2023-06-30": {
        "Tax Effect Of Unusual Items": NaN,
        "Tax Rate For Calcs": NaN,
        "Normalized EBITDA": NaN,
        "Net Income From Continuing Operation Net Minority Interest": NaN,
        "Reconciled Depreciation": NaN,
        "EBITDA": NaN,
        "EBIT": NaN,
        "Net Interest Income": NaN,
        "Interest Expense": NaN,
        "Interest Income": NaN,
        "Normalized Income": NaN,
        "Net Income From Continuing And Discontinued Operation": NaN,
        "Total Expenses": NaN,
        "Total Operating Income As Reported": NaN,
        "Diluted Average Shares": 42937036.0,
        "Basic Average Shares": 42937036.0,
        "Diluted EPS": -0.37,
        "Basic EPS": -0.37,
        "Diluted NI Availto Com Stockholders": NaN,
        "Net Income Common Stockholders": NaN,
        "Net Income": NaN,
        "Net Income Including Noncontrolling Interests": NaN,
        "Net Income Continuous Operations": NaN,
        "Pretax Income": NaN,
        "Net Non Operating Interest Income Expense": NaN,
        "Interest Expense Non Operating": NaN,
        "Interest Income Non Operating": NaN,
        "Operating Income": NaN,
        "Operating Expense": NaN,
        "Research And Development": NaN,
        "Selling General And Administration": NaN,
        "Selling And Marketing Expense": NaN,
        "General And Administrative Expense": NaN,
        "Other Gand A": NaN,
        "Total Revenue": NaN,
        "Operating Revenue": NaN
    },
    "2023-09-30": {
        "Tax Effect Of Unusual Items": NaN,
        "Tax Rate For Calcs": NaN,
        "Normalized EBITDA": NaN,
        "Net Income From Continuing Operation Net Minority Interest": NaN,
        "Reconciled Depreciation": NaN,
        "EBITDA": NaN,
        "EBIT": NaN,
        "Net Interest Income": NaN,
        "Interest Expense": NaN,
        "Interest Income": NaN,
        "Normalized Income": NaN,
        "Net Income From Continuing And Discontinued Operation": NaN,
        "Total Expenses": NaN,
        "Total Operating Income As Reported": NaN,
        "Diluted Average Shares": 42973160.0,
        "Basic Average Shares": 42973160.0,
        "Diluted EPS": -0.35,
        "Basic EPS": -0.35,
        "Diluted NI Availto Com Stockholders": NaN,
        "Net Income Common Stockholders": NaN,
        "Net Income": NaN,
        "Net Income Including Noncontrolling Interests": NaN,
        "Net Income Continuous Operations": NaN,
        "Pretax Income": NaN,
        "Net Non Operating Interest Income Expense": NaN,
        "Interest Expense Non Operating": NaN,
        "Interest Income Non Operating": NaN,
        "Operating Income": NaN,
        "Operating Expense": NaN,
        "Research And Development": NaN,
        "Selling General And Administration": NaN,
        "Selling And Marketing Expense": NaN,
        "General And Administrative Expense": NaN,
        "Other Gand A": NaN,
        "Total Revenue": NaN,
        "Operating Revenue": NaN
    },
    "2023-12-31": {
        "Tax Effect Of Unusual Items": 0.0,
        "Tax Rate For Calcs": 0.0,
        "Normalized EBITDA": -12728000.0,
        "Net Income From Continuing Operation Net Minority Interest": -13611000.0,
        "Reconciled Depreciation": 26000.0,
        "EBITDA": -12728000.0,
        "EBIT": -12754000.0,
        "Net Interest Income": 189000.0,
        "Interest Expense": 857000.0,
        "Interest Income": 1046000.0,
        "Normalized Income": -13611000.0,
        "Net Income From Continuing And Discontinued Operation": -13611000.0,
        "Total Expenses": 13800000.0,
        "Total Operating Income As Reported": -13800000.0,
        "Diluted Average Shares": NaN,
        "Basic Average Shares": NaN,
        "Diluted EPS": NaN,
        "Basic EPS": NaN,
        "Diluted NI Availto Com Stockholders": -13611000.0,
        "Net Income Common Stockholders": -13611000.0,
        "Net Income": -13611000.0,
        "Net Income Including Noncontrolling Interests": -13611000.0,
        "Net Income Continuous Operations": -13611000.0,
        "Pretax Income": -13611000.0,
        "Net Non Operating Interest Income Expense": 189000.0,
        "Interest Expense Non Operating": 857000.0,
        "Interest Income Non Operating": 1046000.0,
        "Operating Income": -13800000.0,
        "Operating Expense": 13800000.0,
        "Research And Development": 5452000.0,
        "Selling General And Administration": 8348000.0,
        "Selling And Marketing Expense": 4977000.0,
        "General And Administrative Expense": 3371000.0,
        "Other Gand A": 3371000.0,
        "Total Revenue": 0.0,
        "Operating Revenue": 0.0
    },
    "2024-03-31": {
        "Tax Effect Of Unusual Items": NaN,
        "Tax Rate For Calcs": NaN,
        "Normalized EBITDA": NaN,
        "Net Income From Continuing Operation Net Minority Interest": NaN,
        "Reconciled Depreciation": NaN,
        "EBITDA": NaN,
        "EBIT": NaN,
        "Net Interest Income": NaN,
        "Interest Expense": NaN,
        "Interest Income": NaN,
        "Normalized Income": NaN,
        "Net Income From Continuing And Discontinued Operation": NaN,
        "Total Expenses": NaN,
        "Total Operating Income As Reported": NaN,
        "Diluted Average Shares": 50155111.0,
        "Basic Average Shares": 50155111.0,
        "Diluted EPS": -0.21,
        "Basic EPS": -0.21,
        "Diluted NI Availto Com Stockholders": NaN,
        "Net Income Common Stockholders": NaN,
        "Net Income": NaN,
        "Net Income Including Noncontrolling Interests": NaN,
        "Net Income Continuous Operations": NaN,
        "Pretax Income": NaN,
        "Net Non Operating Interest Income Expense": NaN,
        "Interest Expense Non Operating": NaN,
        "Interest Income Non Operating": NaN,
        "Operating Income": NaN,
        "Operating Expense": NaN,
        "Research And Development": NaN,
        "Selling General And Administration": NaN,
        "Selling And Marketing Expense": NaN,
        "General And Administrative Expense": NaN,
        "Other Gand A": NaN,
        "Total Revenue": NaN,
        "Operating Revenue": NaN
    },
    "2024-06-30": {
        "Tax Effect Of Unusual Items": NaN,
        "Tax Rate For Calcs": NaN,
        "Normalized EBITDA": NaN,
        "Net Income From Continuing Operation Net Minority Interest": NaN,
        "Reconciled Depreciation": NaN,
        "EBITDA": NaN,
        "EBIT": NaN,
        "Net Interest Income": NaN,
        "Interest Expense": NaN,
        "Interest Income": NaN,
        "Normalized Income": NaN,
        "Net Income From Continuing And Discontinued Operation": NaN,
        "Total Expenses": NaN,
        "Total Operating Income As Reported": NaN,
        "Diluted Average Shares": 66165461.0,
        "Basic Average Shares": 66165461.0,
        "Diluted EPS": -0.14,
        "Basic EPS": -0.14,
        "Diluted NI Availto Com Stockholders": NaN,
        "Net Income Common Stockholders": NaN,
        "Net Income": NaN,
        "Net Income Including Noncontrolling Interests": NaN,
        "Net Income Continuous Operations": NaN,
        "Pretax Income": NaN,
        "Net Non Operating Interest Income Expense": NaN,
        "Interest Expense Non Operating": NaN,
        "Interest Income Non Operating": NaN,
        "Operating Income": NaN,
        "Operating Expense": NaN,
        "Research And Development": NaN,
        "Selling General And Administration": NaN,
        "Selling And Marketing Expense": NaN,
        "General And Administrative Expense": NaN,
        "Other Gand A": NaN,
        "Total Revenue": NaN,
        "Operating Revenue": NaN
    },
    "2024-09-30": {
        "Tax Effect Of Unusual Items": 0.0,
        "Tax Rate For Calcs": 0.0,
        "Normalized EBITDA": -8511000.0,
        "Net Income From Continuing Operation Net Minority Interest": -9439000.0,
        "Reconciled Depreciation": 25000.0,
        "EBITDA": -8511000.0,
        "EBIT": -8536000.0,
        "Net Interest Income": 177000.0,
        "Interest Expense": 903000.0,
        "Interest Income": 1080000.0,
        "Normalized Income": -9439000.0,
        "Net Income From Continuing And Discontinued Operation": -9439000.0,
        "Total Expenses": 9616000.0,
        "Total Operating Income As Reported": -9616000.0,
        "Diluted Average Shares": 66190302.0,
        "Basic Average Shares": 66190302.0,
        "Diluted EPS": -0.14,
        "Basic EPS": -0.14,
        "Diluted NI Availto Com Stockholders": -9439000.0,
        "Net Income Common Stockholders": -9439000.0,
        "Net Income": -9439000.0,
        "Net Income Including Noncontrolling Interests": -9439000.0,
        "Net Income Continuous Operations": -9439000.0,
        "Pretax Income": -9439000.0,
        "Net Non Operating Interest Income Expense": 177000.0,
        "Interest Expense Non Operating": 903000.0,
        "Interest Income Non Operating": 1080000.0,
        "Operating Income": -9616000.0,
        "Operating Expense": 9616000.0,
        "Research And Development": 3963000.0,
        "Selling General And Administration": 5653000.0,
        "Selling And Marketing Expense": 1911000.0,
        "General And Administrative Expense": 3742000.0,
        "Other Gand A": 3742000.0,
        "Total Revenue": 0.0,
        "Operating Revenue": 0.0
    },
    "2024-12-31": {
        "Tax Effect Of Unusual Items": 0.0,
        "Tax Rate For Calcs": 0.0,
        "Normalized EBITDA": -11418000.0,
        "Net Income From Continuing Operation Net Minority Interest": -12363000.0,
        "Reconciled Depreciation": 26000.0,
        "EBITDA": -11418000.0,
        "EBIT": -11444000.0,
        "Net Interest Income": -15000.0,
        "Interest Expense": 919000.0,
        "Interest Income": 904000.0,
        "Normalized Income": -12363000.0,
        "Net Income From Continuing And Discontinued Operation": -12363000.0,
        "Total Expenses": 12348000.0,
        "Total Operating Income As Reported": -12348000.0,
        "Diluted Average Shares": NaN,
        "Basic Average Shares": NaN,
        "Diluted EPS": NaN,
        "Basic EPS": NaN,
        "Diluted NI Availto Com Stockholders": -12363000.0,
        "Net Income Common Stockholders": -12363000.0,
        "Net Income": -12363000.0,
        "Net Income Including Noncontrolling Interests": -12363000.0,
        "Net Income Continuous Operations": -12363000.0,
        "Pretax Income": -12363000.0,
        "Net Non Operating Interest Income Expense": -15000.0,
        "Interest Expense Non Operating": 919000.0,
        "Interest Income Non Operating": 904000.0,
        "Operating Income": -12348000.0,
        "Operating Expense": 12348000.0,
        "Research And Development": 3940000.0,
        "Selling General And Administration": 8408000.0,
        "Selling And Marketing Expense": 4407000.0,
        "General And Administrative Expense": 4001000.0,
        "Other Gand A": 4001000.0,
        "Total Revenue": 0.0,
        "Operating Revenue": 0.0
    },
    "2025-03-31": {
        "Tax Effect Of Unusual Items": 0.0,
        "Tax Rate For Calcs": 0.0,
        "Normalized EBITDA": -19799000.0,
        "Net Income From Continuing Operation Net Minority Interest": -20761000.0,
        "Reconciled Depreciation": 27000.0,
        "EBITDA": -19799000.0,
        "EBIT": -19826000.0,
        "Net Interest Income": -238000.0,
        "Interest Expense": 935000.0,
        "Interest Income": 697000.0,
        "Normalized Income": -20761000.0,
        "Net Income From Continuing And Discontinued Operation": -20761000.0,
        "Total Expenses": 20523000.0,
        "Total Operating Income As Reported": -20523000.0,
        "Diluted Average Shares": 66285406.0,
        "Basic Average Shares": 66285406.0,
        "Diluted EPS": -0.31,
        "Basic EPS": -0.31,
        "Diluted NI Availto Com Stockholders": -20761000.0,
        "Net Income Common Stockholders": -20761000.0,
        "Net Income": -20761000.0,
        "Net Income Including Noncontrolling Interests": -20761000.0,
        "Net Income Continuous Operations": -20761000.0,
        "Pretax Income": -20761000.0,
        "Net Non Operating Interest Income Expense": -238000.0,
        "Interest Expense Non Operating": 935000.0,
        "Interest Income Non Operating": 697000.0,
        "Operating Income": -20523000.0,
        "Operating Expense": 20523000.0,
        "Research And Development": 4978000.0,
        "Selling General And Administration": 15545000.0,
        "Selling And Marketing Expense": 10378000.0,
        "General And Administrative Expense": 5167000.0,
        "Other Gand A": 5167000.0,
        "Total Revenue": 0.0,
        "Operating Revenue": 0.0
    },
    "2025-06-30": {
        "Tax Effect Of Unusual Items": 0.0,
        "Tax Rate For Calcs": 0.0,
        "Normalized EBITDA": -11987000.0,
        "Net Income From Continuing Operation Net Minority Interest": -12966000.0,
        "Reconciled Depreciation": 28000.0,
        "EBITDA": -11987000.0,
        "EBIT": -12015000.0,
        "Net Interest Income": -435000.0,
        "Interest Expense": 951000.0,
        "Interest Income": 516000.0,
        "Normalized Income": -12966000.0,
        "Net Income From Continuing And Discontinued Operation": -12966000.0,
        "Total Expenses": 12531000.0,
        "Total Operating Income As Reported": -12531000.0,
        "Diluted Average Shares": 66380118.0,
        "Basic Average Shares": 66380118.0,
        "Diluted EPS": -0.2,
        "Basic EPS": -0.2,
        "Diluted NI Availto Com Stockholders": -12966000.0,
        "Net Income Common Stockholders": -12966000.0,
        "Net Income": -12966000.0,
        "Net Income Including Noncontrolling Interests": -12966000.0,
        "Net Income Continuous Operations": -12966000.0,
        "Pretax Income": -12966000.0,
        "Net Non Operating Interest Income Expense": -435000.0,
        "Interest Expense Non Operating": 951000.0,
        "Interest Income Non Operating": 516000.0,
        "Operating Income": -12531000.0,
        "Operating Expense": 12531000.0,
        "Research And Development": 3669000.0,
        "Selling General And Administration": 8862000.0,
        "Selling And Marketing Expense": 5103000.0,
        "General And Administrative Expense": 3759000.0,
        "Other Gand A": 3759000.0,
        "Total Revenue": 0.0,
        "Operating Revenue": 0.0
    },
    "2025-09-30": {
        "Tax Effect Of Unusual Items": 0.0,
        "Tax Rate For Calcs": 0.0,
        "Normalized EBITDA": -10930000.0,
        "Net Income From Continuing Operation Net Minority Interest": -11922000.0,
        "Reconciled Depreciation": 25000.0,
        "EBITDA": -10930000.0,
        "EBIT": -10955000.0,
        "Net Interest Income": -93000.0,
        "Interest Expense": 967000.0,
        "Interest Income": 874000.0,
        "Normalized Income": -11922000.0,
        "Net Income From Continuing And Discontinued Operation": -11922000.0,
        "Total Expenses": 11829000.0,
        "Total Operating Income As Reported": -11829000.0,
        "Diluted Average Shares": 96494588.0,
        "Basic Average Shares": 96494588.0,
        "Diluted EPS": -0.12,
        "Basic EPS": -0.12,
        "Diluted NI Availto Com Stockholders": -11922000.0,
        "Net Income Common Stockholders": -11922000.0,
        "Net Income": -11922000.0,
        "Net Income Including Noncontrolling Interests": -11922000.0,
        "Net Income Continuous Operations": -11922000.0,
        "Pretax Income": -11922000.0,
        "Net Non Operating Interest Income Expense": -93000.0,
        "Interest Expense Non Operating": 967000.0,
        "Interest Income Non Operating": 874000.0,
        "Operating Income": -11829000.0,
        "Operating Expense": 11829000.0,
        "Research And Development": 3940000.0,
        "Selling General And Administration": 7889000.0,
        "Selling And Marketing Expense": 4626000.0,
        "General And Administrative Expense": 3263000.0,
        "Other Gand A": 3263000.0,
        "Total Revenue": 0.0,
        "Operating Revenue": 0.0
    }
}