{
    "2023-03-31": {
        "Tax Effect Of Unusual Items": 0.0,
        "Tax Rate For Calcs": 0.0,
        "Normalized EBITDA": -9229849.0,
        "Total Unusual Items": 1726000.0,
        "Total Unusual Items Excluding Goodwill": 1726000.0,
        "Net Income From Continuing Operation Net Minority Interest": -9933406.0,
        "Reconciled Depreciation": 1180880.0,
        "Reconciled Cost Of Revenue": 4674259.0,
        "EBITDA": -7503849.0,
        "EBIT": -8684729.0,
        "Net Interest Income": -1248677.0,
        "Interest Expense": 1248677.0,
        "Normalized Income": -11659406.0,
        "Net Income From Continuing And Discontinued Operation": -9933406.0,
        "Total Expenses": 18583652.0,
        "Total Operating Income As Reported": -10234231.0,
        "Diluted Average Shares": 28889604.0,
        "Basic Average Shares": 28889604.0,
        "Diluted EPS": -0.35,
        "Basic EPS": -0.35,
        "Diluted NI Availto Com Stockholders": -9933406.0,
        "Net Income Common Stockholders": -9933406.0,
        "Net Income": -9933406.0,
        "Net Income Including Noncontrolling Interests": -9933406.0,
        "Net Income Continuous Operations": -9933406.0,
        "Tax Provision": 0.0,
        "Pretax Income": -9933406.0,
        "Other Income Expense": 1549502.0,
        "Other Non Operating Income Expenses": -176498.0,
        "Gain On Sale Of Security": 1726000.0,
        "Net Non Operating Interest Income Expense": -1248677.0,
        "Interest Expense Non Operating": 1248677.0,
        "Operating Income": -10234231.0,
        "Operating Expense": 13909393.0,
        "Research And Development": 243779.0,
        "Selling General And Administration": 13665614.0,
        "Gross Profit": 3675162.0,
        "Cost Of Revenue": 4674259.0,
        "Total Revenue": 8349422.0,
        "Operating Revenue": 8349422.0
    },
    "2022-12-31": {
        "Tax Effect Of Unusual Items": -3132.126989,
        "Tax Rate For Calcs": 0.014501,
        "Normalized EBITDA": -4665132.0,
        "Total Unusual Items": -216000.0,
        "Total Unusual Items Excluding Goodwill": -216000.0,
        "Net Income From Continuing Operation Net Minority Interest": -5068183.0,
        "Reconciled Depreciation": 45625.0,
        "Reconciled Cost Of Revenue": 41835.0,
        "EBITDA": -4881132.0,
        "EBIT": -4926757.0,
        "Net Interest Income": NaN,
        "Interest Expense": NaN,
        "Normalized Income": -4855315.126989,
        "Net Income From Continuing And Discontinued Operation": -5068183.0,
        "Total Expenses": 5017906.0,
        "Total Operating Income As Reported": NaN,
        "Diluted Average Shares": 15539601.0,
        "Basic Average Shares": 15539601.0,
        "Diluted EPS": -0.34,
        "Basic EPS": -0.34,
        "Diluted NI Availto Com Stockholders": -5068183.0,
        "Net Income Common Stockholders": -5068183.0,
        "Net Income": -5068183.0,
        "Net Income Including Noncontrolling Interests": -5068184.0,
        "Net Income Continuous Operations": -5068184.0,
        "Tax Provision": -74573.0,
        "Pretax Income": -5142757.0,
        "Other Income Expense": -216000.0,
        "Other Non Operating Income Expenses": NaN,
        "Gain On Sale Of Security": -216000.0,
        "Net Non Operating Interest Income Expense": NaN,
        "Interest Expense Non Operating": NaN,
        "Operating Income": -4926757.0,
        "Operating Expense": 4976071.0,
        "Research And Development": 210746.0,
        "Selling General And Administration": 4765325.0,
        "Gross Profit": 49314.0,
        "Cost Of Revenue": 41835.0,
        "Total Revenue": 91149.0,
        "Operating Revenue": 91149.0
    },
    "2022-09-30": {
        "Tax Effect Of Unusual Items": 4595600.0,
        "Tax Rate For Calcs": 0.4,
        "Normalized EBITDA": -16492104.0,
        "Total Unusual Items": 11489000.0,
        "Total Unusual Items Excluding Goodwill": 11489000.0,
        "Net Income From Continuing Operation Net Minority Interest": 6649493.0,
        "Reconciled Depreciation": 43252.0,
        "Reconciled Cost Of Revenue": 30834.0,
        "EBITDA": -5003104.0,
        "EBIT": -5046356.0,
        "Net Interest Income": NaN,
        "Interest Expense": NaN,
        "Normalized Income": -243907.0,
        "Net Income From Continuing And Discontinued Operation": 6649493.0,
        "Total Expenses": 5104741.0,
        "Total Operating Income As Reported": -5046356.0,
        "Diluted Average Shares": 15377636.0,
        "Basic Average Shares": 15377636.0,
        "Diluted EPS": 0.43,
        "Basic EPS": 0.43,
        "Diluted NI Availto Com Stockholders": 6649493.0,
        "Net Income Common Stockholders": 6649493.0,
        "Net Income": 6649493.0,
        "Net Income Including Noncontrolling Interests": 6649493.0,
        "Net Income Continuous Operations": 6649493.0,
        "Tax Provision": -206849.0,
        "Pretax Income": 6442644.0,
        "Other Income Expense": 11489000.0,
        "Other Non Operating Income Expenses": NaN,
        "Gain On Sale Of Security": 11489000.0,
        "Net Non Operating Interest Income Expense": NaN,
        "Interest Expense Non Operating": NaN,
        "Operating Income": -5046356.0,
        "Operating Expense": 5073907.0,
        "Research And Development": 633262.0,
        "Selling General And Administration": 4440645.0,
        "Gross Profit": 27551.0,
        "Cost Of Revenue": 30834.0,
        "Total Revenue": 58385.0,
        "Operating Revenue": 58385.0
    },
    "2022-06-30": {
        "Tax Effect Of Unusual Items": -15584.540324,
        "Tax Rate For Calcs": 0.023976,
        "Normalized EBITDA": -3963115.0,
        "Total Unusual Items": -650000.0,
        "Total Unusual Items Excluding Goodwill": -650000.0,
        "Net Income From Continuing Operation Net Minority Interest": -5172277.0,
        "Reconciled Depreciation": 36220.0,
        "Reconciled Cost Of Revenue": 36126.0,
        "EBITDA": -4613115.0,
        "EBIT": -4649335.0,
        "Net Interest Income": NaN,
        "Interest Expense": NaN,
        "Normalized Income": -4537861.540324,
        "Net Income From Continuing And Discontinued Operation": -5172277.0,
        "Total Expenses": 4720253.0,
        "Total Operating Income As Reported": -4649335.0,
        "Diluted Average Shares": 13894119.0,
        "Basic Average Shares": 13894119.0,
        "Diluted EPS": -0.37,
        "Basic EPS": -0.37,
        "Diluted NI Availto Com Stockholders": -5172277.0,
        "Net Income Common Stockholders": -5172277.0,
        "Net Income": -5172277.0,
        "Net Income Including Noncontrolling Interests": -5172277.0,
        "Net Income Continuous Operations": -5172277.0,
        "Tax Provision": -127058.0,
        "Pretax Income": -5299335.0,
        "Other Income Expense": -650000.0,
        "Other Non Operating Income Expenses": NaN,
        "Gain On Sale Of Security": -650000.0,
        "Net Non Operating Interest Income Expense": NaN,
        "Interest Expense Non Operating": NaN,
        "Operating Income": -4649335.0,
        "Operating Expense": 4684127.0,
        "Research And Development": 579061.0,
        "Selling General And Administration": 4105066.0,
        "Gross Profit": 34792.0,
        "Cost Of Revenue": 36126.0,
        "Total Revenue": 70918.0,
        "Operating Revenue": 70918.0
    },
    "2022-03-31": {
        "Diluted EPS": -0.19,
        "Total Revenue": 0,
        "Gross Profit": 0,
        "Operating Income": -3,
        "EBIT": -3,
        "Net Income": -3
    },
    "2021-12-31": {
        "Diluted EPS": -0.11,
        "Total Revenue": 0,
        "Gross Profit": 0,
        "Operating Income": -2,
        "EBIT": -2,
        "Net Income": -2
    },
    "2021-09-30": {
        "Diluted EPS": -0.13,
        "Total Revenue": 0,
        "Gross Profit": 0,
        "Operating Income": -2,
        "EBIT": -1,
        "Net Income": -2
    },
    "2021-06-30": {
        "Diluted EPS": -0.24,
        "Total Revenue": NaN,
        "Gross Profit": NaN,
        "Operating Income": -3,
        "EBIT": -3,
        "Net Income": -3
    },
    "2021-03-31": {
        "Diluted EPS": -0.26,
        "Total Revenue": NaN,
        "Gross Profit": NaN,
        "Operating Income": -2,
        "EBIT": -2,
        "Net Income": -2
    },
    "2020-12-31": {
        "Diluted EPS": 0.0,
        "Total Revenue": NaN,
        "Gross Profit": NaN,
        "Operating Income": NaN,
        "EBIT": NaN,
        "Net Income": NaN
    },
    "2020-09-30": {
        "Diluted EPS": -0.36,
        "Total Revenue": NaN,
        "Gross Profit": NaN,
        "Operating Income": -1,
        "EBIT": -1,
        "Net Income": -1
    },
    "2023-06-30": {
        "Tax Effect Of Unusual Items": -44791.259719,
        "Tax Rate For Calcs": 0.003717,
        "Normalized EBITDA": -11568889.0,
        "Total Unusual Items": -12050500.0,
        "Total Unusual Items Excluding Goodwill": -12050500.0,
        "Net Income From Continuing Operation Net Minority Interest": -24969242.0,
        "Reconciled Depreciation": -98392.0,
        "Reconciled Cost Of Revenue": 8763888.0,
        "EBITDA": -23619389.0,
        "EBIT": -23619389.0,
        "Net Interest Income": -1443009.0,
        "Interest Expense": 1443009.0,
        "Normalized Income": -12963533.259719,
        "Net Income From Continuing And Discontinued Operation": -24969242.0,
        "Total Expenses": 24944090.0,
        "Total Operating Income As Reported": -11701131.0,
        "Diluted Average Shares": 33017565.0,
        "Basic Average Shares": 33017565.0,
        "Diluted EPS": -0.76,
        "Basic EPS": -0.76,
        "Diluted NI Availto Com Stockholders": -24969242.0,
        "Net Income Common Stockholders": -24969242.0,
        "Net Income": -24969242.0,
        "Net Income Including Noncontrolling Interests": -24969242.0,
        "Net Income Continuous Operations": -24969242.0,
        "Tax Provision": -93156.0,
        "Pretax Income": -25062398.0,
        "Other Income Expense": -11918258.0,
        "Other Non Operating Income Expenses": 132242.0,
        "Gain On Sale Of Security": -12050500.0,
        "Net Non Operating Interest Income Expense": -1443009.0,
        "Interest Expense Non Operating": 1443009.0,
        "Operating Income": -11701131.0,
        "Operating Expense": 16180202.0,
        "Research And Development": 1174846.0,
        "Selling General And Administration": 15005356.0,
        "Gross Profit": 4479071.0,
        "Cost Of Revenue": 8763888.0,
        "Total Revenue": 13242959.0,
        "Operating Revenue": 13242959.0
    }
}