{
    "2023-03-31": {
        "Tax Effect Of Unusual Items": NaN,
        "Tax Rate For Calcs": NaN,
        "Normalized EBITDA": NaN,
        "Total Unusual Items": NaN,
        "Total Unusual Items Excluding Goodwill": NaN,
        "Net Income From Continuing Operation Net Minority Interest": NaN,
        "Reconciled Depreciation": NaN,
        "Reconciled Cost Of Revenue": NaN,
        "EBITDA": NaN,
        "EBIT": NaN,
        "Net Interest Income": NaN,
        "Interest Expense": NaN,
        "Normalized Income": NaN,
        "Net Income From Continuing And Discontinued Operation": NaN,
        "Total Expenses": NaN,
        "Total Operating Income As Reported": -3476000.0,
        "Diluted Average Shares": NaN,
        "Basic Average Shares": NaN,
        "Diluted EPS": NaN,
        "Basic EPS": NaN,
        "Diluted NI Availto Com Stockholders": NaN,
        "Net Income Common Stockholders": NaN,
        "Preferred Stock Dividends": 1977000.0,
        "Net Income": NaN,
        "Net Income Including Noncontrolling Interests": NaN,
        "Net Income Continuous Operations": NaN,
        "Tax Provision": NaN,
        "Pretax Income": NaN,
        "Other Income Expense": NaN,
        "Other Non Operating Income Expenses": NaN,
        "Special Income Charges": NaN,
        "Gain On Sale Of Ppe": NaN,
        "Impairment Of Capital Assets": NaN,
        "Restructuring And Mergern Acquisition": NaN,
        "Gain On Sale Of Security": NaN,
        "Net Non Operating Interest Income Expense": NaN,
        "Interest Expense Non Operating": NaN,
        "Operating Income": NaN,
        "Operating Expense": NaN,
        "Other Operating Expenses": NaN,
        "Provision For Doubtful Accounts": NaN,
        "Selling General And Administration": NaN,
        "Selling And Marketing Expense": NaN,
        "General And Administrative Expense": NaN,
        "Other Gand A": NaN,
        "Salaries And Wages": NaN,
        "Gross Profit": NaN,
        "Cost Of Revenue": NaN,
        "Total Revenue": NaN,
        "Operating Revenue": NaN
    },
    "2022-12-31": {
        "Tax Effect Of Unusual Items": NaN,
        "Tax Rate For Calcs": NaN,
        "Normalized EBITDA": NaN,
        "Total Unusual Items": NaN,
        "Total Unusual Items Excluding Goodwill": NaN,
        "Net Income From Continuing Operation Net Minority Interest": NaN,
        "Reconciled Depreciation": NaN,
        "Reconciled Cost Of Revenue": NaN,
        "EBITDA": NaN,
        "EBIT": NaN,
        "Net Interest Income": NaN,
        "Interest Expense": NaN,
        "Normalized Income": NaN,
        "Net Income From Continuing And Discontinued Operation": NaN,
        "Total Expenses": NaN,
        "Total Operating Income As Reported": NaN,
        "Diluted Average Shares": NaN,
        "Basic Average Shares": NaN,
        "Diluted EPS": NaN,
        "Basic EPS": NaN,
        "Diluted NI Availto Com Stockholders": NaN,
        "Net Income Common Stockholders": NaN,
        "Preferred Stock Dividends": 1988000.0,
        "Net Income": NaN,
        "Minority Interests": 0.0,
        "Net Income Including Noncontrolling Interests": NaN,
        "Net Income Continuous Operations": NaN,
        "Tax Provision": NaN,
        "Pretax Income": NaN,
        "Other Income Expense": NaN,
        "Other Non Operating Income Expenses": NaN,
        "Special Income Charges": NaN,
        "Impairment Of Capital Assets": NaN,
        "Restructuring And Mergern Acquisition": NaN,
        "Gain On Sale Of Security": NaN,
        "Net Non Operating Interest Income Expense": NaN,
        "Interest Expense Non Operating": NaN,
        "Operating Income": NaN,
        "Operating Expense": NaN,
        "Other Operating Expenses": NaN,
        "Provision For Doubtful Accounts": NaN,
        "Selling General And Administration": NaN,
        "Selling And Marketing Expense": NaN,
        "General And Administrative Expense": NaN,
        "Other Gand A": NaN,
        "Salaries And Wages": NaN,
        "Gross Profit": NaN,
        "Cost Of Revenue": NaN,
        "Total Revenue": NaN,
        "Operating Revenue": NaN
    },
    "2022-09-30": {
        "Tax Effect Of Unusual Items": NaN,
        "Tax Rate For Calcs": NaN,
        "Normalized EBITDA": NaN,
        "Total Unusual Items": NaN,
        "Total Unusual Items Excluding Goodwill": NaN,
        "Net Income From Continuing Operation Net Minority Interest": NaN,
        "Reconciled Depreciation": NaN,
        "Reconciled Cost Of Revenue": NaN,
        "EBITDA": NaN,
        "EBIT": NaN,
        "Net Interest Income": NaN,
        "Interest Expense": NaN,
        "Normalized Income": NaN,
        "Net Income From Continuing And Discontinued Operation": NaN,
        "Total Expenses": NaN,
        "Total Operating Income As Reported": NaN,
        "Diluted Average Shares": 8156757.0,
        "Basic Average Shares": 8156757.0,
        "Diluted EPS": -2.78,
        "Basic EPS": -2.78,
        "Diluted NI Availto Com Stockholders": NaN,
        "Average Dilution Earnings": 0.0,
        "Net Income Common Stockholders": NaN,
        "Preferred Stock Dividends": 1688000.0,
        "Net Income": NaN,
        "Minority Interests": 0.0,
        "Net Income Including Noncontrolling Interests": NaN,
        "Net Income Continuous Operations": NaN,
        "Tax Provision": NaN,
        "Pretax Income": NaN,
        "Other Income Expense": NaN,
        "Other Non Operating Income Expenses": NaN,
        "Special Income Charges": NaN,
        "Impairment Of Capital Assets": 0.0,
        "Restructuring And Mergern Acquisition": NaN,
        "Gain On Sale Of Security": NaN,
        "Net Non Operating Interest Income Expense": NaN,
        "Interest Expense Non Operating": NaN,
        "Operating Income": NaN,
        "Operating Expense": NaN,
        "Other Operating Expenses": NaN,
        "Provision For Doubtful Accounts": NaN,
        "Selling General And Administration": NaN,
        "Selling And Marketing Expense": NaN,
        "General And Administrative Expense": NaN,
        "Other Gand A": NaN,
        "Salaries And Wages": NaN,
        "Gross Profit": NaN,
        "Cost Of Revenue": NaN,
        "Total Revenue": NaN,
        "Operating Revenue": NaN
    },
    "2022-06-30": {
        "Tax Effect Of Unusual Items": 4572400.0,
        "Tax Rate For Calcs": 0.4,
        "Normalized EBITDA": -20890000.0,
        "Total Unusual Items": 11431000.0,
        "Total Unusual Items Excluding Goodwill": 11431000.0,
        "Net Income From Continuing Operation Net Minority Interest": -23065000.0,
        "Reconciled Depreciation": 6006000.0,
        "Reconciled Cost Of Revenue": 29386000.0,
        "EBITDA": -9459000.0,
        "EBIT": -15465000.0,
        "Net Interest Income": -7584000.0,
        "Interest Expense": 7584000.0,
        "Normalized Income": -29923600.0,
        "Net Income From Continuing And Discontinued Operation": -23065000.0,
        "Total Expenses": 114245000.0,
        "Total Operating Income As Reported": NaN,
        "Diluted Average Shares": 7877106.0,
        "Basic Average Shares": 7877106.0,
        "Diluted EPS": -3.2,
        "Basic EPS": -3.2,
        "Diluted NI Availto Com Stockholders": -25241000.0,
        "Average Dilution Earnings": NaN,
        "Net Income Common Stockholders": -25241000.0,
        "Preferred Stock Dividends": 2176000.0,
        "Net Income": -23065000.0,
        "Minority Interests": 0.0,
        "Net Income Including Noncontrolling Interests": -23065000.0,
        "Net Income Continuous Operations": -23065000.0,
        "Tax Provision": 16000.0,
        "Pretax Income": -23049000.0,
        "Other Income Expense": 11440000.0,
        "Other Non Operating Income Expenses": 9000.0,
        "Special Income Charges": 8480000.0,
        "Impairment Of Capital Assets": NaN,
        "Restructuring And Mergern Acquisition": -8480000.0,
        "Gain On Sale Of Security": 2951000.0,
        "Net Non Operating Interest Income Expense": -7584000.0,
        "Interest Expense Non Operating": 7584000.0,
        "Operating Income": -26905000.0,
        "Operating Expense": 84859000.0,
        "Other Operating Expenses": 9842000.0,
        "Provision For Doubtful Accounts": 26981000.0,
        "Selling General And Administration": 48036000.0,
        "Selling And Marketing Expense": 9477000.0,
        "General And Administrative Expense": 38559000.0,
        "Other Gand A": 12061000.0,
        "Salaries And Wages": 26498000.0,
        "Gross Profit": 57954000.0,
        "Cost Of Revenue": 29386000.0,
        "Total Revenue": 87340000.0,
        "Operating Revenue": 87340000.0
    },
    "2023-06-30": {
        "Tax Effect Of Unusual Items": NaN,
        "Tax Rate For Calcs": NaN,
        "Normalized EBITDA": NaN,
        "Total Unusual Items": NaN,
        "Total Unusual Items Excluding Goodwill": NaN,
        "Net Income From Continuing Operation Net Minority Interest": NaN,
        "Reconciled Depreciation": NaN,
        "Reconciled Cost Of Revenue": NaN,
        "EBITDA": NaN,
        "EBIT": NaN,
        "Net Interest Income": NaN,
        "Interest Expense": NaN,
        "Normalized Income": NaN,
        "Net Income From Continuing And Discontinued Operation": NaN,
        "Total Expenses": NaN,
        "Total Operating Income As Reported": NaN,
        "Diluted Average Shares": 9234238.0,
        "Basic Average Shares": 9234238.0,
        "Diluted EPS": -2.71,
        "Basic EPS": -2.71,
        "Diluted NI Availto Com Stockholders": NaN,
        "Net Income Common Stockholders": NaN,
        "Preferred Stock Dividends": -2667000.0,
        "Net Income": NaN,
        "Net Income Including Noncontrolling Interests": NaN,
        "Net Income Continuous Operations": NaN,
        "Tax Provision": NaN,
        "Pretax Income": NaN,
        "Other Income Expense": NaN,
        "Other Non Operating Income Expenses": NaN,
        "Special Income Charges": NaN,
        "Gain On Sale Of Ppe": NaN,
        "Impairment Of Capital Assets": NaN,
        "Restructuring And Mergern Acquisition": NaN,
        "Gain On Sale Of Security": NaN,
        "Net Non Operating Interest Income Expense": NaN,
        "Interest Expense Non Operating": NaN,
        "Operating Income": NaN,
        "Operating Expense": NaN,
        "Other Operating Expenses": NaN,
        "Provision For Doubtful Accounts": NaN,
        "Selling General And Administration": NaN,
        "Selling And Marketing Expense": NaN,
        "General And Administrative Expense": NaN,
        "Other Gand A": NaN,
        "Salaries And Wages": NaN,
        "Gross Profit": NaN,
        "Cost Of Revenue": NaN,
        "Total Revenue": NaN,
        "Operating Revenue": NaN
    },
    "2023-09-30": {
        "Tax Effect Of Unusual Items": NaN,
        "Tax Rate For Calcs": NaN,
        "Normalized EBITDA": NaN,
        "Total Unusual Items": NaN,
        "Total Unusual Items Excluding Goodwill": NaN,
        "Net Income From Continuing Operation Net Minority Interest": NaN,
        "Reconciled Depreciation": NaN,
        "Reconciled Cost Of Revenue": NaN,
        "EBITDA": NaN,
        "EBIT": NaN,
        "Net Interest Income": NaN,
        "Interest Expense": NaN,
        "Normalized Income": NaN,
        "Net Income From Continuing And Discontinued Operation": NaN,
        "Total Expenses": NaN,
        "Total Operating Income As Reported": NaN,
        "Diluted Average Shares": 10221956.0,
        "Basic Average Shares": 10221956.0,
        "Diluted EPS": -0.4,
        "Basic EPS": -0.4,
        "Diluted NI Availto Com Stockholders": NaN,
        "Net Income Common Stockholders": NaN,
        "Preferred Stock Dividends": NaN,
        "Net Income": NaN,
        "Net Income Including Noncontrolling Interests": NaN,
        "Net Income Continuous Operations": NaN,
        "Tax Provision": NaN,
        "Pretax Income": NaN,
        "Other Income Expense": NaN,
        "Other Non Operating Income Expenses": NaN,
        "Special Income Charges": NaN,
        "Gain On Sale Of Ppe": 0.0,
        "Impairment Of Capital Assets": 0.0,
        "Restructuring And Mergern Acquisition": NaN,
        "Gain On Sale Of Security": NaN,
        "Net Non Operating Interest Income Expense": NaN,
        "Interest Expense Non Operating": NaN,
        "Operating Income": NaN,
        "Operating Expense": NaN,
        "Other Operating Expenses": NaN,
        "Provision For Doubtful Accounts": NaN,
        "Selling General And Administration": NaN,
        "Selling And Marketing Expense": NaN,
        "General And Administrative Expense": NaN,
        "Other Gand A": NaN,
        "Salaries And Wages": NaN,
        "Gross Profit": NaN,
        "Cost Of Revenue": NaN,
        "Total Revenue": NaN,
        "Operating Revenue": NaN
    },
    "2023-12-31": {
        "Tax Effect Of Unusual Items": -89498.607242,
        "Tax Rate For Calcs": 0.220984,
        "Normalized EBITDA": 8177000.0,
        "Total Unusual Items": -405000.0,
        "Total Unusual Items Excluding Goodwill": -405000.0,
        "Net Income From Continuing Operation Net Minority Interest": -4195000.0,
        "Reconciled Depreciation": 6423000.0,
        "Reconciled Cost Of Revenue": 31516000.0,
        "EBITDA": 7772000.0,
        "EBIT": 1349000.0,
        "Net Interest Income": -6734000.0,
        "Interest Expense": 6734000.0,
        "Normalized Income": -3879498.607242,
        "Net Income From Continuing And Discontinued Operation": -4195000.0,
        "Total Expenses": 114213000.0,
        "Total Operating Income As Reported": NaN,
        "Diluted Average Shares": NaN,
        "Basic Average Shares": NaN,
        "Diluted EPS": NaN,
        "Basic EPS": NaN,
        "Diluted NI Availto Com Stockholders": -4195000.0,
        "Net Income Common Stockholders": -4195000.0,
        "Preferred Stock Dividends": 0.0,
        "Net Income": -4195000.0,
        "Net Income Including Noncontrolling Interests": -4195000.0,
        "Net Income Continuous Operations": -4195000.0,
        "Tax Provision": -1190000.0,
        "Pretax Income": -5385000.0,
        "Other Income Expense": 2599000.0,
        "Other Non Operating Income Expenses": 3004000.0,
        "Special Income Charges": 0.0,
        "Gain On Sale Of Ppe": NaN,
        "Impairment Of Capital Assets": 0.0,
        "Restructuring And Mergern Acquisition": 0.0,
        "Gain On Sale Of Security": -405000.0,
        "Net Non Operating Interest Income Expense": -6734000.0,
        "Interest Expense Non Operating": 6734000.0,
        "Operating Income": -1250000.0,
        "Operating Expense": 82697000.0,
        "Other Operating Expenses": 20294000.0,
        "Provision For Doubtful Accounts": 26224000.0,
        "Selling General And Administration": 36179000.0,
        "Selling And Marketing Expense": 8155000.0,
        "General And Administrative Expense": 28024000.0,
        "Other Gand A": 4620000.0,
        "Salaries And Wages": 23404000.0,
        "Gross Profit": 81447000.0,
        "Cost Of Revenue": 31516000.0,
        "Total Revenue": 112963000.0,
        "Operating Revenue": 112963000.0
    },
    "2024-03-31": {
        "Tax Effect Of Unusual Items": 17010.0,
        "Tax Rate For Calcs": 0.21,
        "Normalized EBITDA": 19634000.0,
        "Total Unusual Items": 81000.0,
        "Total Unusual Items Excluding Goodwill": 81000.0,
        "Net Income From Continuing Operation Net Minority Interest": 7075000.0,
        "Reconciled Depreciation": 6212000.0,
        "Reconciled Cost Of Revenue": 31389000.0,
        "EBITDA": 19715000.0,
        "EBIT": 13503000.0,
        "Net Interest Income": -6817000.0,
        "Interest Expense": 6817000.0,
        "Normalized Income": 7011010.0,
        "Net Income From Continuing And Discontinued Operation": 7075000.0,
        "Total Expenses": 109943000.0,
        "Total Operating Income As Reported": 11063000.0,
        "Diluted Average Shares": 11810917.0,
        "Basic Average Shares": 10526417.0,
        "Diluted EPS": 0.6,
        "Basic EPS": 0.67,
        "Diluted NI Availto Com Stockholders": 7075000.0,
        "Net Income Common Stockholders": 7075000.0,
        "Preferred Stock Dividends": NaN,
        "Net Income": 7075000.0,
        "Net Income Including Noncontrolling Interests": 7075000.0,
        "Net Income Continuous Operations": 7075000.0,
        "Tax Provision": -389000.0,
        "Pretax Income": 6686000.0,
        "Other Income Expense": 2440000.0,
        "Other Non Operating Income Expenses": 2359000.0,
        "Special Income Charges": 0.0,
        "Gain On Sale Of Ppe": NaN,
        "Impairment Of Capital Assets": NaN,
        "Restructuring And Mergern Acquisition": 0.0,
        "Gain On Sale Of Security": 81000.0,
        "Net Non Operating Interest Income Expense": -6817000.0,
        "Interest Expense Non Operating": 6817000.0,
        "Operating Income": 11063000.0,
        "Operating Expense": 78554000.0,
        "Other Operating Expenses": 16906000.0,
        "Provision For Doubtful Accounts": 20230000.0,
        "Selling General And Administration": 41418000.0,
        "Selling And Marketing Expense": 10866000.0,
        "General And Administrative Expense": 30552000.0,
        "Other Gand A": 5766000.0,
        "Salaries And Wages": 24786000.0,
        "Gross Profit": 89617000.0,
        "Cost Of Revenue": 31389000.0,
        "Total Revenue": 121006000.0,
        "Operating Revenue": 121006000.0
    },
    "2024-06-30": {
        "Tax Effect Of Unusual Items": -17010.0,
        "Tax Rate For Calcs": 0.21,
        "Normalized EBITDA": 14439000.0,
        "Total Unusual Items": -81000.0,
        "Total Unusual Items Excluding Goodwill": -81000.0,
        "Net Income From Continuing Operation Net Minority Interest": 3137000.0,
        "Reconciled Depreciation": 6331000.0,
        "Reconciled Cost Of Revenue": 34449000.0,
        "EBITDA": 14358000.0,
        "EBIT": 8027000.0,
        "Net Interest Income": -6714000.0,
        "Interest Expense": 6714000.0,
        "Normalized Income": 3200990.0,
        "Net Income From Continuing And Discontinued Operation": 3137000.0,
        "Total Expenses": 125119000.0,
        "Total Operating Income As Reported": NaN,
        "Diluted Average Shares": 12091421.0,
        "Basic Average Shares": 10862853.0,
        "Diluted EPS": 0.26,
        "Basic EPS": 0.29,
        "Diluted NI Availto Com Stockholders": 3137000.0,
        "Net Income Common Stockholders": 3137000.0,
        "Preferred Stock Dividends": NaN,
        "Net Income": 3137000.0,
        "Net Income Including Noncontrolling Interests": 3137000.0,
        "Net Income Continuous Operations": 3137000.0,
        "Tax Provision": -1824000.0,
        "Pretax Income": 1313000.0,
        "Other Income Expense": 2300000.0,
        "Other Non Operating Income Expenses": 2381000.0,
        "Special Income Charges": 0.0,
        "Gain On Sale Of Ppe": NaN,
        "Impairment Of Capital Assets": 0.0,
        "Restructuring And Mergern Acquisition": 0.0,
        "Gain On Sale Of Security": -81000.0,
        "Net Non Operating Interest Income Expense": -6714000.0,
        "Interest Expense Non Operating": 6714000.0,
        "Operating Income": 5727000.0,
        "Operating Expense": 90670000.0,
        "Other Operating Expenses": 10850000.0,
        "Provision For Doubtful Accounts": 33431000.0,
        "Selling General And Administration": 46389000.0,
        "Selling And Marketing Expense": 10530000.0,
        "General And Administrative Expense": 35859000.0,
        "Other Gand A": 11007000.0,
        "Salaries And Wages": 24852000.0,
        "Gross Profit": 96397000.0,
        "Cost Of Revenue": 34449000.0,
        "Total Revenue": 130846000.0,
        "Operating Revenue": 130846000.0
    },
    "2024-09-30": {
        "Tax Effect Of Unusual Items": -652050.0,
        "Tax Rate For Calcs": 0.21,
        "Normalized EBITDA": 16635000.0,
        "Total Unusual Items": -3105000.0,
        "Total Unusual Items Excluding Goodwill": -3105000.0,
        "Net Income From Continuing Operation Net Minority Interest": -2792000.0,
        "Reconciled Depreciation": 6509000.0,
        "Reconciled Cost Of Revenue": 38349000.0,
        "EBITDA": 13530000.0,
        "EBIT": 7021000.0,
        "Net Interest Income": -6504000.0,
        "Interest Expense": 6504000.0,
        "Normalized Income": -339050.0,
        "Net Income From Continuing And Discontinued Operation": -2792000.0,
        "Total Expenses": 127953000.0,
        "Total Operating Income As Reported": NaN,
        "Diluted Average Shares": 11089933.0,
        "Basic Average Shares": 11089933.0,
        "Diluted EPS": -0.25,
        "Basic EPS": -0.25,
        "Diluted NI Availto Com Stockholders": -2792000.0,
        "Net Income Common Stockholders": -2792000.0,
        "Preferred Stock Dividends": NaN,
        "Net Income": -2792000.0,
        "Net Income Including Noncontrolling Interests": -2792000.0,
        "Net Income Continuous Operations": -2792000.0,
        "Tax Provision": 3309000.0,
        "Pretax Income": 517000.0,
        "Other Income Expense": -492000.0,
        "Other Non Operating Income Expenses": 2613000.0,
        "Special Income Charges": -3510000.0,
        "Gain On Sale Of Ppe": -3510000.0,
        "Impairment Of Capital Assets": 0.0,
        "Restructuring And Mergern Acquisition": 0.0,
        "Gain On Sale Of Security": 405000.0,
        "Net Non Operating Interest Income Expense": -6504000.0,
        "Interest Expense Non Operating": 6504000.0,
        "Operating Income": 7513000.0,
        "Operating Expense": 89604000.0,
        "Other Operating Expenses": 15540000.0,
        "Provision For Doubtful Accounts": 26833000.0,
        "Selling General And Administration": 47231000.0,
        "Selling And Marketing Expense": 10591000.0,
        "General And Administrative Expense": 36640000.0,
        "Other Gand A": 10820000.0,
        "Salaries And Wages": 25820000.0,
        "Gross Profit": 97117000.0,
        "Cost Of Revenue": 38349000.0,
        "Total Revenue": 135466000.0,
        "Operating Revenue": 135466000.0
    },
    "2024-12-31": {
        "Tax Effect Of Unusual Items": -7957110.0,
        "Tax Rate For Calcs": 0.21,
        "Normalized EBITDA": 49688000.0,
        "Total Unusual Items": -37891000.0,
        "Total Unusual Items Excluding Goodwill": -37891000.0,
        "Net Income From Continuing Operation Net Minority Interest": 1726000.0,
        "Reconciled Depreciation": 6602000.0,
        "Reconciled Cost Of Revenue": 42247000.0,
        "EBITDA": 11797000.0,
        "EBIT": 5195000.0,
        "Net Interest Income": -4211000.0,
        "Interest Expense": 4211000.0,
        "Normalized Income": 31659890.0,
        "Net Income From Continuing And Discontinued Operation": 1726000.0,
        "Total Expenses": 115892000.0,
        "Total Operating Income As Reported": NaN,
        "Diluted Average Shares": NaN,
        "Basic Average Shares": NaN,
        "Diluted EPS": NaN,
        "Basic EPS": NaN,
        "Diluted NI Availto Com Stockholders": 1726000.0,
        "Net Income Common Stockholders": 1726000.0,
        "Preferred Stock Dividends": NaN,
        "Net Income": 1726000.0,
        "Net Income Including Noncontrolling Interests": 1726000.0,
        "Net Income Continuous Operations": 1726000.0,
        "Tax Provision": -742000.0,
        "Pretax Income": 984000.0,
        "Other Income Expense": -37500000.0,
        "Other Non Operating Income Expenses": 391000.0,
        "Special Income Charges": -36838000.0,
        "Gain On Sale Of Ppe": -36838000.0,
        "Impairment Of Capital Assets": 0.0,
        "Restructuring And Mergern Acquisition": 0.0,
        "Gain On Sale Of Security": -1053000.0,
        "Net Non Operating Interest Income Expense": -4211000.0,
        "Interest Expense Non Operating": 4211000.0,
        "Operating Income": 42695000.0,
        "Operating Expense": 73645000.0,
        "Other Operating Expenses": 17414000.0,
        "Provision For Doubtful Accounts": 5606000.0,
        "Selling General And Administration": 50625000.0,
        "Selling And Marketing Expense": 17030000.0,
        "General And Administrative Expense": 33595000.0,
        "Other Gand A": 7228000.0,
        "Salaries And Wages": 26367000.0,
        "Gross Profit": 116340000.0,
        "Cost Of Revenue": 42247000.0,
        "Total Revenue": 158587000.0,
        "Operating Revenue": 158587000.0
    }
}