{
    "2023-03-31": {
        "Tax Effect Of Unusual Items": NaN,
        "Tax Rate For Calcs": NaN,
        "Normalized EBITDA": NaN,
        "Net Income From Continuing Operation Net Minority Interest": NaN,
        "Reconciled Depreciation": NaN,
        "Reconciled Cost Of Revenue": NaN,
        "EBITDA": NaN,
        "EBIT": NaN,
        "Net Interest Income": NaN,
        "Interest Expense": NaN,
        "Normalized Income": NaN,
        "Net Income From Continuing And Discontinued Operation": NaN,
        "Total Expenses": NaN,
        "Rent Expense Supplemental": NaN,
        "Total Operating Income As Reported": NaN,
        "Diluted Average Shares": 19500000.0,
        "Basic Average Shares": 19500000.0,
        "Diluted EPS": -0.07,
        "Basic EPS": -0.07,
        "Diluted NI Availto Com Stockholders": NaN,
        "Net Income Common Stockholders": NaN,
        "Net Income": NaN,
        "Net Income Including Noncontrolling Interests": NaN,
        "Net Income Continuous Operations": NaN,
        "Pretax Income": NaN,
        "Other Income Expense": NaN,
        "Other Non Operating Income Expenses": NaN,
        "Net Non Operating Interest Income Expense": NaN,
        "Interest Expense Non Operating": NaN,
        "Operating Income": NaN,
        "Operating Expense": NaN,
        "Depreciation Amortization Depletion Income Statement": NaN,
        "Depreciation And Amortization In Income Statement": NaN,
        "Depreciation Income Statement": NaN,
        "Selling General And Administration": NaN,
        "General And Administrative Expense": NaN,
        "Other Gand A": NaN,
        "Salaries And Wages": NaN,
        "Gross Profit": NaN,
        "Cost Of Revenue": NaN,
        "Total Revenue": NaN,
        "Operating Revenue": NaN
    },
    "2022-12-31": {
        "Tax Effect Of Unusual Items": NaN,
        "Tax Rate For Calcs": NaN,
        "Normalized EBITDA": NaN,
        "Net Income From Continuing Operation Net Minority Interest": NaN,
        "Reconciled Depreciation": NaN,
        "Reconciled Cost Of Revenue": NaN,
        "EBITDA": NaN,
        "EBIT": NaN,
        "Net Interest Income": NaN,
        "Interest Expense": NaN,
        "Normalized Income": NaN,
        "Net Income From Continuing And Discontinued Operation": NaN,
        "Total Expenses": NaN,
        "Rent Expense Supplemental": NaN,
        "Total Operating Income As Reported": NaN,
        "Diluted Average Shares": NaN,
        "Basic Average Shares": NaN,
        "Diluted EPS": NaN,
        "Basic EPS": NaN,
        "Diluted NI Availto Com Stockholders": NaN,
        "Net Income Common Stockholders": NaN,
        "Net Income": NaN,
        "Net Income Including Noncontrolling Interests": NaN,
        "Net Income Discontinuous Operations": 0.0,
        "Net Income Continuous Operations": NaN,
        "Pretax Income": NaN,
        "Other Income Expense": NaN,
        "Other Non Operating Income Expenses": NaN,
        "Net Non Operating Interest Income Expense": NaN,
        "Interest Expense Non Operating": NaN,
        "Operating Income": NaN,
        "Operating Expense": NaN,
        "Depreciation Amortization Depletion Income Statement": NaN,
        "Depreciation And Amortization In Income Statement": NaN,
        "Depreciation Income Statement": NaN,
        "Selling General And Administration": NaN,
        "General And Administrative Expense": NaN,
        "Other Gand A": NaN,
        "Salaries And Wages": NaN,
        "Gross Profit": NaN,
        "Cost Of Revenue": NaN,
        "Total Revenue": NaN,
        "Operating Revenue": NaN
    },
    "2022-09-30": {
        "Tax Effect Of Unusual Items": NaN,
        "Tax Rate For Calcs": NaN,
        "Normalized EBITDA": NaN,
        "Net Income From Continuing Operation Net Minority Interest": NaN,
        "Reconciled Depreciation": NaN,
        "Reconciled Cost Of Revenue": NaN,
        "EBITDA": NaN,
        "EBIT": NaN,
        "Net Interest Income": NaN,
        "Interest Expense": NaN,
        "Normalized Income": NaN,
        "Net Income From Continuing And Discontinued Operation": NaN,
        "Total Expenses": NaN,
        "Rent Expense Supplemental": NaN,
        "Total Operating Income As Reported": NaN,
        "Diluted Average Shares": 19400000.0,
        "Basic Average Shares": 19400000.0,
        "Diluted EPS": -0.01,
        "Basic EPS": -0.01,
        "Diluted NI Availto Com Stockholders": NaN,
        "Net Income Common Stockholders": NaN,
        "Net Income": NaN,
        "Net Income Including Noncontrolling Interests": NaN,
        "Net Income Discontinuous Operations": NaN,
        "Net Income Continuous Operations": NaN,
        "Pretax Income": NaN,
        "Other Income Expense": NaN,
        "Other Non Operating Income Expenses": NaN,
        "Net Non Operating Interest Income Expense": NaN,
        "Interest Expense Non Operating": NaN,
        "Operating Income": NaN,
        "Operating Expense": NaN,
        "Depreciation Amortization Depletion Income Statement": NaN,
        "Depreciation And Amortization In Income Statement": NaN,
        "Depreciation Income Statement": NaN,
        "Selling General And Administration": NaN,
        "General And Administrative Expense": NaN,
        "Other Gand A": NaN,
        "Salaries And Wages": NaN,
        "Gross Profit": NaN,
        "Cost Of Revenue": NaN,
        "Total Revenue": NaN,
        "Operating Revenue": NaN
    },
    "2022-06-30": {
        "Tax Effect Of Unusual Items": 0.0,
        "Tax Rate For Calcs": 0.4,
        "Normalized EBITDA": 10804000.0,
        "Net Income From Continuing Operation Net Minority Interest": 10525000.0,
        "Reconciled Depreciation": 277000.0,
        "Reconciled Cost Of Revenue": 2034000.0,
        "EBITDA": 10804000.0,
        "EBIT": 10527000.0,
        "Net Interest Income": -2000.0,
        "Interest Expense": 2000.0,
        "Normalized Income": 10525000.0,
        "Net Income From Continuing And Discontinued Operation": 10525000.0,
        "Total Expenses": 3346000.0,
        "Rent Expense Supplemental": 997000.0,
        "Total Operating Income As Reported": 10641000.0,
        "Diluted Average Shares": 19400000.0,
        "Basic Average Shares": 19400000.0,
        "Diluted EPS": 0.54,
        "Basic EPS": 0.54,
        "Diluted NI Availto Com Stockholders": 10525000.0,
        "Net Income Common Stockholders": 10525000.0,
        "Net Income": 10525000.0,
        "Net Income Including Noncontrolling Interests": 10525000.0,
        "Net Income Discontinuous Operations": 0.0,
        "Net Income Continuous Operations": 10525000.0,
        "Pretax Income": 10525000.0,
        "Other Income Expense": -114000.0,
        "Other Non Operating Income Expenses": -114000.0,
        "Net Non Operating Interest Income Expense": -2000.0,
        "Interest Expense Non Operating": 2000.0,
        "Operating Income": 10641000.0,
        "Operating Expense": 1312000.0,
        "Depreciation Amortization Depletion Income Statement": 277000.0,
        "Depreciation And Amortization In Income Statement": 277000.0,
        "Depreciation Income Statement": 277000.0,
        "Selling General And Administration": 1035000.0,
        "General And Administrative Expense": 1035000.0,
        "Other Gand A": 759000.0,
        "Salaries And Wages": 276000.0,
        "Gross Profit": 11953000.0,
        "Cost Of Revenue": 2034000.0,
        "Total Revenue": 13987000.0,
        "Operating Revenue": 13987000.0
    },
    "2022-03-31": {
        "Diluted EPS": -0.03,
        "Total Revenue": 2,
        "Gross Profit": 1,
        "Operating Income": -1,
        "EBIT": -1,
        "Net Income": -1
    },
    "2021-12-31": {
        "Diluted EPS": -0.22,
        "Total Revenue": 3,
        "Gross Profit": 2,
        "Operating Income": 0,
        "EBIT": 0,
        "Net Income": -4
    },
    "2021-09-30": {
        "Diluted EPS": -0.01,
        "Total Revenue": 2,
        "Gross Profit": 1,
        "Operating Income": 0,
        "EBIT": 0,
        "Net Income": 0
    },
    "2021-06-30": {
        "Diluted EPS": 0.1,
        "Total Revenue": 5,
        "Gross Profit": 3,
        "Operating Income": 2,
        "EBIT": 2,
        "Net Income": 2
    },
    "2021-03-31": {
        "Diluted EPS": -0.05,
        "Total Revenue": 2,
        "Gross Profit": 1,
        "Operating Income": -1,
        "EBIT": -1,
        "Net Income": -1
    },
    "2020-12-31": {
        "Diluted EPS": -0.04,
        "Total Revenue": 2,
        "Gross Profit": 1,
        "Operating Income": 0,
        "EBIT": 0,
        "Net Income": -1
    },
    "2020-09-30": {
        "Diluted EPS": -0.03,
        "Total Revenue": 2,
        "Gross Profit": 1,
        "Operating Income": 0,
        "EBIT": 0,
        "Net Income": -1
    },
    "2020-06-30": {
        "Diluted EPS": -0.01,
        "Total Revenue": 2,
        "Gross Profit": 1,
        "Operating Income": -1,
        "EBIT": -1,
        "Net Income": 0
    },
    "2020-03-31": {
        "Diluted EPS": -0.06,
        "Total Revenue": 2,
        "Gross Profit": 1,
        "Operating Income": -1,
        "EBIT": -1,
        "Net Income": -1
    },
    "2019-12-31": {
        "Diluted EPS": -0.47,
        "Total Revenue": 3,
        "Gross Profit": 1,
        "Operating Income": 0,
        "EBIT": 0,
        "Net Income": -9
    },
    "2019-09-30": {
        "Diluted EPS": -0.0,
        "Total Revenue": 3,
        "Gross Profit": 1,
        "Operating Income": 0,
        "EBIT": 0,
        "Net Income": 0
    },
    "2019-06-30": {
        "Diluted EPS": -0.01,
        "Total Revenue": 2,
        "Gross Profit": 1,
        "Operating Income": 0,
        "EBIT": 0,
        "Net Income": 0
    },
    "2019-03-31": {
        "Diluted EPS": -0.06,
        "Total Revenue": 2,
        "Gross Profit": 1,
        "Operating Income": -1,
        "EBIT": -1,
        "Net Income": -1
    },
    "2018-12-31": {
        "Diluted EPS": 0.2,
        "Total Revenue": 1,
        "Gross Profit": 0,
        "Operating Income": -1,
        "EBIT": -1,
        "Net Income": 4
    },
    "2018-09-30": {
        "Diluted EPS": -0.09,
        "Total Revenue": 3,
        "Gross Profit": 0,
        "Operating Income": -1,
        "EBIT": -1,
        "Net Income": -2
    },
    "2018-06-30": {
        "Diluted EPS": -0.03,
        "Total Revenue": 3,
        "Gross Profit": 1,
        "Operating Income": 0,
        "EBIT": 0,
        "Net Income": -1
    },
    "2018-03-31": {
        "Diluted EPS": -0.05,
        "Total Revenue": 3,
        "Gross Profit": 1,
        "Operating Income": -1,
        "EBIT": -1,
        "Net Income": -1
    },
    "2017-12-31": {
        "Diluted EPS": -0.05,
        "Total Revenue": 3,
        "Gross Profit": 0,
        "Operating Income": 0,
        "EBIT": 0,
        "Net Income": -1
    },
    "2017-09-30": {
        "Diluted EPS": -0.03,
        "Total Revenue": 3,
        "Gross Profit": 1,
        "Operating Income": 0,
        "EBIT": 0,
        "Net Income": 0
    },
    "2017-06-30": {
        "Diluted EPS": 0.34,
        "Total Revenue": 9,
        "Gross Profit": 8,
        "Operating Income": 7,
        "EBIT": 7,
        "Net Income": 6
    },
    "2017-03-31": {
        "Diluted EPS": 0.31,
        "Total Revenue": 10,
        "Gross Profit": 8,
        "Operating Income": 6,
        "EBIT": 6,
        "Net Income": 6
    },
    "2016-12-31": {
        "Diluted EPS": 0.38,
        "Total Revenue": 20,
        "Gross Profit": 12,
        "Operating Income": 8,
        "EBIT": 8,
        "Net Income": 7
    },
    "2016-09-30": {
        "Diluted EPS": 0.13,
        "Total Revenue": 6,
        "Gross Profit": 4,
        "Operating Income": 3,
        "EBIT": 3,
        "Net Income": 2
    },
    "2016-06-30": {
        "Diluted EPS": 0.71,
        "Total Revenue": 18,
        "Gross Profit": 16,
        "Operating Income": 14,
        "EBIT": 14,
        "Net Income": 13
    },
    "2016-03-31": {
        "Diluted EPS": -0.07,
        "Total Revenue": 3,
        "Gross Profit": 2,
        "Operating Income": -1,
        "EBIT": -1,
        "Net Income": -1
    },
    "2015-12-31": {
        "Diluted EPS": -0.05,
        "Total Revenue": 3,
        "Gross Profit": 1,
        "Operating Income": 0,
        "EBIT": 0,
        "Net Income": -1
    },
    "2015-09-30": {
        "Diluted EPS": 0.51,
        "Total Revenue": 14,
        "Gross Profit": 12,
        "Operating Income": 10,
        "EBIT": 10,
        "Net Income": 10
    },
    "2015-06-30": {
        "Diluted EPS": -0.04,
        "Total Revenue": 3,
        "Gross Profit": 2,
        "Operating Income": 0,
        "EBIT": 0,
        "Net Income": -1
    },
    "2015-03-31": {
        "Diluted EPS": -0.06,
        "Total Revenue": 3,
        "Gross Profit": 2,
        "Operating Income": 0,
        "EBIT": 0,
        "Net Income": -1
    },
    "2014-12-31": {
        "Diluted EPS": 1.0,
        "Total Revenue": 23,
        "Gross Profit": 21,
        "Operating Income": 19,
        "EBIT": 19,
        "Net Income": 19
    },
    "2014-09-30": {
        "Diluted EPS": -0.04,
        "Total Revenue": 3,
        "Gross Profit": 2,
        "Operating Income": 0,
        "EBIT": 0,
        "Net Income": -1
    },
    "2014-06-30": {
        "Diluted EPS": 0.03,
        "Total Revenue": 5,
        "Gross Profit": 3,
        "Operating Income": 1,
        "EBIT": 1,
        "Net Income": 0
    },
    "2014-03-31": {
        "Diluted EPS": -0.05,
        "Total Revenue": 2,
        "Gross Profit": 1,
        "Operating Income": 0,
        "EBIT": 0,
        "Net Income": -1
    },
    "2013-12-31": {
        "Diluted EPS": 0.08,
        "Total Revenue": 7,
        "Gross Profit": 3,
        "Operating Income": 2,
        "EBIT": 2,
        "Net Income": 1
    },
    "2013-09-30": {
        "Diluted EPS": -0.08,
        "Total Revenue": 3,
        "Gross Profit": 1,
        "Operating Income": -1,
        "EBIT": -1,
        "Net Income": -2
    },
    "2013-06-30": {
        "Diluted EPS": 0.04,
        "Total Revenue": 3,
        "Gross Profit": 2,
        "Operating Income": -1,
        "EBIT": -1,
        "Net Income": 1
    },
    "2013-03-31": {
        "Diluted EPS": -0.1,
        "Total Revenue": 3,
        "Gross Profit": 1,
        "Operating Income": -1,
        "EBIT": -1,
        "Net Income": -2
    },
    "2012-12-31": {
        "Diluted EPS": -0.09,
        "Total Revenue": 1,
        "Gross Profit": 2,
        "Operating Income": 0,
        "EBIT": 0,
        "Net Income": -2
    },
    "2012-09-30": {
        "Diluted EPS": -0.09,
        "Total Revenue": 4,
        "Gross Profit": 2,
        "Operating Income": -1,
        "EBIT": -1,
        "Net Income": -2
    },
    "2012-06-30": {
        "Diluted EPS": -0.06,
        "Total Revenue": 3,
        "Gross Profit": 1,
        "Operating Income": -1,
        "EBIT": -1,
        "Net Income": -1
    },
    "2012-03-31": {
        "Diluted EPS": -0.01,
        "Total Revenue": 5,
        "Gross Profit": 3,
        "Operating Income": 0,
        "EBIT": 0,
        "Net Income": 0
    },
    "2011-12-31": {
        "Diluted EPS": -0.2,
        "Total Revenue": 4,
        "Gross Profit": 1,
        "Operating Income": -2,
        "EBIT": -2,
        "Net Income": -4
    },
    "2011-09-30": {
        "Diluted EPS": -0.07,
        "Total Revenue": 3,
        "Gross Profit": 1,
        "Operating Income": -1,
        "EBIT": -1,
        "Net Income": -1
    },
    "2011-06-30": {
        "Diluted EPS": -0.13,
        "Total Revenue": 4,
        "Gross Profit": 2,
        "Operating Income": -2,
        "EBIT": -2,
        "Net Income": -2
    },
    "2011-03-31": {
        "Diluted EPS": 0.67,
        "Total Revenue": 4,
        "Gross Profit": 1,
        "Operating Income": -2,
        "EBIT": -2,
        "Net Income": 12
    },
    "2010-12-31": {
        "Diluted EPS": 1.54,
        "Total Revenue": 5,
        "Gross Profit": 4,
        "Operating Income": 2,
        "EBIT": 2,
        "Net Income": 12
    },
    "2010-09-30": {
        "Diluted EPS": 1.35,
        "Total Revenue": 4,
        "Gross Profit": 1,
        "Operating Income": -4,
        "EBIT": -4,
        "Net Income": 20
    },
    "2010-06-30": {
        "Diluted EPS": -0.57,
        "Total Revenue": 6,
        "Gross Profit": 3,
        "Operating Income": -1,
        "EBIT": -1,
        "Net Income": -5
    },
    "2010-03-31": {
        "Diluted EPS": -0.33,
        "Total Revenue": 8,
        "Gross Profit": 3,
        "Operating Income": -1,
        "EBIT": -1,
        "Net Income": -3
    },
    "2009-12-31": {
        "Diluted EPS": -3.76,
        "Total Revenue": 9,
        "Gross Profit": 7,
        "Operating Income": -7,
        "EBIT": -7,
        "Net Income": -30
    },
    "2009-09-30": {
        "Diluted EPS": -3.17,
        "Total Revenue": 20,
        "Gross Profit": 7,
        "Operating Income": 2,
        "EBIT": 2,
        "Net Income": -25
    },
    "2009-06-30": {
        "Diluted EPS": -6.75,
        "Total Revenue": 9,
        "Gross Profit": -1,
        "Operating Income": -23,
        "EBIT": -23,
        "Net Income": -54
    },
    "2009-03-31": {
        "Diluted EPS": -1.65,
        "Total Revenue": 11,
        "Gross Profit": -1,
        "Operating Income": -8,
        "EBIT": -8,
        "Net Income": -13
    },
    "2023-06-30": {
        "Tax Effect Of Unusual Items": NaN,
        "Tax Rate For Calcs": NaN,
        "Normalized EBITDA": NaN,
        "Net Income From Continuing Operation Net Minority Interest": NaN,
        "Reconciled Depreciation": NaN,
        "Reconciled Cost Of Revenue": NaN,
        "EBITDA": NaN,
        "EBIT": NaN,
        "Net Interest Income": NaN,
        "Interest Expense": NaN,
        "Normalized Income": NaN,
        "Net Income From Continuing And Discontinued Operation": NaN,
        "Total Expenses": NaN,
        "Rent Expense Supplemental": NaN,
        "Total Operating Income As Reported": NaN,
        "Diluted Average Shares": 18616667.0,
        "Basic Average Shares": 18616667.0,
        "Diluted EPS": -0.06,
        "Basic EPS": -0.06,
        "Diluted NI Availto Com Stockholders": NaN,
        "Net Income Common Stockholders": NaN,
        "Net Income": NaN,
        "Net Income Including Noncontrolling Interests": NaN,
        "Net Income Continuous Operations": NaN,
        "Pretax Income": NaN,
        "Other Income Expense": NaN,
        "Other Non Operating Income Expenses": NaN,
        "Net Non Operating Interest Income Expense": NaN,
        "Interest Expense Non Operating": NaN,
        "Operating Income": NaN,
        "Operating Expense": NaN,
        "Depreciation Amortization Depletion Income Statement": NaN,
        "Depreciation And Amortization In Income Statement": NaN,
        "Depreciation Income Statement": NaN,
        "Selling General And Administration": NaN,
        "General And Administrative Expense": NaN,
        "Other Gand A": NaN,
        "Salaries And Wages": NaN,
        "Gross Profit": NaN,
        "Cost Of Revenue": NaN,
        "Total Revenue": NaN,
        "Operating Revenue": NaN
    },
    "2023-09-30": {
        "Tax Effect Of Unusual Items": NaN,
        "Tax Rate For Calcs": NaN,
        "Normalized EBITDA": NaN,
        "Total Unusual Items": NaN,
        "Total Unusual Items Excluding Goodwill": NaN,
        "Net Income From Continuing Operation Net Minority Interest": NaN,
        "Reconciled Depreciation": NaN,
        "Reconciled Cost Of Revenue": NaN,
        "EBITDA": NaN,
        "EBIT": NaN,
        "Net Interest Income": NaN,
        "Interest Expense": NaN,
        "Normalized Income": NaN,
        "Net Income From Continuing And Discontinued Operation": NaN,
        "Total Expenses": NaN,
        "Rent Expense Supplemental": NaN,
        "Total Operating Income As Reported": NaN,
        "Diluted Average Shares": 20000000.0,
        "Basic Average Shares": 20000000.0,
        "Diluted EPS": -0.06,
        "Basic EPS": -0.06,
        "Diluted NI Availto Com Stockholders": NaN,
        "Net Income Common Stockholders": NaN,
        "Net Income": NaN,
        "Net Income Including Noncontrolling Interests": NaN,
        "Net Income Continuous Operations": NaN,
        "Pretax Income": NaN,
        "Other Income Expense": NaN,
        "Other Non Operating Income Expenses": NaN,
        "Special Income Charges": NaN,
        "Gain On Sale Of Ppe": NaN,
        "Net Non Operating Interest Income Expense": NaN,
        "Interest Expense Non Operating": NaN,
        "Operating Income": NaN,
        "Operating Expense": NaN,
        "Depreciation Amortization Depletion Income Statement": NaN,
        "Depreciation And Amortization In Income Statement": NaN,
        "Depreciation Income Statement": NaN,
        "Selling General And Administration": NaN,
        "General And Administrative Expense": NaN,
        "Other Gand A": NaN,
        "Salaries And Wages": NaN,
        "Gross Profit": NaN,
        "Cost Of Revenue": NaN,
        "Total Revenue": NaN,
        "Operating Revenue": NaN
    },
    "2023-12-31": {
        "Tax Effect Of Unusual Items": 0.0,
        "Tax Rate For Calcs": 0.21,
        "Normalized EBITDA": 780000.0,
        "Net Income From Continuing Operation Net Minority Interest": 593000.0,
        "Reconciled Depreciation": 186000.0,
        "Reconciled Cost Of Revenue": 1924000.0,
        "EBITDA": 780000.0,
        "EBIT": 594000.0,
        "Net Interest Income": -1000.0,
        "Interest Expense": 1000.0,
        "Normalized Income": 593000.0,
        "Net Income From Continuing And Discontinued Operation": 593000.0,
        "Total Expenses": 3486000.0,
        "Rent Expense Supplemental": 1436000.0,
        "Total Operating Income As Reported": 557000.0,
        "Diluted Average Shares": NaN,
        "Basic Average Shares": NaN,
        "Diluted EPS": NaN,
        "Basic EPS": NaN,
        "Diluted NI Availto Com Stockholders": 593000.0,
        "Net Income Common Stockholders": 593000.0,
        "Net Income": 593000.0,
        "Net Income Including Noncontrolling Interests": 593000.0,
        "Net Income Continuous Operations": 593000.0,
        "Pretax Income": 593000.0,
        "Other Income Expense": 37000.0,
        "Other Non Operating Income Expenses": 37000.0,
        "Net Non Operating Interest Income Expense": -1000.0,
        "Interest Expense Non Operating": 1000.0,
        "Operating Income": 557000.0,
        "Operating Expense": 1562000.0,
        "Depreciation Amortization Depletion Income Statement": 186000.0,
        "Depreciation And Amortization In Income Statement": 186000.0,
        "Depreciation Income Statement": 186000.0,
        "Selling General And Administration": 1376000.0,
        "General And Administrative Expense": 1376000.0,
        "Other Gand A": 1002000.0,
        "Salaries And Wages": 374000.0,
        "Gross Profit": 2119000.0,
        "Cost Of Revenue": 1924000.0,
        "Total Revenue": 4043000.0,
        "Operating Revenue": 4043000.0
    },
    "2024-03-31": {
        "Tax Effect Of Unusual Items": NaN,
        "Tax Rate For Calcs": NaN,
        "Normalized EBITDA": NaN,
        "Total Unusual Items": 0.0,
        "Total Unusual Items Excluding Goodwill": 0.0,
        "Net Income From Continuing Operation Net Minority Interest": NaN,
        "Reconciled Depreciation": NaN,
        "Reconciled Cost Of Revenue": NaN,
        "EBITDA": NaN,
        "EBIT": NaN,
        "Net Interest Income": NaN,
        "Interest Expense": NaN,
        "Normalized Income": NaN,
        "Net Income From Continuing And Discontinued Operation": NaN,
        "Total Expenses": NaN,
        "Rent Expense Supplemental": NaN,
        "Total Operating Income As Reported": NaN,
        "Diluted Average Shares": 19600000.0,
        "Basic Average Shares": 19600000.0,
        "Diluted EPS": -0.07,
        "Basic EPS": -0.07,
        "Diluted NI Availto Com Stockholders": NaN,
        "Net Income Common Stockholders": NaN,
        "Net Income": NaN,
        "Net Income Including Noncontrolling Interests": NaN,
        "Net Income Continuous Operations": NaN,
        "Pretax Income": NaN,
        "Other Income Expense": NaN,
        "Other Non Operating Income Expenses": NaN,
        "Special Income Charges": 0.0,
        "Gain On Sale Of Ppe": 0.0,
        "Net Non Operating Interest Income Expense": NaN,
        "Interest Expense Non Operating": NaN,
        "Operating Income": NaN,
        "Operating Expense": NaN,
        "Depreciation Amortization Depletion Income Statement": NaN,
        "Depreciation And Amortization In Income Statement": NaN,
        "Depreciation Income Statement": NaN,
        "Selling General And Administration": NaN,
        "General And Administrative Expense": NaN,
        "Other Gand A": NaN,
        "Salaries And Wages": NaN,
        "Gross Profit": NaN,
        "Cost Of Revenue": NaN,
        "Total Revenue": NaN,
        "Operating Revenue": NaN
    },
    "2024-06-30": {
        "Tax Effect Of Unusual Items": 0.0,
        "Tax Rate For Calcs": 0.0,
        "Normalized EBITDA": -1699000.0,
        "Total Unusual Items": NaN,
        "Total Unusual Items Excluding Goodwill": NaN,
        "Net Income From Continuing Operation Net Minority Interest": -1872000.0,
        "Reconciled Depreciation": 171000.0,
        "Reconciled Cost Of Revenue": 1614000.0,
        "EBITDA": -1699000.0,
        "EBIT": -1870000.0,
        "Net Interest Income": -2000.0,
        "Interest Expense": 2000.0,
        "Normalized Income": -1872000.0,
        "Net Income From Continuing And Discontinued Operation": -1872000.0,
        "Total Expenses": 4526000.0,
        "Rent Expense Supplemental": 1122000.0,
        "Total Operating Income As Reported": -1881000.0,
        "Diluted Average Shares": 18720000.0,
        "Basic Average Shares": 18720000.0,
        "Diluted EPS": -0.1,
        "Basic EPS": -0.1,
        "Diluted NI Availto Com Stockholders": -1872000.0,
        "Net Income Common Stockholders": -1872000.0,
        "Net Income": -1872000.0,
        "Net Income Including Noncontrolling Interests": -1872000.0,
        "Net Income Continuous Operations": -1872000.0,
        "Pretax Income": -1872000.0,
        "Other Income Expense": 11000.0,
        "Other Non Operating Income Expenses": 11000.0,
        "Special Income Charges": NaN,
        "Gain On Sale Of Ppe": NaN,
        "Net Non Operating Interest Income Expense": -2000.0,
        "Interest Expense Non Operating": 2000.0,
        "Operating Income": -1881000.0,
        "Operating Expense": 2912000.0,
        "Depreciation Amortization Depletion Income Statement": 171000.0,
        "Depreciation And Amortization In Income Statement": 171000.0,
        "Depreciation Income Statement": 171000.0,
        "Selling General And Administration": 2741000.0,
        "General And Administrative Expense": 2741000.0,
        "Other Gand A": 1118000.0,
        "Salaries And Wages": 1623000.0,
        "Gross Profit": 1031000.0,
        "Cost Of Revenue": 1614000.0,
        "Total Revenue": 2645000.0,
        "Operating Revenue": 2645000.0
    },
    "2024-09-30": {
        "Tax Effect Of Unusual Items": 0.0,
        "Tax Rate For Calcs": 0.0,
        "Normalized EBITDA": -2048000.0,
        "Total Unusual Items": NaN,
        "Total Unusual Items Excluding Goodwill": NaN,
        "Net Income From Continuing Operation Net Minority Interest": -2237000.0,
        "Reconciled Depreciation": 187000.0,
        "Reconciled Cost Of Revenue": 1821000.0,
        "EBITDA": -2048000.0,
        "EBIT": -2235000.0,
        "Net Interest Income": -2000.0,
        "Interest Expense": 2000.0,
        "Normalized Income": -2237000.0,
        "Net Income From Continuing And Discontinued Operation": -2237000.0,
        "Total Expenses": 5260000.0,
        "Rent Expense Supplemental": 1333000.0,
        "Total Operating Income As Reported": -2232000.0,
        "Diluted Average Shares": 19700000.0,
        "Basic Average Shares": 19700000.0,
        "Diluted EPS": -0.11,
        "Basic EPS": -0.11,
        "Diluted NI Availto Com Stockholders": -2237000.0,
        "Net Income Common Stockholders": -2237000.0,
        "Net Income": -2237000.0,
        "Net Income Including Noncontrolling Interests": -2237000.0,
        "Net Income Continuous Operations": -2237000.0,
        "Pretax Income": -2237000.0,
        "Other Income Expense": -3000.0,
        "Other Non Operating Income Expenses": -3000.0,
        "Special Income Charges": NaN,
        "Gain On Sale Of Ppe": NaN,
        "Net Non Operating Interest Income Expense": -2000.0,
        "Interest Expense Non Operating": 2000.0,
        "Operating Income": -2232000.0,
        "Operating Expense": 3439000.0,
        "Depreciation Amortization Depletion Income Statement": 187000.0,
        "Depreciation And Amortization In Income Statement": 187000.0,
        "Depreciation Income Statement": 187000.0,
        "Selling General And Administration": 3252000.0,
        "General And Administrative Expense": 3252000.0,
        "Other Gand A": 1158000.0,
        "Salaries And Wages": 2094000.0,
        "Gross Profit": 1207000.0,
        "Cost Of Revenue": 1821000.0,
        "Total Revenue": 3028000.0,
        "Operating Revenue": 3028000.0
    },
    "2024-12-31": {
        "Tax Effect Of Unusual Items": 0.0,
        "Tax Rate For Calcs": 0.0,
        "Normalized EBITDA": -924000.0,
        "Total Unusual Items": NaN,
        "Total Unusual Items Excluding Goodwill": NaN,
        "Net Income From Continuing Operation Net Minority Interest": -1907000.0,
        "Reconciled Depreciation": 192000.0,
        "Reconciled Cost Of Revenue": 2461000.0,
        "EBITDA": -924000.0,
        "EBIT": -1116000.0,
        "Net Interest Income": -791000.0,
        "Interest Expense": 791000.0,
        "Normalized Income": -1907000.0,
        "Net Income From Continuing And Discontinued Operation": -1907000.0,
        "Total Expenses": 5250000.0,
        "Rent Expense Supplemental": 1559000.0,
        "Total Operating Income As Reported": -1838000.0,
        "Diluted Average Shares": NaN,
        "Basic Average Shares": NaN,
        "Diluted EPS": NaN,
        "Basic EPS": NaN,
        "Diluted NI Availto Com Stockholders": -1907000.0,
        "Net Income Common Stockholders": -1907000.0,
        "Net Income": -1907000.0,
        "Net Income Including Noncontrolling Interests": -1907000.0,
        "Net Income Continuous Operations": -1907000.0,
        "Pretax Income": -1907000.0,
        "Other Income Expense": 722000.0,
        "Other Non Operating Income Expenses": 674000.0,
        "Special Income Charges": NaN,
        "Gain On Sale Of Ppe": NaN,
        "Net Non Operating Interest Income Expense": -791000.0,
        "Interest Expense Non Operating": 791000.0,
        "Operating Income": -1838000.0,
        "Operating Expense": 2789000.0,
        "Depreciation Amortization Depletion Income Statement": 192000.0,
        "Depreciation And Amortization In Income Statement": 192000.0,
        "Depreciation Income Statement": 192000.0,
        "Selling General And Administration": 2597000.0,
        "General And Administrative Expense": 2597000.0,
        "Other Gand A": 961000.0,
        "Salaries And Wages": 1636000.0,
        "Gross Profit": 951000.0,
        "Cost Of Revenue": 2461000.0,
        "Total Revenue": 3412000.0,
        "Operating Revenue": 3412000.0
    },
    "2025-03-31": {
        "Tax Effect Of Unusual Items": 0.0,
        "Tax Rate For Calcs": 0.0,
        "Normalized EBITDA": -8407000.0,
        "Total Unusual Items": 1000.0,
        "Total Unusual Items Excluding Goodwill": 1000.0,
        "Net Income From Continuing Operation Net Minority Interest": -8640000.0,
        "Reconciled Depreciation": 186000.0,
        "Reconciled Cost Of Revenue": 4299000.0,
        "EBITDA": -8406000.0,
        "EBIT": -8592000.0,
        "Net Interest Income": -48000.0,
        "Interest Expense": 48000.0,
        "Normalized Income": -8641000.0,
        "Net Income From Continuing And Discontinued Operation": -8640000.0,
        "Total Expenses": 7583000.0,
        "Rent Expense Supplemental": 1364000.0,
        "Total Operating Income As Reported": -1779000.0,
        "Diluted Average Shares": 19700000.0,
        "Basic Average Shares": 19700000.0,
        "Diluted EPS": -0.44,
        "Basic EPS": -0.44,
        "Diluted NI Availto Com Stockholders": -8640000.0,
        "Net Income Common Stockholders": -8640000.0,
        "Net Income": -8640000.0,
        "Net Income Including Noncontrolling Interests": -8640000.0,
        "Net Income Continuous Operations": -8640000.0,
        "Pretax Income": -8640000.0,
        "Other Income Expense": -6813000.0,
        "Other Non Operating Income Expenses": -6814000.0,
        "Special Income Charges": 1000.0,
        "Gain On Sale Of Ppe": 1000.0,
        "Net Non Operating Interest Income Expense": -48000.0,
        "Interest Expense Non Operating": 48000.0,
        "Operating Income": -1779000.0,
        "Operating Expense": 3284000.0,
        "Depreciation Amortization Depletion Income Statement": 186000.0,
        "Depreciation And Amortization In Income Statement": 186000.0,
        "Depreciation Income Statement": 186000.0,
        "Selling General And Administration": 3098000.0,
        "General And Administrative Expense": 3098000.0,
        "Other Gand A": 1517000.0,
        "Salaries And Wages": 1581000.0,
        "Gross Profit": 1505000.0,
        "Cost Of Revenue": 4299000.0,
        "Total Revenue": 5804000.0,
        "Operating Revenue": 5804000.0
    },
    "2025-06-30": {
        "Tax Effect Of Unusual Items": 0.0,
        "Tax Rate For Calcs": 0.0,
        "Normalized EBITDA": -589000.0,
        "Total Unusual Items": NaN,
        "Total Unusual Items Excluding Goodwill": NaN,
        "Net Income From Continuing Operation Net Minority Interest": -999000.0,
        "Reconciled Depreciation": 355000.0,
        "Reconciled Cost Of Revenue": 3189000.0,
        "EBITDA": -589000.0,
        "EBIT": -944000.0,
        "Net Interest Income": -55000.0,
        "Interest Expense": 55000.0,
        "Normalized Income": -999000.0,
        "Net Income From Continuing And Discontinued Operation": -999000.0,
        "Total Expenses": 5313000.0,
        "Rent Expense Supplemental": 1973000.0,
        "Total Operating Income As Reported": -711000.0,
        "Diluted Average Shares": 19980000.0,
        "Basic Average Shares": 19980000.0,
        "Diluted EPS": -0.05,
        "Basic EPS": -0.05,
        "Diluted NI Availto Com Stockholders": -999000.0,
        "Net Income Common Stockholders": -999000.0,
        "Net Income": -999000.0,
        "Net Income Including Noncontrolling Interests": -999000.0,
        "Net Income Continuous Operations": -999000.0,
        "Pretax Income": -999000.0,
        "Other Income Expense": -233000.0,
        "Other Non Operating Income Expenses": -233000.0,
        "Special Income Charges": NaN,
        "Gain On Sale Of Ppe": NaN,
        "Net Non Operating Interest Income Expense": -55000.0,
        "Interest Expense Non Operating": 55000.0,
        "Operating Income": -711000.0,
        "Operating Expense": 2124000.0,
        "Depreciation Amortization Depletion Income Statement": 355000.0,
        "Depreciation And Amortization In Income Statement": 355000.0,
        "Depreciation Income Statement": 355000.0,
        "Selling General And Administration": 1769000.0,
        "General And Administrative Expense": 1769000.0,
        "Other Gand A": 1027000.0,
        "Salaries And Wages": 742000.0,
        "Gross Profit": 1413000.0,
        "Cost Of Revenue": 3189000.0,
        "Total Revenue": 4602000.0,
        "Operating Revenue": 4602000.0
    }
}