{
    "2023-03-31": {
        "Tax Effect Of Unusual Items": NaN,
        "Tax Rate For Calcs": NaN,
        "Normalized EBITDA": NaN,
        "Total Unusual Items": NaN,
        "Total Unusual Items Excluding Goodwill": NaN,
        "Net Income From Continuing Operation Net Minority Interest": NaN,
        "Reconciled Depreciation": NaN,
        "EBITDA": NaN,
        "EBIT": NaN,
        "Normalized Income": NaN,
        "Net Income From Continuing And Discontinued Operation": NaN,
        "Total Expenses": NaN,
        "Total Operating Income As Reported": NaN,
        "Diluted Average Shares": 39061977.0,
        "Basic Average Shares": 39061977.0,
        "Diluted EPS": -0.23,
        "Basic EPS": -0.23,
        "Diluted NI Availto Com Stockholders": NaN,
        "Net Income Common Stockholders": NaN,
        "Net Income": NaN,
        "Minority Interests": NaN,
        "Net Income Including Noncontrolling Interests": NaN,
        "Net Income Continuous Operations": NaN,
        "Tax Provision": NaN,
        "Pretax Income": NaN,
        "Other Income Expense": NaN,
        "Other Non Operating Income Expenses": NaN,
        "Gain On Sale Of Security": NaN,
        "Operating Income": NaN,
        "Operating Expense": NaN,
        "Research And Development": NaN,
        "Selling General And Administration": NaN,
        "General And Administrative Expense": NaN,
        "Other Gand A": NaN,
        "Total Revenue": NaN,
        "Operating Revenue": NaN
    },
    "2022-12-31": {
        "Tax Effect Of Unusual Items": NaN,
        "Tax Rate For Calcs": NaN,
        "Normalized EBITDA": NaN,
        "Net Income From Continuing Operation Net Minority Interest": NaN,
        "Reconciled Depreciation": NaN,
        "EBITDA": NaN,
        "EBIT": NaN,
        "Normalized Income": NaN,
        "Net Income From Continuing And Discontinued Operation": NaN,
        "Total Expenses": NaN,
        "Total Operating Income As Reported": NaN,
        "Diluted Average Shares": 38843776.0,
        "Basic Average Shares": 38843776.0,
        "Diluted EPS": -0.31,
        "Basic EPS": -0.31,
        "Diluted NI Availto Com Stockholders": NaN,
        "Net Income Common Stockholders": NaN,
        "Net Income": NaN,
        "Minority Interests": NaN,
        "Net Income Including Noncontrolling Interests": NaN,
        "Net Income Continuous Operations": NaN,
        "Tax Provision": NaN,
        "Pretax Income": NaN,
        "Other Income Expense": NaN,
        "Other Non Operating Income Expenses": NaN,
        "Operating Income": NaN,
        "Operating Expense": NaN,
        "Research And Development": NaN,
        "Selling General And Administration": NaN,
        "General And Administrative Expense": NaN,
        "Other Gand A": NaN,
        "Total Revenue": NaN,
        "Operating Revenue": NaN
    },
    "2022-09-30": {
        "Tax Effect Of Unusual Items": 0.0,
        "Tax Rate For Calcs": 0.4,
        "Normalized EBITDA": -14767208.0,
        "Net Income From Continuing Operation Net Minority Interest": -14741648.0,
        "Reconciled Depreciation": 3293.0,
        "EBITDA": -14767208.0,
        "EBIT": -14770501.0,
        "Normalized Income": -14741648.0,
        "Net Income From Continuing And Discontinued Operation": -14741648.0,
        "Total Expenses": 14770501.0,
        "Total Operating Income As Reported": -14770501.0,
        "Diluted Average Shares": 36925639.0,
        "Basic Average Shares": 36925639.0,
        "Diluted EPS": -0.27,
        "Basic EPS": -0.27,
        "Diluted NI Availto Com Stockholders": -14741648.0,
        "Net Income Common Stockholders": -14741648.0,
        "Net Income": -14741648.0,
        "Minority Interests": NaN,
        "Net Income Including Noncontrolling Interests": -14741648.0,
        "Net Income Continuous Operations": -14741648.0,
        "Tax Provision": 8740.0,
        "Pretax Income": -14732908.0,
        "Other Income Expense": 37593.0,
        "Other Non Operating Income Expenses": 37593.0,
        "Operating Income": -14770501.0,
        "Operating Expense": 14770501.0,
        "Research And Development": 9024437.0,
        "Selling General And Administration": 5746064.0,
        "General And Administrative Expense": 5746064.0,
        "Other Gand A": 5746064.0,
        "Total Revenue": 0.0,
        "Operating Revenue": 0.0
    },
    "2022-06-30": {
        "Tax Effect Of Unusual Items": 0.0,
        "Tax Rate For Calcs": 0.4,
        "Normalized EBITDA": -17652177.0,
        "Net Income From Continuing Operation Net Minority Interest": -17416329.0,
        "Reconciled Depreciation": 3288.0,
        "EBITDA": -17652177.0,
        "EBIT": -17652177.0,
        "Normalized Income": -17416329.0,
        "Net Income From Continuing And Discontinued Operation": -17416329.0,
        "Total Expenses": 17652177.0,
        "Total Operating Income As Reported": -17652177.0,
        "Diluted Average Shares": 35201713.0,
        "Basic Average Shares": 35201713.0,
        "Diluted EPS": -0.34,
        "Basic EPS": -0.34,
        "Diluted NI Availto Com Stockholders": -17416329.0,
        "Net Income Common Stockholders": -17416329.0,
        "Net Income": -17416329.0,
        "Minority Interests": NaN,
        "Net Income Including Noncontrolling Interests": -17416329.0,
        "Net Income Continuous Operations": -17416329.0,
        "Tax Provision": 9282.0,
        "Pretax Income": -17407047.0,
        "Other Income Expense": 245130.0,
        "Other Non Operating Income Expenses": 245130.0,
        "Operating Income": -17652177.0,
        "Operating Expense": 17652177.0,
        "Research And Development": 11400541.0,
        "Selling General And Administration": 6251636.0,
        "General And Administrative Expense": 6251636.0,
        "Other Gand A": 6251636.0,
        "Total Revenue": 0.0,
        "Operating Revenue": 0.0
    },
    "2022-03-31": {
        "Diluted EPS": -3.17,
        "Total Revenue": NaN,
        "Gross Profit": NaN,
        "Operating Income": -16,
        "EBIT": -16,
        "Net Income": -16
    },
    "2021-12-31": {
        "Diluted EPS": 5.25,
        "Total Revenue": NaN,
        "Gross Profit": NaN,
        "Operating Income": 34,
        "EBIT": 34,
        "Net Income": 35
    },
    "2021-09-30": {
        "Diluted EPS": -2.63,
        "Total Revenue": NaN,
        "Gross Profit": NaN,
        "Operating Income": -6,
        "EBIT": -6,
        "Net Income": -6
    },
    "2021-06-30": {
        "Diluted EPS": -2.9,
        "Total Revenue": NaN,
        "Gross Profit": NaN,
        "Operating Income": -33,
        "EBIT": -33,
        "Net Income": -33
    },
    "2021-03-31": {
        "Diluted EPS": -0.03,
        "Total Revenue": NaN,
        "Gross Profit": NaN,
        "Operating Income": 0,
        "EBIT": 0,
        "Net Income": 0
    },
    "2020-12-31": {
        "Diluted EPS": 0.0,
        "Total Revenue": NaN,
        "Gross Profit": NaN,
        "Operating Income": NaN,
        "EBIT": NaN,
        "Net Income": NaN
    },
    "2020-09-30": {
        "Diluted EPS": 0.0,
        "Total Revenue": NaN,
        "Gross Profit": NaN,
        "Operating Income": NaN,
        "EBIT": NaN,
        "Net Income": NaN
    },
    "2023-06-30": {
        "Tax Effect Of Unusual Items": NaN,
        "Tax Rate For Calcs": NaN,
        "Normalized EBITDA": NaN,
        "Total Unusual Items": 108844.0,
        "Total Unusual Items Excluding Goodwill": 108844.0,
        "Net Income From Continuing Operation Net Minority Interest": NaN,
        "Reconciled Depreciation": NaN,
        "EBITDA": NaN,
        "EBIT": NaN,
        "Normalized Income": NaN,
        "Net Income From Continuing And Discontinued Operation": NaN,
        "Total Expenses": NaN,
        "Total Operating Income As Reported": NaN,
        "Diluted Average Shares": NaN,
        "Basic Average Shares": NaN,
        "Diluted EPS": NaN,
        "Basic EPS": NaN,
        "Diluted NI Availto Com Stockholders": NaN,
        "Net Income Common Stockholders": NaN,
        "Net Income": NaN,
        "Minority Interests": NaN,
        "Net Income Including Noncontrolling Interests": NaN,
        "Net Income Continuous Operations": NaN,
        "Tax Provision": NaN,
        "Pretax Income": NaN,
        "Other Income Expense": NaN,
        "Other Non Operating Income Expenses": NaN,
        "Gain On Sale Of Security": 108844.0,
        "Operating Income": NaN,
        "Operating Expense": NaN,
        "Research And Development": NaN,
        "Selling General And Administration": NaN,
        "General And Administrative Expense": NaN,
        "Other Gand A": NaN,
        "Total Revenue": NaN,
        "Operating Revenue": NaN
    },
    "2023-09-30": {
        "Tax Effect Of Unusual Items": NaN,
        "Tax Rate For Calcs": NaN,
        "Normalized EBITDA": NaN,
        "Total Unusual Items": -557144.0,
        "Total Unusual Items Excluding Goodwill": -557144.0,
        "Net Income From Continuing Operation Net Minority Interest": NaN,
        "Reconciled Depreciation": NaN,
        "EBITDA": NaN,
        "EBIT": NaN,
        "Net Interest Income": NaN,
        "Interest Expense": NaN,
        "Normalized Income": NaN,
        "Net Income From Continuing And Discontinued Operation": NaN,
        "Total Expenses": NaN,
        "Total Operating Income As Reported": NaN,
        "Diluted Average Shares": NaN,
        "Basic Average Shares": NaN,
        "Diluted EPS": NaN,
        "Basic EPS": NaN,
        "Diluted NI Availto Com Stockholders": NaN,
        "Net Income Common Stockholders": NaN,
        "Net Income": NaN,
        "Minority Interests": NaN,
        "Net Income Including Noncontrolling Interests": NaN,
        "Net Income Continuous Operations": NaN,
        "Tax Provision": NaN,
        "Pretax Income": NaN,
        "Other Income Expense": NaN,
        "Other Non Operating Income Expenses": NaN,
        "Gain On Sale Of Security": -557144.0,
        "Net Non Operating Interest Income Expense": NaN,
        "Interest Expense Non Operating": NaN,
        "Operating Income": NaN,
        "Operating Expense": NaN,
        "Research And Development": NaN,
        "Selling General And Administration": NaN,
        "General And Administrative Expense": NaN,
        "Other Gand A": NaN,
        "Total Revenue": NaN,
        "Operating Revenue": NaN
    },
    "2023-12-31": {
        "Tax Effect Of Unusual Items": 0.0,
        "Tax Rate For Calcs": 0.085,
        "Normalized EBITDA": -15025603.0,
        "Total Unusual Items": NaN,
        "Total Unusual Items Excluding Goodwill": NaN,
        "Net Income From Continuing Operation Net Minority Interest": -7437076.0,
        "Reconciled Depreciation": 3289.0,
        "EBITDA": -15025603.0,
        "EBIT": -15028892.0,
        "Normalized Income": -7437076.0,
        "Net Income From Continuing And Discontinued Operation": -7437076.0,
        "Total Expenses": 15028892.0,
        "Total Operating Income As Reported": -15028892.0,
        "Diluted Average Shares": NaN,
        "Basic Average Shares": NaN,
        "Diluted EPS": NaN,
        "Basic EPS": NaN,
        "Diluted NI Availto Com Stockholders": -7437076.0,
        "Net Income Common Stockholders": -7437076.0,
        "Net Income": -7437076.0,
        "Minority Interests": 450314.0,
        "Net Income Including Noncontrolling Interests": -7887390.0,
        "Net Income Continuous Operations": -7887390.0,
        "Tax Provision": 44308.0,
        "Pretax Income": -7843082.0,
        "Other Income Expense": 7185810.0,
        "Other Non Operating Income Expenses": 7185810.0,
        "Gain On Sale Of Security": NaN,
        "Operating Income": -15028892.0,
        "Operating Expense": 15028892.0,
        "Research And Development": 8097793.0,
        "Selling General And Administration": 6931099.0,
        "General And Administrative Expense": 6931099.0,
        "Other Gand A": 6931099.0,
        "Total Revenue": 0.0,
        "Operating Revenue": 0.0
    },
    "2024-03-31": {
        "Tax Effect Of Unusual Items": NaN,
        "Tax Rate For Calcs": NaN,
        "Normalized EBITDA": NaN,
        "Total Unusual Items": NaN,
        "Total Unusual Items Excluding Goodwill": NaN,
        "Net Income From Continuing Operation Net Minority Interest": NaN,
        "Reconciled Depreciation": NaN,
        "EBITDA": NaN,
        "EBIT": NaN,
        "Net Interest Income": 0.0,
        "Interest Expense": 0.0,
        "Normalized Income": NaN,
        "Net Income From Continuing And Discontinued Operation": NaN,
        "Total Expenses": NaN,
        "Total Operating Income As Reported": NaN,
        "Diluted Average Shares": NaN,
        "Basic Average Shares": NaN,
        "Diluted EPS": NaN,
        "Basic EPS": NaN,
        "Diluted NI Availto Com Stockholders": NaN,
        "Net Income Common Stockholders": NaN,
        "Net Income": NaN,
        "Minority Interests": NaN,
        "Net Income Including Noncontrolling Interests": NaN,
        "Net Income Continuous Operations": NaN,
        "Tax Provision": NaN,
        "Pretax Income": NaN,
        "Other Income Expense": NaN,
        "Other Non Operating Income Expenses": NaN,
        "Gain On Sale Of Security": NaN,
        "Net Non Operating Interest Income Expense": 0.0,
        "Interest Expense Non Operating": 0.0,
        "Operating Income": NaN,
        "Operating Expense": NaN,
        "Research And Development": NaN,
        "Selling General And Administration": NaN,
        "General And Administrative Expense": NaN,
        "Other Gand A": NaN,
        "Total Revenue": NaN,
        "Operating Revenue": NaN
    },
    "2024-06-30": {
        "Tax Effect Of Unusual Items": NaN,
        "Tax Rate For Calcs": NaN,
        "Normalized EBITDA": NaN,
        "Total Unusual Items": 343000.0,
        "Total Unusual Items Excluding Goodwill": 343000.0,
        "Net Income From Continuing Operation Net Minority Interest": NaN,
        "Reconciled Depreciation": NaN,
        "EBITDA": NaN,
        "EBIT": NaN,
        "Net Interest Income": 0.0,
        "Interest Expense": 0.0,
        "Normalized Income": NaN,
        "Net Income From Continuing And Discontinued Operation": NaN,
        "Total Expenses": NaN,
        "Total Operating Income As Reported": NaN,
        "Diluted Average Shares": NaN,
        "Basic Average Shares": NaN,
        "Diluted EPS": NaN,
        "Basic EPS": NaN,
        "Diluted NI Availto Com Stockholders": NaN,
        "Net Income Common Stockholders": NaN,
        "Net Income": NaN,
        "Minority Interests": NaN,
        "Net Income Including Noncontrolling Interests": NaN,
        "Net Income Continuous Operations": NaN,
        "Tax Provision": NaN,
        "Pretax Income": NaN,
        "Other Income Expense": NaN,
        "Other Non Operating Income Expenses": NaN,
        "Gain On Sale Of Security": 343000.0,
        "Net Non Operating Interest Income Expense": 0.0,
        "Interest Expense Non Operating": 0.0,
        "Operating Income": NaN,
        "Operating Expense": NaN,
        "Research And Development": NaN,
        "Selling General And Administration": NaN,
        "General And Administrative Expense": NaN,
        "Other Gand A": NaN,
        "Total Revenue": NaN,
        "Operating Revenue": NaN
    },
    "2024-09-30": {
        "Tax Effect Of Unusual Items": 0.0,
        "Tax Rate For Calcs": 0.085,
        "Normalized EBITDA": -35671000.0,
        "Total Unusual Items": -26746.0,
        "Total Unusual Items Excluding Goodwill": -26746.0,
        "Net Income From Continuing Operation Net Minority Interest": -35390000.0,
        "Reconciled Depreciation": 351000.0,
        "EBITDA": -35671000.0,
        "EBIT": -36022000.0,
        "Net Interest Income": NaN,
        "Interest Expense": NaN,
        "Normalized Income": -35390000.0,
        "Net Income From Continuing And Discontinued Operation": -35390000.0,
        "Total Expenses": 43112000.0,
        "Total Operating Income As Reported": -43112000.0,
        "Diluted Average Shares": 62896782.0,
        "Basic Average Shares": 62896782.0,
        "Diluted EPS": -0.56,
        "Basic EPS": -0.56,
        "Diluted NI Availto Com Stockholders": -35390000.0,
        "Net Income Common Stockholders": -35390000.0,
        "Net Income": -35390000.0,
        "Minority Interests": 724000.0,
        "Net Income Including Noncontrolling Interests": -36114000.0,
        "Net Income Continuous Operations": -36114000.0,
        "Tax Provision": 92000.0,
        "Pretax Income": -36022000.0,
        "Other Income Expense": 7090000.0,
        "Other Non Operating Income Expenses": 7090000.0,
        "Gain On Sale Of Security": -26746.0,
        "Net Non Operating Interest Income Expense": NaN,
        "Interest Expense Non Operating": NaN,
        "Operating Income": -43112000.0,
        "Operating Expense": 43112000.0,
        "Research And Development": 35736000.0,
        "Selling General And Administration": 7376000.0,
        "General And Administrative Expense": 7376000.0,
        "Other Gand A": 7376000.0,
        "Total Revenue": 0.0,
        "Operating Revenue": 0.0
    },
    "2024-12-31": {
        "Tax Effect Of Unusual Items": 0.0,
        "Tax Rate For Calcs": 0.085,
        "Normalized EBITDA": -48279083.0,
        "Total Unusual Items": NaN,
        "Total Unusual Items Excluding Goodwill": NaN,
        "Net Income From Continuing Operation Net Minority Interest": -45604512.0,
        "Reconciled Depreciation": 1301289.0,
        "EBITDA": -48279083.0,
        "EBIT": -49580372.0,
        "Net Interest Income": NaN,
        "Interest Expense": NaN,
        "Normalized Income": -45604512.0,
        "Net Income From Continuing And Discontinued Operation": -45604512.0,
        "Total Expenses": 49580372.0,
        "Total Operating Income As Reported": -49580372.0,
        "Diluted Average Shares": 63069833.0,
        "Basic Average Shares": 63069833.0,
        "Diluted EPS": -0.72,
        "Basic EPS": -0.72,
        "Diluted NI Availto Com Stockholders": -45604512.0,
        "Net Income Common Stockholders": -45604512.0,
        "Net Income": -45604512.0,
        "Minority Interests": 791189.0,
        "Net Income Including Noncontrolling Interests": -46395701.0,
        "Net Income Continuous Operations": -46395701.0,
        "Tax Provision": 41140.0,
        "Pretax Income": -46354561.0,
        "Other Income Expense": 3225811.0,
        "Other Non Operating Income Expenses": 3100230.0,
        "Gain On Sale Of Security": NaN,
        "Net Non Operating Interest Income Expense": NaN,
        "Interest Expense Non Operating": NaN,
        "Operating Income": -49580372.0,
        "Operating Expense": 49580372.0,
        "Research And Development": 40359593.0,
        "Selling General And Administration": 9220779.0,
        "General And Administrative Expense": 9220779.0,
        "Other Gand A": 9220779.0,
        "Total Revenue": 0.0,
        "Operating Revenue": 0.0
    },
    "2025-03-31": {
        "Tax Effect Of Unusual Items": 0.0,
        "Tax Rate For Calcs": 0.085,
        "Normalized EBITDA": -40010000.0,
        "Total Unusual Items": NaN,
        "Total Unusual Items Excluding Goodwill": NaN,
        "Net Income From Continuing Operation Net Minority Interest": -39944000.0,
        "Reconciled Depreciation": 378000.0,
        "EBITDA": -40010000.0,
        "EBIT": -40388000.0,
        "Net Interest Income": -18000.0,
        "Interest Expense": 18000.0,
        "Normalized Income": -39944000.0,
        "Net Income From Continuing And Discontinued Operation": -39944000.0,
        "Total Expenses": 47485000.0,
        "Total Operating Income As Reported": -47485000.0,
        "Diluted Average Shares": 63233788.0,
        "Basic Average Shares": 63233788.0,
        "Diluted EPS": -0.63,
        "Basic EPS": -0.63,
        "Diluted NI Availto Com Stockholders": -39944000.0,
        "Net Income Common Stockholders": -39944000.0,
        "Net Income": -39944000.0,
        "Minority Interests": 615000.0,
        "Net Income Including Noncontrolling Interests": -40559000.0,
        "Net Income Continuous Operations": -40559000.0,
        "Tax Provision": 153000.0,
        "Pretax Income": -40406000.0,
        "Other Income Expense": 7097000.0,
        "Other Non Operating Income Expenses": 7097000.0,
        "Gain On Sale Of Security": NaN,
        "Net Non Operating Interest Income Expense": -18000.0,
        "Interest Expense Non Operating": 18000.0,
        "Operating Income": -47485000.0,
        "Operating Expense": 47485000.0,
        "Research And Development": 36459000.0,
        "Selling General And Administration": 11026000.0,
        "General And Administrative Expense": 11026000.0,
        "Other Gand A": 11026000.0,
        "Total Revenue": 0.0,
        "Operating Revenue": 0.0
    },
    "2025-06-30": {
        "Tax Effect Of Unusual Items": 32130.0,
        "Tax Rate For Calcs": 0.085,
        "Normalized EBITDA": -53555000.0,
        "Total Unusual Items": 378000.0,
        "Total Unusual Items Excluding Goodwill": 378000.0,
        "Net Income From Continuing Operation Net Minority Interest": -55220000.0,
        "Reconciled Depreciation": 742000.0,
        "EBITDA": -53177000.0,
        "EBIT": -53919000.0,
        "Net Interest Income": -2037000.0,
        "Interest Expense": 2037000.0,
        "Normalized Income": -55565870.0,
        "Net Income From Continuing And Discontinued Operation": -55220000.0,
        "Total Expenses": 60698000.0,
        "Total Operating Income As Reported": -60698000.0,
        "Diluted Average Shares": 63282728.0,
        "Basic Average Shares": 63282728.0,
        "Diluted EPS": -0.87,
        "Basic EPS": -0.87,
        "Diluted NI Availto Com Stockholders": -55220000.0,
        "Net Income Common Stockholders": -55220000.0,
        "Net Income": -55220000.0,
        "Minority Interests": 831000.0,
        "Net Income Including Noncontrolling Interests": -56051000.0,
        "Net Income Continuous Operations": -56051000.0,
        "Tax Provision": 95000.0,
        "Pretax Income": -55956000.0,
        "Other Income Expense": 6779000.0,
        "Other Non Operating Income Expenses": 6401000.0,
        "Gain On Sale Of Security": 378000.0,
        "Net Non Operating Interest Income Expense": -2037000.0,
        "Interest Expense Non Operating": 2037000.0,
        "Operating Income": -60698000.0,
        "Operating Expense": 60698000.0,
        "Research And Development": 49762000.0,
        "Selling General And Administration": 10936000.0,
        "General And Administrative Expense": 10936000.0,
        "Other Gand A": 10936000.0,
        "Total Revenue": 0.0,
        "Operating Revenue": 0.0
    },
    "2025-09-30": {
        "Tax Effect Of Unusual Items": 0.0,
        "Tax Rate For Calcs": 0.085,
        "Normalized EBITDA": -66636000.0,
        "Total Unusual Items": NaN,
        "Total Unusual Items Excluding Goodwill": NaN,
        "Net Income From Continuing Operation Net Minority Interest": -69729000.0,
        "Reconciled Depreciation": 745000.0,
        "EBITDA": -66636000.0,
        "EBIT": -67381000.0,
        "Net Interest Income": -3198000.0,
        "Interest Expense": 3198000.0,
        "Normalized Income": -69729000.0,
        "Net Income From Continuing And Discontinued Operation": -69729000.0,
        "Total Expenses": 71434000.0,
        "Total Operating Income As Reported": -71434000.0,
        "Diluted Average Shares": 63369984.0,
        "Basic Average Shares": 63369984.0,
        "Diluted EPS": -1.1,
        "Basic EPS": -1.1,
        "Diluted NI Availto Com Stockholders": -69729000.0,
        "Net Income Common Stockholders": -69729000.0,
        "Net Income": -69729000.0,
        "Minority Interests": 965000.0,
        "Net Income Including Noncontrolling Interests": -70694000.0,
        "Net Income Continuous Operations": -70694000.0,
        "Tax Provision": 115000.0,
        "Pretax Income": -70579000.0,
        "Other Income Expense": 4053000.0,
        "Other Non Operating Income Expenses": 4053000.0,
        "Gain On Sale Of Security": NaN,
        "Net Non Operating Interest Income Expense": -3198000.0,
        "Interest Expense Non Operating": 3198000.0,
        "Operating Income": -71434000.0,
        "Operating Expense": 71434000.0,
        "Research And Development": 60635000.0,
        "Selling General And Administration": 10799000.0,
        "General And Administrative Expense": 10799000.0,
        "Other Gand A": 10799000.0,
        "Total Revenue": 0.0,
        "Operating Revenue": 0.0
    }
}