{
    "2023-06-30": {
        "Tax Effect Of Unusual Items": 732000.0,
        "Tax Rate For Calcs": 0.244,
        "Normalized EBITDA": 1705000000.0,
        "Total Unusual Items": 3000000.0,
        "Total Unusual Items Excluding Goodwill": 3000000.0,
        "Net Income From Continuing Operation Net Minority Interest": 1035000000.0,
        "Reconciled Depreciation": 178000000.0,
        "Reconciled Cost Of Revenue": 3337000000.0,
        "EBITDA": 1708000000.0,
        "EBIT": 1530000000.0,
        "Net Interest Income": -136000000.0,
        "Interest Expense": 146000000.0,
        "Interest Income": 10000000.0,
        "Normalized Income": 1032732000.0,
        "Net Income From Continuing And Discontinued Operation": 1035000000.0,
        "Total Expenses": 4419000000.0,
        "Total Operating Income As Reported": 1457000000.0,
        "Diluted Average Shares": 499000000.0,
        "Basic Average Shares": 495000000.0,
        "Diluted EPS": 2.07,
        "Basic EPS": 2.09,
        "Diluted NI Availto Com Stockholders": 1035000000.0,
        "Net Income Common Stockholders": 1035000000.0,
        "Net Income": 1035000000.0,
        "Minority Interests": -12000000.0,
        "Net Income Including Noncontrolling Interests": 1047000000.0,
        "Net Income Continuous Operations": 1047000000.0,
        "Tax Provision": 337000000.0,
        "Pretax Income": 1384000000.0,
        "Other Income Expense": 63000000.0,
        "Other Non Operating Income Expenses": 60000000.0,
        "Gain On Sale Of Security": 3000000.0,
        "Net Non Operating Interest Income Expense": -136000000.0,
        "Interest Expense Non Operating": 146000000.0,
        "Interest Income Non Operating": 10000000.0,
        "Operating Income": 1457000000.0,
        "Operating Expense": 1082000000.0,
        "Other Operating Expenses": 1082000000.0,
        "Gross Profit": 2539000000.0,
        "Cost Of Revenue": 3337000000.0,
        "Total Revenue": 5876000000.0,
        "Operating Revenue": 5894000000.0
    },
    "2023-03-31": {
        "Tax Effect Of Unusual Items": 494000.0,
        "Tax Rate For Calcs": 0.247,
        "Normalized EBITDA": 1967000000.0,
        "Total Unusual Items": 2000000.0,
        "Total Unusual Items Excluding Goodwill": 2000000.0,
        "Net Income From Continuing Operation Net Minority Interest": 1235000000.0,
        "Reconciled Depreciation": 169000000.0,
        "Reconciled Cost Of Revenue": 3207000000.0,
        "EBITDA": 1969000000.0,
        "EBIT": 1800000000.0,
        "Net Interest Income": -122000000.0,
        "Interest Expense": 136000000.0,
        "Interest Income": 14000000.0,
        "Normalized Income": 1233494000.0,
        "Net Income From Continuing And Discontinued Operation": 1235000000.0,
        "Total Expenses": 4198000000.0,
        "Total Operating Income As Reported": 1726000000.0,
        "Diluted Average Shares": 500000000.0,
        "Basic Average Shares": 495000000.0,
        "Diluted EPS": 2.47,
        "Basic EPS": 2.5,
        "Diluted NI Availto Com Stockholders": 1235000000.0,
        "Net Income Common Stockholders": 1235000000.0,
        "Net Income": 1235000000.0,
        "Minority Interests": -17000000.0,
        "Net Income Including Noncontrolling Interests": 1252000000.0,
        "Net Income Continuous Operations": 1252000000.0,
        "Tax Provision": 412000000.0,
        "Pretax Income": 1664000000.0,
        "Other Income Expense": 60000000.0,
        "Other Non Operating Income Expenses": 58000000.0,
        "Gain On Sale Of Security": 2000000.0,
        "Net Non Operating Interest Income Expense": -122000000.0,
        "Interest Expense Non Operating": 136000000.0,
        "Interest Income Non Operating": 14000000.0,
        "Operating Income": 1726000000.0,
        "Operating Expense": 991000000.0,
        "Other Operating Expenses": 991000000.0,
        "Gross Profit": 2717000000.0,
        "Cost Of Revenue": 3207000000.0,
        "Total Revenue": 5924000000.0,
        "Operating Revenue": 5937000000.0
    },
    "2022-12-31": {
        "Tax Effect Of Unusual Items": -1389885.807504,
        "Tax Rate For Calcs": 0.231648,
        "Normalized EBITDA": 948000000.0,
        "Total Unusual Items": -6000000.0,
        "Total Unusual Items Excluding Goodwill": -6000000.0,
        "Net Income From Continuing Operation Net Minority Interest": 466000000.0,
        "Reconciled Depreciation": 202000000.0,
        "Reconciled Cost Of Revenue": 3038000000.0,
        "EBITDA": 942000000.0,
        "EBIT": 740000000.0,
        "Net Interest Income": -118000000.0,
        "Interest Expense": 127000000.0,
        "Interest Income": 9000000.0,
        "Normalized Income": 470610114.192496,
        "Net Income From Continuing And Discontinued Operation": 466000000.0,
        "Total Expenses": 4342000000.0,
        "Total Operating Income As Reported": 680000000.0,
        "Diluted Average Shares": 501000000.0,
        "Basic Average Shares": 496000000.0,
        "Diluted EPS": 0.93,
        "Basic EPS": 0.94,
        "Diluted NI Availto Com Stockholders": 466000000.0,
        "Net Income Common Stockholders": 466000000.0,
        "Net Income": 466000000.0,
        "Minority Interests": -5000000.0,
        "Net Income Including Noncontrolling Interests": 471000000.0,
        "Net Income Continuous Operations": 471000000.0,
        "Tax Provision": 142000000.0,
        "Pretax Income": 613000000.0,
        "Other Income Expense": 51000000.0,
        "Other Non Operating Income Expenses": 57000000.0,
        "Gain On Sale Of Security": -6000000.0,
        "Net Non Operating Interest Income Expense": -118000000.0,
        "Interest Expense Non Operating": 127000000.0,
        "Interest Income Non Operating": 9000000.0,
        "Operating Income": 680000000.0,
        "Operating Expense": 1304000000.0,
        "Other Operating Expenses": 1304000000.0,
        "Gross Profit": 1984000000.0,
        "Cost Of Revenue": 3038000000.0,
        "Total Revenue": 5022000000.0,
        "Operating Revenue": 5039000000.0
    },
    "2022-09-30": {
        "Tax Effect Of Unusual Items": -246000.0,
        "Tax Rate For Calcs": 0.246,
        "Normalized EBITDA": 1021000000.0,
        "Total Unusual Items": -1000000.0,
        "Total Unusual Items Excluding Goodwill": -1000000.0,
        "Net Income From Continuing Operation Net Minority Interest": 546000000.0,
        "Reconciled Depreciation": 169000000.0,
        "Reconciled Cost Of Revenue": 2923000000.0,
        "EBITDA": 1020000000.0,
        "EBIT": 851000000.0,
        "Net Interest Income": -114000000.0,
        "Interest Expense": 118000000.0,
        "Interest Income": 4000000.0,
        "Normalized Income": 546754000.0,
        "Net Income From Continuing And Discontinued Operation": 546000000.0,
        "Total Expenses": 3979000000.0,
        "Total Operating Income As Reported": 791000000.0,
        "Diluted Average Shares": 503000000.0,
        "Basic Average Shares": 498000000.0,
        "Diluted EPS": 1.08,
        "Basic EPS": 1.1,
        "Diluted NI Availto Com Stockholders": 546000000.0,
        "Net Income Common Stockholders": 546000000.0,
        "Net Income": 546000000.0,
        "Minority Interests": -6000000.0,
        "Net Income Including Noncontrolling Interests": 552000000.0,
        "Net Income Continuous Operations": 552000000.0,
        "Tax Provision": 181000000.0,
        "Pretax Income": 733000000.0,
        "Other Income Expense": 56000000.0,
        "Other Non Operating Income Expenses": 57000000.0,
        "Gain On Sale Of Security": -1000000.0,
        "Net Non Operating Interest Income Expense": -114000000.0,
        "Interest Expense Non Operating": 118000000.0,
        "Interest Income Non Operating": 4000000.0,
        "Operating Income": 791000000.0,
        "Operating Expense": 1056000000.0,
        "Other Operating Expenses": 1056000000.0,
        "Gross Profit": 1847000000.0,
        "Cost Of Revenue": 2923000000.0,
        "Total Revenue": 4770000000.0,
        "Operating Revenue": 4789000000.0
    },
    "2022-06-30": {
        "Tax Effect Of Unusual Items": 510000.0,
        "Tax Rate For Calcs": 0.255,
        "Normalized EBITDA": 1592000000.0,
        "Total Unusual Items": 2000000.0,
        "Total Unusual Items Excluding Goodwill": 2000000.0,
        "Net Income From Continuing Operation Net Minority Interest": 967000000.0,
        "Reconciled Depreciation": 168000000.0,
        "Reconciled Cost Of Revenue": 3010000000.0,
        "EBITDA": 1594000000.0,
        "EBIT": 1426000000.0,
        "Net Interest Income": -113000000.0,
        "Interest Expense": 114000000.0,
        "Interest Income": 1000000.0,
        "Normalized Income": 965510000.0,
        "Net Income From Continuing And Discontinued Operation": 967000000.0,
        "Total Expenses": 4015000000.0,
        "Total Operating Income As Reported": 1364000000.0,
        "Diluted Average Shares": 506000000.0,
        "Basic Average Shares": 501000000.0,
        "Diluted EPS": 1.91,
        "Basic EPS": 1.93,
        "Diluted NI Availto Com Stockholders": 967000000.0,
        "Net Income Common Stockholders": 967000000.0,
        "Net Income": 967000000.0,
        "Minority Interests": -11000000.0,
        "Net Income Including Noncontrolling Interests": 978000000.0,
        "Net Income Continuous Operations": 978000000.0,
        "Tax Provision": 334000000.0,
        "Pretax Income": 1312000000.0,
        "Other Income Expense": 61000000.0,
        "Other Non Operating Income Expenses": 59000000.0,
        "Gain On Sale Of Security": 2000000.0,
        "Net Non Operating Interest Income Expense": -113000000.0,
        "Interest Expense Non Operating": 114000000.0,
        "Interest Income Non Operating": 1000000.0,
        "Operating Income": 1364000000.0,
        "Operating Expense": 1005000000.0,
        "Other Operating Expenses": 1005000000.0,
        "Gross Profit": 2369000000.0,
        "Cost Of Revenue": 3010000000.0,
        "Total Revenue": 5379000000.0,
        "Operating Revenue": 5397000000.0
    },
    "2022-03-31": {
        "Diluted EPS": 2.1,
        "Total Revenue": NaN,
        "Gross Profit": NaN,
        "Operating Income": NaN,
        "EBIT": NaN,
        "Net Income": NaN
    },
    "2021-12-31": {
        "Diluted EPS": 1.57,
        "Total Revenue": NaN,
        "Gross Profit": NaN,
        "Operating Income": 986,
        "EBIT": NaN,
        "Net Income": 803
    },
    "2021-09-30": {
        "Diluted EPS": 1.05,
        "Total Revenue": NaN,
        "Gross Profit": NaN,
        "Operating Income": 740,
        "EBIT": 919,
        "Net Income": 537
    },
    "2021-06-30": {
        "Diluted EPS": 1.6,
        "Total Revenue": NaN,
        "Gross Profit": NaN,
        "Operating Income": NaN,
        "EBIT": NaN,
        "Net Income": 820
    },
    "2021-03-31": {
        "Diluted EPS": 1.91,
        "Total Revenue": NaN,
        "Gross Profit": NaN,
        "Operating Income": NaN,
        "EBIT": NaN,
        "Net Income": 983
    },
    "2020-12-31": {
        "Diluted EPS": 0.72,
        "Total Revenue": NaN,
        "Gross Profit": NaN,
        "Operating Income": 571,
        "EBIT": 765,
        "Net Income": 374
    },
    "2020-09-30": {
        "Diluted EPS": 0.62,
        "Total Revenue": NaN,
        "Gross Profit": NaN,
        "Operating Income": 540,
        "EBIT": 725,
        "Net Income": 316
    },
    "2020-06-30": {
        "Diluted EPS": 1.12,
        "Total Revenue": NaN,
        "Gross Profit": NaN,
        "Operating Income": 885,
        "EBIT": NaN,
        "Net Income": 572
    },
    "2020-03-31": {
        "Diluted EPS": 1.48,
        "Total Revenue": NaN,
        "Gross Profit": NaN,
        "Operating Income": NaN,
        "EBIT": NaN,
        "Net Income": 754
    },
    "2019-12-31": {
        "Diluted EPS": 0.77,
        "Total Revenue": NaN,
        "Gross Profit": NaN,
        "Operating Income": 592,
        "EBIT": 759,
        "Net Income": 391
    },
    "2019-09-30": {
        "Diluted EPS": 0.59,
        "Total Revenue": NaN,
        "Gross Profit": NaN,
        "Operating Income": 467,
        "EBIT": 637,
        "Net Income": 303
    },
    "2019-06-30": {
        "Diluted EPS": 0.65,
        "Total Revenue": NaN,
        "Gross Profit": NaN,
        "Operating Income": 680,
        "EBIT": 865,
        "Net Income": 332
    },
    "2019-03-31": {
        "Diluted EPS": 1.4,
        "Total Revenue": NaN,
        "Gross Profit": NaN,
        "Operating Income": 938,
        "EBIT": NaN,
        "Net Income": 716
    },
    "2018-12-31": {
        "Diluted EPS": 0.31,
        "Total Revenue": NaN,
        "Gross Profit": NaN,
        "Operating Income": 621,
        "EBIT": 744,
        "Net Income": 153
    },
    "2018-09-30": {
        "Diluted EPS": 0.54,
        "Total Revenue": NaN,
        "Gross Profit": NaN,
        "Operating Income": 541,
        "EBIT": 665,
        "Net Income": 276
    },
    "2018-06-30": {
        "Diluted EPS": 1.04,
        "Total Revenue": NaN,
        "Gross Profit": NaN,
        "Operating Income": 691,
        "EBIT": 813,
        "Net Income": 531
    },
    "2018-03-31": {
        "Diluted EPS": 1.34,
        "Total Revenue": NaN,
        "Gross Profit": NaN,
        "Operating Income": 908,
        "EBIT": NaN,
        "Net Income": 690
    },
    "2017-12-31": {
        "Diluted EPS": 0.06,
        "Total Revenue": NaN,
        "Gross Profit": NaN,
        "Operating Income": 670,
        "EBIT": 795,
        "Net Income": 29
    },
    "2017-09-30": {
        "Diluted EPS": 0.76,
        "Total Revenue": NaN,
        "Gross Profit": NaN,
        "Operating Income": 535,
        "EBIT": 655,
        "Net Income": 393
    },
    "2017-06-30": {
        "Diluted EPS": 0.96,
        "Total Revenue": NaN,
        "Gross Profit": NaN,
        "Operating Income": 701,
        "EBIT": 817,
        "Net Income": 501
    },
    "2017-03-31": {
        "Diluted EPS": 1.09,
        "Total Revenue": NaN,
        "Gross Profit": NaN,
        "Operating Income": 749,
        "EBIT": 869,
        "Net Income": 569
    },
    "2016-12-31": {
        "Diluted EPS": 0.84,
        "Total Revenue": NaN,
        "Gross Profit": NaN,
        "Operating Income": 400,
        "EBIT": 508,
        "Net Income": 436
    },
    "2016-09-30": {
        "Diluted EPS": 0.73,
        "Total Revenue": NaN,
        "Gross Profit": NaN,
        "Operating Income": 572,
        "EBIT": 681,
        "Net Income": 379
    },
    "2016-06-30": {
        "Diluted EPS": 0.9,
        "Total Revenue": NaN,
        "Gross Profit": NaN,
        "Operating Income": 726,
        "EBIT": 836,
        "Net Income": 472
    },
    "2016-03-31": {
        "Diluted EPS": 0.91,
        "Total Revenue": NaN,
        "Gross Profit": NaN,
        "Operating Income": 733,
        "EBIT": 844,
        "Net Income": 481
    },
    "2015-12-31": {
        "Diluted EPS": 0.72,
        "Total Revenue": NaN,
        "Gross Profit": NaN,
        "Operating Income": 594,
        "EBIT": 705,
        "Net Income": 375
    },
    "2015-09-30": {
        "Diluted EPS": 0.61,
        "Total Revenue": NaN,
        "Gross Profit": NaN,
        "Operating Income": 461,
        "EBIT": 569,
        "Net Income": 323
    },
    "2015-06-30": {
        "Diluted EPS": 0.77,
        "Total Revenue": NaN,
        "Gross Profit": NaN,
        "Operating Income": 629,
        "EBIT": 732,
        "Net Income": 419
    },
    "2015-03-31": {
        "Diluted EPS": 0.88,
        "Total Revenue": NaN,
        "Gross Profit": NaN,
        "Operating Income": 735,
        "EBIT": 836,
        "Net Income": 482
    },
    "2014-12-31": {
        "Diluted EPS": 0.54,
        "Total Revenue": NaN,
        "Gross Profit": NaN,
        "Operating Income": 536,
        "EBIT": 635,
        "Net Income": 294
    },
    "2014-09-30": {
        "Diluted EPS": 0.54,
        "Total Revenue": NaN,
        "Gross Profit": NaN,
        "Operating Income": 445,
        "EBIT": 543,
        "Net Income": 297
    },
    "2014-06-30": {
        "Diluted EPS": 0.77,
        "Total Revenue": NaN,
        "Gross Profit": NaN,
        "Operating Income": 647,
        "EBIT": 741,
        "Net Income": 431
    },
    "2014-03-31": {
        "Diluted EPS": 0.8,
        "Total Revenue": NaN,
        "Gross Profit": NaN,
        "Operating Income": 673,
        "EBIT": 770,
        "Net Income": 443
    },
    "2013-12-31": {
        "Diluted EPS": 0.55,
        "Total Revenue": NaN,
        "Gross Profit": NaN,
        "Operating Income": 489,
        "EBIT": 581,
        "Net Income": 303
    },
    "2013-09-30": {
        "Diluted EPS": 0.45,
        "Total Revenue": NaN,
        "Gross Profit": NaN,
        "Operating Income": 404,
        "EBIT": 493,
        "Net Income": 253
    },
    "2013-06-30": {
        "Diluted EPS": 0.69,
        "Total Revenue": NaN,
        "Gross Profit": NaN,
        "Operating Income": 577,
        "EBIT": 667,
        "Net Income": 388
    },
    "2013-03-31": {
        "Diluted EPS": 0.74,
        "Total Revenue": NaN,
        "Gross Profit": NaN,
        "Operating Income": 607,
        "EBIT": 694,
        "Net Income": 413
    },
    "2012-12-31": {
        "Diluted EPS": 0.47,
        "Total Revenue": NaN,
        "Gross Profit": NaN,
        "Operating Income": 406,
        "EBIT": 501,
        "Net Income": 259
    },
    "2012-09-30": {
        "Diluted EPS": 0.44,
        "Total Revenue": NaN,
        "Gross Profit": NaN,
        "Operating Income": 378,
        "EBIT": 465,
        "Net Income": 241
    },
    "2012-06-30": {
        "Diluted EPS": 0.59,
        "Total Revenue": NaN,
        "Gross Profit": NaN,
        "Operating Income": 518,
        "EBIT": 602,
        "Net Income": 329
    },
    "2012-03-31": {
        "Diluted EPS": 0.63,
        "Total Revenue": NaN,
        "Gross Profit": NaN,
        "Operating Income": 527,
        "EBIT": 610,
        "Net Income": 347
    },
    "2011-12-31": {
        "Diluted EPS": 0.47,
        "Total Revenue": NaN,
        "Gross Profit": NaN,
        "Operating Income": 391,
        "EBIT": 473,
        "Net Income": 262
    },
    "2011-09-30": {
        "Diluted EPS": 0.24,
        "Total Revenue": NaN,
        "Gross Profit": NaN,
        "Operating Income": 310,
        "EBIT": 395,
        "Net Income": 129
    },
    "2011-06-30": {
        "Diluted EPS": 0.5,
        "Total Revenue": NaN,
        "Gross Profit": NaN,
        "Operating Income": 465,
        "EBIT": 547,
        "Net Income": 280
    },
    "2011-03-31": {
        "Diluted EPS": 0.58,
        "Total Revenue": NaN,
        "Gross Profit": NaN,
        "Operating Income": 472,
        "EBIT": 555,
        "Net Income": 322
    },
    "2010-12-31": {
        "Diluted EPS": 0.37,
        "Total Revenue": NaN,
        "Gross Profit": NaN,
        "Operating Income": 325,
        "EBIT": 408,
        "Net Income": 195
    },
    "2010-09-30": {
        "Diluted EPS": 0.3,
        "Total Revenue": NaN,
        "Gross Profit": NaN,
        "Operating Income": 239,
        "EBIT": 323,
        "Net Income": 165
    },
    "2010-06-30": {
        "Diluted EPS": 0.43,
        "Total Revenue": NaN,
        "Gross Profit": NaN,
        "Operating Income": -50,
        "EBIT": 43,
        "Net Income": 236
    },
    "2010-03-31": {
        "Diluted EPS": 0.45,
        "Total Revenue": NaN,
        "Gross Profit": NaN,
        "Operating Income": 425,
        "EBIT": 522,
        "Net Income": 248
    },
    "2009-12-31": {
        "Diluted EPS": 0.05,
        "Total Revenue": NaN,
        "Gross Profit": NaN,
        "Operating Income": -35,
        "EBIT": 53,
        "Net Income": 19
    },
    "2009-09-30": {
        "Diluted EPS": 0.41,
        "Total Revenue": NaN,
        "Gross Profit": NaN,
        "Operating Income": 195,
        "EBIT": 289,
        "Net Income": 221
    },
    "2009-06-30": {
        "Diluted EPS": -0.37,
        "Total Revenue": NaN,
        "Gross Profit": NaN,
        "Operating Income": 294,
        "EBIT": 702,
        "Net Income": -193
    },
    "2009-03-31": {
        "Diluted EPS": 0.33,
        "Total Revenue": NaN,
        "Gross Profit": NaN,
        "Operating Income": 324,
        "EBIT": 414,
        "Net Income": 176
    },
    "2023-09-30": {
        "Tax Effect Of Unusual Items": 206000.0,
        "Tax Rate For Calcs": 0.206,
        "Normalized EBITDA": 1254000000.0,
        "Total Unusual Items": 1000000.0,
        "Total Unusual Items Excluding Goodwill": 1000000.0,
        "Net Income From Continuing Operation Net Minority Interest": 730000000.0,
        "Reconciled Depreciation": 180000000.0,
        "Reconciled Cost Of Revenue": 3287000000.0,
        "EBITDA": 1255000000.0,
        "EBIT": 1075000000.0,
        "Net Interest Income": -129000000.0,
        "Interest Expense": 145000000.0,
        "Interest Income": 16000000.0,
        "Normalized Income": 729206000.0,
        "Net Income From Continuing And Discontinued Operation": 730000000.0,
        "Total Expenses": 4386000000.0,
        "Total Operating Income As Reported": 996000000.0,
        "Diluted Average Shares": 499000000.0,
        "Basic Average Shares": 494000000.0,
        "Diluted EPS": 1.47,
        "Basic EPS": 1.48,
        "Diluted NI Availto Com Stockholders": 730000000.0,
        "Net Income Common Stockholders": 730000000.0,
        "Net Income": 730000000.0,
        "Minority Interests": -8000000.0,
        "Net Income Including Noncontrolling Interests": 738000000.0,
        "Net Income Continuous Operations": 738000000.0,
        "Tax Provision": 192000000.0,
        "Pretax Income": 930000000.0,
        "Other Income Expense": 63000000.0,
        "Other Non Operating Income Expenses": 62000000.0,
        "Gain On Sale Of Security": 1000000.0,
        "Net Non Operating Interest Income Expense": -129000000.0,
        "Interest Expense Non Operating": 145000000.0,
        "Interest Income Non Operating": 16000000.0,
        "Operating Income": 996000000.0,
        "Operating Expense": 1099000000.0,
        "Other Operating Expenses": 1099000000.0,
        "Gross Profit": 2095000000.0,
        "Cost Of Revenue": 3287000000.0,
        "Total Revenue": 5382000000.0,
        "Operating Revenue": 5396000000.0
    },
    "2023-12-31": {
        "Tax Effect Of Unusual Items": -270038.167939,
        "Tax Rate For Calcs": 0.270038,
        "Normalized EBITDA": 1386000000.0,
        "Total Unusual Items": -1000000.0,
        "Total Unusual Items Excluding Goodwill": -1000000.0,
        "Net Income From Continuing Operation Net Minority Interest": 756000000.0,
        "Reconciled Depreciation": 186000000.0,
        "Reconciled Cost Of Revenue": 3268000000.0,
        "EBITDA": 1385000000.0,
        "EBIT": 1199000000.0,
        "Net Interest Income": -113000000.0,
        "Interest Expense": 151000000.0,
        "Interest Income": 38000000.0,
        "Normalized Income": 756729961.832061,
        "Net Income From Continuing And Discontinued Operation": 756000000.0,
        "Total Expenses": 4451000000.0,
        "Total Operating Income As Reported": 1103000000.0,
        "Diluted Average Shares": 498000000.0,
        "Basic Average Shares": 493000000.0,
        "Diluted EPS": 1.52,
        "Basic EPS": 1.53,
        "Diluted NI Availto Com Stockholders": 756000000.0,
        "Net Income Common Stockholders": 756000000.0,
        "Net Income": 756000000.0,
        "Minority Interests": -9000000.0,
        "Net Income Including Noncontrolling Interests": 765000000.0,
        "Net Income Continuous Operations": 765000000.0,
        "Tax Provision": 283000000.0,
        "Pretax Income": 1048000000.0,
        "Other Income Expense": 58000000.0,
        "Other Non Operating Income Expenses": 59000000.0,
        "Gain On Sale Of Security": -1000000.0,
        "Net Non Operating Interest Income Expense": -113000000.0,
        "Interest Expense Non Operating": 151000000.0,
        "Interest Income Non Operating": 38000000.0,
        "Operating Income": 1103000000.0,
        "Operating Expense": 1183000000.0,
        "Other Operating Expenses": 1183000000.0,
        "Gross Profit": 2286000000.0,
        "Cost Of Revenue": 3268000000.0,
        "Total Revenue": 5554000000.0,
        "Operating Revenue": 5509000000.0
    },
    "2024-03-31": {
        "Tax Effect Of Unusual Items": 239000.0,
        "Tax Rate For Calcs": 0.239,
        "Normalized EBITDA": 2218000000.0,
        "Total Unusual Items": 1000000.0,
        "Total Unusual Items Excluding Goodwill": 1000000.0,
        "Net Income From Continuing Operation Net Minority Interest": 1400000000.0,
        "Reconciled Depreciation": 189000000.0,
        "Reconciled Cost Of Revenue": 3470000000.0,
        "EBITDA": 2219000000.0,
        "EBIT": 2030000000.0,
        "Net Interest Income": -122000000.0,
        "Interest Expense": 159000000.0,
        "Interest Income": 37000000.0,
        "Normalized Income": 1399239000.0,
        "Net Income From Continuing And Discontinued Operation": 1400000000.0,
        "Total Expenses": 4548000000.0,
        "Total Operating Income As Reported": 1925000000.0,
        "Diluted Average Shares": 497000000.0,
        "Basic Average Shares": 492000000.0,
        "Diluted EPS": 2.82,
        "Basic EPS": 2.84,
        "Diluted NI Availto Com Stockholders": 1400000000.0,
        "Net Income Common Stockholders": 1400000000.0,
        "Net Income": 1400000000.0,
        "Minority Interests": -24000000.0,
        "Net Income Including Noncontrolling Interests": 1424000000.0,
        "Net Income Continuous Operations": 1424000000.0,
        "Tax Provision": 447000000.0,
        "Pretax Income": 1871000000.0,
        "Other Income Expense": 68000000.0,
        "Other Non Operating Income Expenses": 67000000.0,
        "Gain On Sale Of Security": 1000000.0,
        "Net Non Operating Interest Income Expense": -122000000.0,
        "Interest Expense Non Operating": 159000000.0,
        "Interest Income Non Operating": 37000000.0,
        "Operating Income": 1925000000.0,
        "Operating Expense": 1078000000.0,
        "Other Operating Expenses": 1078000000.0,
        "Gross Profit": 3003000000.0,
        "Cost Of Revenue": 3470000000.0,
        "Total Revenue": 6473000000.0,
        "Operating Revenue": 6487000000.0
    },
    "2024-06-30": {
        "Tax Effect Of Unusual Items": 271000.0,
        "Tax Rate For Calcs": 0.271,
        "Normalized EBITDA": 1896000000.0,
        "Total Unusual Items": 1000000.0,
        "Total Unusual Items Excluding Goodwill": 1000000.0,
        "Net Income From Continuing Operation Net Minority Interest": 1125000000.0,
        "Reconciled Depreciation": 176000000.0,
        "Reconciled Cost Of Revenue": 3454000000.0,
        "EBITDA": 1897000000.0,
        "EBIT": 1721000000.0,
        "Net Interest Income": -144000000.0,
        "Interest Expense": 156000000.0,
        "Interest Income": 12000000.0,
        "Normalized Income": 1124271000.0,
        "Net Income From Continuing And Discontinued Operation": 1125000000.0,
        "Total Expenses": 4579000000.0,
        "Total Operating Income As Reported": 1642000000.0,
        "Diluted Average Shares": 496000000.0,
        "Basic Average Shares": 492000000.0,
        "Diluted EPS": 2.27,
        "Basic EPS": 2.28,
        "Diluted NI Availto Com Stockholders": 1125000000.0,
        "Net Income Common Stockholders": 1125000000.0,
        "Net Income": 1125000000.0,
        "Minority Interests": -15000000.0,
        "Net Income Including Noncontrolling Interests": 1140000000.0,
        "Net Income Continuous Operations": 1140000000.0,
        "Tax Provision": 425000000.0,
        "Pretax Income": 1565000000.0,
        "Other Income Expense": 67000000.0,
        "Other Non Operating Income Expenses": 66000000.0,
        "Gain On Sale Of Security": 1000000.0,
        "Net Non Operating Interest Income Expense": -144000000.0,
        "Interest Expense Non Operating": 156000000.0,
        "Interest Income Non Operating": 12000000.0,
        "Operating Income": 1642000000.0,
        "Operating Expense": 1125000000.0,
        "Other Operating Expenses": 1125000000.0,
        "Gross Profit": 2767000000.0,
        "Cost Of Revenue": 3454000000.0,
        "Total Revenue": 6221000000.0,
        "Operating Revenue": 6238000000.0
    },
    "2024-09-30": {
        "Tax Effect Of Unusual Items": 273000.0,
        "Tax Rate For Calcs": 0.273,
        "Normalized EBITDA": 1368000000.0,
        "Total Unusual Items": 1000000.0,
        "Total Unusual Items Excluding Goodwill": 1000000.0,
        "Net Income From Continuing Operation Net Minority Interest": 747000000.0,
        "Reconciled Depreciation": 180000000.0,
        "Reconciled Cost Of Revenue": 3442000000.0,
        "EBITDA": 1369000000.0,
        "EBIT": 1189000000.0,
        "Net Interest Income": -142000000.0,
        "Interest Expense": 154000000.0,
        "Interest Income": 12000000.0,
        "Normalized Income": 746273000.0,
        "Net Income From Continuing And Discontinued Operation": 747000000.0,
        "Total Expenses": 4589000000.0,
        "Total Operating Income As Reported": 1108000000.0,
        "Diluted Average Shares": 496000000.0,
        "Basic Average Shares": 492000000.0,
        "Diluted EPS": 1.51,
        "Basic EPS": 1.52,
        "Diluted NI Availto Com Stockholders": 747000000.0,
        "Net Income Common Stockholders": 747000000.0,
        "Net Income": 747000000.0,
        "Minority Interests": -5000000.0,
        "Net Income Including Noncontrolling Interests": 752000000.0,
        "Net Income Continuous Operations": 752000000.0,
        "Tax Provision": 283000000.0,
        "Pretax Income": 1035000000.0,
        "Other Income Expense": 69000000.0,
        "Other Non Operating Income Expenses": 68000000.0,
        "Gain On Sale Of Security": 1000000.0,
        "Net Non Operating Interest Income Expense": -142000000.0,
        "Interest Expense Non Operating": 154000000.0,
        "Interest Income Non Operating": 12000000.0,
        "Operating Income": 1108000000.0,
        "Operating Expense": 1147000000.0,
        "Other Operating Expenses": 1147000000.0,
        "Gross Profit": 2255000000.0,
        "Cost Of Revenue": 3442000000.0,
        "Total Revenue": 5697000000.0,
        "Operating Revenue": 5715000000.0
    },
    "2024-12-31": {
        "Tax Effect Of Unusual Items": 1855302.279485,
        "Tax Rate For Calcs": 0.206145,
        "Normalized EBITDA": 1432000000.0,
        "Total Unusual Items": 9000000.0,
        "Total Unusual Items Excluding Goodwill": 9000000.0,
        "Net Income From Continuing Operation Net Minority Interest": 788000000.0,
        "Reconciled Depreciation": 201000000.0,
        "Reconciled Cost Of Revenue": 3630000000.0,
        "EBITDA": 1441000000.0,
        "EBIT": 1240000000.0,
        "Net Interest Income": -209000000.0,
        "Interest Expense": 231000000.0,
        "Interest Income": 22000000.0,
        "Normalized Income": 780855302.279485,
        "Net Income From Continuing And Discontinued Operation": 788000000.0,
        "Total Expenses": 4925000000.0,
        "Total Operating Income As Reported": 1142000000.0,
        "Diluted Average Shares": 496000000.0,
        "Basic Average Shares": 491000000.0,
        "Diluted EPS": 1.59,
        "Basic EPS": 1.6,
        "Diluted NI Availto Com Stockholders": 788000000.0,
        "Net Income Common Stockholders": 788000000.0,
        "Net Income": 788000000.0,
        "Minority Interests": -13000000.0,
        "Net Income Including Noncontrolling Interests": 801000000.0,
        "Net Income Continuous Operations": 801000000.0,
        "Tax Provision": 208000000.0,
        "Pretax Income": 1009000000.0,
        "Other Income Expense": 76000000.0,
        "Other Non Operating Income Expenses": 67000000.0,
        "Gain On Sale Of Security": 9000000.0,
        "Net Non Operating Interest Income Expense": -209000000.0,
        "Interest Expense Non Operating": 231000000.0,
        "Interest Income Non Operating": 22000000.0,
        "Operating Income": 1142000000.0,
        "Operating Expense": 1295000000.0,
        "Other Operating Expenses": 1295000000.0,
        "Gross Profit": 2437000000.0,
        "Cost Of Revenue": 3630000000.0,
        "Total Revenue": 6067000000.0,
        "Operating Revenue": 6088000000.0
    },
    "2025-03-31": {
        "Tax Effect Of Unusual Items": 1135000.0,
        "Tax Rate For Calcs": 0.227,
        "Normalized EBITDA": 2294000000.0,
        "Total Unusual Items": 5000000.0,
        "Total Unusual Items Excluding Goodwill": 5000000.0,
        "Net Income From Continuing Operation Net Minority Interest": 1381000000.0,
        "Reconciled Depreciation": 227000000.0,
        "Reconciled Cost Of Revenue": 3850000000.0,
        "EBITDA": 2299000000.0,
        "EBIT": 2072000000.0,
        "Net Interest Income": -226000000.0,
        "Interest Expense": 245000000.0,
        "Interest Income": 19000000.0,
        "Normalized Income": 1377135000.0,
        "Net Income From Continuing And Discontinued Operation": 1381000000.0,
        "Total Expenses": 5056000000.0,
        "Total Operating Income As Reported": 2005000000.0,
        "Diluted Average Shares": 495000000.0,
        "Basic Average Shares": 492000000.0,
        "Diluted EPS": 2.79,
        "Basic EPS": 2.81,
        "Diluted NI Availto Com Stockholders": 1381000000.0,
        "Net Income Common Stockholders": 1381000000.0,
        "Net Income": 1381000000.0,
        "Minority Interests": -31000000.0,
        "Net Income Including Noncontrolling Interests": 1412000000.0,
        "Net Income Continuous Operations": 1412000000.0,
        "Tax Provision": 415000000.0,
        "Pretax Income": 1827000000.0,
        "Other Income Expense": 48000000.0,
        "Other Non Operating Income Expenses": 43000000.0,
        "Gain On Sale Of Security": 5000000.0,
        "Net Non Operating Interest Income Expense": -226000000.0,
        "Interest Expense Non Operating": 245000000.0,
        "Interest Income Non Operating": 19000000.0,
        "Operating Income": 2005000000.0,
        "Operating Expense": 1206000000.0,
        "Other Operating Expenses": 1206000000.0,
        "Gross Profit": 3211000000.0,
        "Cost Of Revenue": 3850000000.0,
        "Total Revenue": 7061000000.0,
        "Operating Revenue": 7076000000.0
    },
    "2025-06-30": {
        "Tax Effect Of Unusual Items": 1764000.0,
        "Tax Rate For Calcs": 0.252,
        "Normalized EBITDA": 2113000000.0,
        "Total Unusual Items": 7000000.0,
        "Total Unusual Items Excluding Goodwill": 7000000.0,
        "Net Income From Continuing Operation Net Minority Interest": 1211000000.0,
        "Reconciled Depreciation": 231000000.0,
        "Reconciled Cost Of Revenue": 3895000000.0,
        "EBITDA": 2120000000.0,
        "EBIT": 1889000000.0,
        "Net Interest Income": -238000000.0,
        "Interest Expense": 243000000.0,
        "Interest Income": 5000000.0,
        "Normalized Income": 1205764000.0,
        "Net Income From Continuing And Discontinued Operation": 1211000000.0,
        "Total Expenses": 5145000000.0,
        "Total Operating Income As Reported": 1829000000.0,
        "Diluted Average Shares": 495000000.0,
        "Basic Average Shares": 492000000.0,
        "Diluted EPS": 2.45,
        "Basic EPS": 2.46,
        "Diluted NI Availto Com Stockholders": 1211000000.0,
        "Net Income Common Stockholders": 1211000000.0,
        "Net Income": 1211000000.0,
        "Minority Interests": -20000000.0,
        "Net Income Including Noncontrolling Interests": 1231000000.0,
        "Net Income Continuous Operations": 1231000000.0,
        "Tax Provision": 415000000.0,
        "Pretax Income": 1646000000.0,
        "Other Income Expense": 55000000.0,
        "Other Non Operating Income Expenses": 48000000.0,
        "Gain On Sale Of Security": 7000000.0,
        "Net Non Operating Interest Income Expense": -238000000.0,
        "Interest Expense Non Operating": 243000000.0,
        "Interest Income Non Operating": 5000000.0,
        "Operating Income": 1829000000.0,
        "Operating Expense": 1250000000.0,
        "Other Operating Expenses": 1250000000.0,
        "Gross Profit": 3079000000.0,
        "Cost Of Revenue": 3895000000.0,
        "Total Revenue": 6974000000.0,
        "Operating Revenue": 6996000000.0
    },
    "2025-09-30": {
        "Tax Effect Of Unusual Items": 3765000.0,
        "Tax Rate For Calcs": 0.251,
        "Normalized EBITDA": 1456000000.0,
        "Total Unusual Items": 15000000.0,
        "Total Unusual Items Excluding Goodwill": 15000000.0,
        "Net Income From Continuing Operation Net Minority Interest": 747000000.0,
        "Reconciled Depreciation": 224000000.0,
        "Reconciled Cost Of Revenue": 3894000000.0,
        "EBITDA": 1471000000.0,
        "EBIT": 1247000000.0,
        "Net Interest Income": -227000000.0,
        "Interest Expense": 237000000.0,
        "Interest Income": 10000000.0,
        "Normalized Income": 735765000.0,
        "Net Income From Continuing And Discontinued Operation": 747000000.0,
        "Total Expenses": 5181000000.0,
        "Total Operating Income As Reported": 1170000000.0,
        "Diluted Average Shares": 494000000.0,
        "Basic Average Shares": 491000000.0,
        "Diluted EPS": 1.51,
        "Basic EPS": 1.52,
        "Diluted NI Availto Com Stockholders": 747000000.0,
        "Net Income Common Stockholders": 747000000.0,
        "Net Income": 747000000.0,
        "Minority Interests": -10000000.0,
        "Net Income Including Noncontrolling Interests": 757000000.0,
        "Net Income Continuous Operations": 757000000.0,
        "Tax Provision": 253000000.0,
        "Pretax Income": 1010000000.0,
        "Other Income Expense": 67000000.0,
        "Other Non Operating Income Expenses": 52000000.0,
        "Gain On Sale Of Security": 15000000.0,
        "Net Non Operating Interest Income Expense": -227000000.0,
        "Interest Expense Non Operating": 237000000.0,
        "Interest Income Non Operating": 10000000.0,
        "Operating Income": 1170000000.0,
        "Operating Expense": 1287000000.0,
        "Other Operating Expenses": 1287000000.0,
        "Gross Profit": 2457000000.0,
        "Cost Of Revenue": 3894000000.0,
        "Total Revenue": 6351000000.0,
        "Operating Revenue": 6372000000.0
    }
}