{
    "2023-03-31": {
        "Tax Effect Of Unusual Items": NaN,
        "Tax Rate For Calcs": NaN,
        "Normalized EBITDA": NaN,
        "Total Unusual Items": NaN,
        "Total Unusual Items Excluding Goodwill": NaN,
        "Net Income From Continuing Operation Net Minority Interest": NaN,
        "Reconciled Depreciation": NaN,
        "EBITDA": NaN,
        "EBIT": NaN,
        "Net Interest Income": NaN,
        "Interest Expense": NaN,
        "Interest Income": NaN,
        "Normalized Income": NaN,
        "Net Income From Continuing And Discontinued Operation": NaN,
        "Total Expenses": NaN,
        "Total Operating Income As Reported": NaN,
        "Diluted Average Shares": NaN,
        "Basic Average Shares": NaN,
        "Diluted EPS": NaN,
        "Basic EPS": NaN,
        "Diluted NI Availto Com Stockholders": NaN,
        "Average Dilution Earnings": NaN,
        "Net Income Common Stockholders": NaN,
        "Net Income": NaN,
        "Net Income Including Noncontrolling Interests": NaN,
        "Net Income Continuous Operations": NaN,
        "Pretax Income": NaN,
        "Other Income Expense": NaN,
        "Other Non Operating Income Expenses": NaN,
        "Special Income Charges": NaN,
        "Other Special Charges": NaN,
        "Gain On Sale Of Security": NaN,
        "Net Non Operating Interest Income Expense": NaN,
        "Total Other Finance Cost": -1284000.0,
        "Interest Expense Non Operating": NaN,
        "Interest Income Non Operating": NaN,
        "Operating Income": NaN,
        "Operating Expense": NaN,
        "Research And Development": NaN,
        "Selling General And Administration": NaN,
        "General And Administrative Expense": NaN,
        "Other Gand A": NaN,
        "Total Revenue": NaN,
        "Operating Revenue": NaN
    },
    "2022-12-31": {
        "Tax Effect Of Unusual Items": NaN,
        "Tax Rate For Calcs": NaN,
        "Normalized EBITDA": NaN,
        "Total Unusual Items": NaN,
        "Total Unusual Items Excluding Goodwill": NaN,
        "Net Income From Continuing Operation Net Minority Interest": NaN,
        "Reconciled Depreciation": NaN,
        "EBITDA": NaN,
        "EBIT": NaN,
        "Net Interest Income": NaN,
        "Interest Expense": NaN,
        "Interest Income": NaN,
        "Normalized Income": NaN,
        "Net Income From Continuing And Discontinued Operation": NaN,
        "Total Expenses": NaN,
        "Total Operating Income As Reported": NaN,
        "Diluted Average Shares": NaN,
        "Basic Average Shares": NaN,
        "Diluted EPS": NaN,
        "Basic EPS": NaN,
        "Diluted NI Availto Com Stockholders": NaN,
        "Average Dilution Earnings": NaN,
        "Net Income Common Stockholders": NaN,
        "Net Income": NaN,
        "Net Income Including Noncontrolling Interests": NaN,
        "Net Income Continuous Operations": NaN,
        "Tax Provision": 0.0,
        "Pretax Income": NaN,
        "Other Income Expense": NaN,
        "Other Non Operating Income Expenses": 1000.0,
        "Special Income Charges": NaN,
        "Other Special Charges": NaN,
        "Gain On Sale Of Security": NaN,
        "Net Non Operating Interest Income Expense": NaN,
        "Total Other Finance Cost": -1052000.0,
        "Interest Expense Non Operating": NaN,
        "Interest Income Non Operating": NaN,
        "Operating Income": NaN,
        "Operating Expense": NaN,
        "Research And Development": NaN,
        "Selling General And Administration": NaN,
        "General And Administrative Expense": NaN,
        "Other Gand A": NaN,
        "Total Revenue": NaN,
        "Operating Revenue": NaN
    },
    "2022-09-30": {
        "Tax Effect Of Unusual Items": NaN,
        "Tax Rate For Calcs": NaN,
        "Normalized EBITDA": NaN,
        "Total Unusual Items": NaN,
        "Total Unusual Items Excluding Goodwill": NaN,
        "Net Income From Continuing Operation Net Minority Interest": NaN,
        "Reconciled Depreciation": NaN,
        "EBITDA": NaN,
        "EBIT": NaN,
        "Net Interest Income": NaN,
        "Interest Expense": NaN,
        "Interest Income": 360000.0,
        "Normalized Income": NaN,
        "Net Income From Continuing And Discontinued Operation": NaN,
        "Total Expenses": NaN,
        "Total Operating Income As Reported": NaN,
        "Diluted Average Shares": 29296333.0,
        "Basic Average Shares": 29296333.0,
        "Diluted EPS": -0.56,
        "Basic EPS": -0.56,
        "Diluted NI Availto Com Stockholders": NaN,
        "Net Income Common Stockholders": NaN,
        "Net Income": NaN,
        "Net Income Including Noncontrolling Interests": NaN,
        "Net Income Continuous Operations": NaN,
        "Tax Provision": 0.0,
        "Pretax Income": NaN,
        "Other Income Expense": NaN,
        "Other Non Operating Income Expenses": NaN,
        "Gain On Sale Of Security": NaN,
        "Net Non Operating Interest Income Expense": NaN,
        "Total Other Finance Cost": -360000.0,
        "Interest Expense Non Operating": NaN,
        "Interest Income Non Operating": 360000.0,
        "Operating Income": NaN,
        "Operating Expense": NaN,
        "Research And Development": NaN,
        "Selling General And Administration": NaN,
        "General And Administrative Expense": NaN,
        "Other Gand A": NaN,
        "Total Revenue": NaN,
        "Operating Revenue": NaN
    },
    "2022-06-30": {
        "Tax Effect Of Unusual Items": 0.0,
        "Tax Rate For Calcs": 0.0,
        "Normalized EBITDA": -16034000.0,
        "Total Unusual Items": -89000.0,
        "Total Unusual Items Excluding Goodwill": -89000.0,
        "Net Income From Continuing Operation Net Minority Interest": -16957000.0,
        "Reconciled Depreciation": 820000.0,
        "EBITDA": -16123000.0,
        "EBIT": -16943000.0,
        "Net Interest Income": 82000.0,
        "Normalized Income": -16868000.0,
        "Net Income From Continuing And Discontinued Operation": -16957000.0,
        "Total Expenses": 16943000.0,
        "Total Operating Income As Reported": NaN,
        "Diluted Average Shares": 28242026.0,
        "Basic Average Shares": 28242026.0,
        "Diluted EPS": -0.6,
        "Basic EPS": -0.6,
        "Diluted NI Availto Com Stockholders": -16957000.0,
        "Net Income Common Stockholders": -16957000.0,
        "Net Income": -16957000.0,
        "Net Income Including Noncontrolling Interests": -16957000.0,
        "Net Income Continuous Operations": -16957000.0,
        "Tax Provision": 0.0,
        "Pretax Income": -16957000.0,
        "Other Income Expense": -96000.0,
        "Other Non Operating Income Expenses": -7000.0,
        "Gain On Sale Of Security": -89000.0,
        "Net Non Operating Interest Income Expense": 82000.0,
        "Total Other Finance Cost": -82000.0,
        "Operating Income": -16943000.0,
        "Operating Expense": 16943000.0,
        "Research And Development": 9326000.0,
        "Selling General And Administration": 7617000.0,
        "General And Administrative Expense": 7617000.0,
        "Other Gand A": 7617000.0,
        "Total Revenue": 0.0,
        "Operating Revenue": 0.0
    },
    "2022-03-31": {
        "Diluted EPS": -0.66,
        "Total Revenue": NaN,
        "Gross Profit": NaN,
        "Operating Income": -19,
        "EBIT": -18,
        "Net Income": -18
    },
    "2021-12-31": {
        "Diluted EPS": -0.54,
        "Total Revenue": NaN,
        "Gross Profit": NaN,
        "Operating Income": -18,
        "EBIT": -17,
        "Net Income": -17
    },
    "2021-09-30": {
        "Diluted EPS": -0.61,
        "Total Revenue": NaN,
        "Gross Profit": NaN,
        "Operating Income": -17,
        "EBIT": -16,
        "Net Income": -17
    },
    "2021-06-30": {
        "Diluted EPS": -1.65,
        "Total Revenue": NaN,
        "Gross Profit": NaN,
        "Operating Income": -45,
        "EBIT": -44,
        "Net Income": -45
    },
    "2021-03-31": {
        "Diluted EPS": -0.6,
        "Total Revenue": NaN,
        "Gross Profit": NaN,
        "Operating Income": -14,
        "EBIT": -14,
        "Net Income": -14
    },
    "2020-12-31": {
        "Diluted EPS": -0.15,
        "Total Revenue": NaN,
        "Gross Profit": NaN,
        "Operating Income": -15,
        "EBIT": -16,
        "Net Income": -14
    },
    "2020-09-30": {
        "Diluted EPS": -0.45,
        "Total Revenue": NaN,
        "Gross Profit": NaN,
        "Operating Income": -8,
        "EBIT": -7,
        "Net Income": -9
    },
    "2020-06-30": {
        "Diluted EPS": -0.3,
        "Total Revenue": NaN,
        "Gross Profit": NaN,
        "Operating Income": -6,
        "EBIT": -6,
        "Net Income": -6
    },
    "2020-03-31": {
        "Diluted EPS": -0.45,
        "Total Revenue": NaN,
        "Gross Profit": NaN,
        "Operating Income": -4,
        "EBIT": -4,
        "Net Income": -7
    },
    "2019-12-31": {
        "Diluted EPS": 0.0,
        "Total Revenue": NaN,
        "Gross Profit": NaN,
        "Operating Income": NaN,
        "EBIT": NaN,
        "Net Income": NaN
    },
    "2023-06-30": {
        "Tax Effect Of Unusual Items": NaN,
        "Tax Rate For Calcs": NaN,
        "Normalized EBITDA": NaN,
        "Total Unusual Items": NaN,
        "Total Unusual Items Excluding Goodwill": NaN,
        "Net Income From Continuing Operation Net Minority Interest": NaN,
        "Reconciled Depreciation": NaN,
        "EBITDA": NaN,
        "EBIT": NaN,
        "Net Interest Income": NaN,
        "Interest Expense": NaN,
        "Interest Income": NaN,
        "Normalized Income": NaN,
        "Net Income From Continuing And Discontinued Operation": NaN,
        "Total Expenses": NaN,
        "Total Operating Income As Reported": NaN,
        "Diluted Average Shares": NaN,
        "Basic Average Shares": NaN,
        "Diluted EPS": NaN,
        "Basic EPS": NaN,
        "Diluted NI Availto Com Stockholders": NaN,
        "Average Dilution Earnings": NaN,
        "Net Income Common Stockholders": NaN,
        "Net Income": NaN,
        "Net Income Including Noncontrolling Interests": NaN,
        "Net Income Continuous Operations": NaN,
        "Pretax Income": NaN,
        "Other Income Expense": NaN,
        "Other Non Operating Income Expenses": NaN,
        "Special Income Charges": 0.0,
        "Other Special Charges": NaN,
        "Gain On Sale Of Security": NaN,
        "Net Non Operating Interest Income Expense": NaN,
        "Total Other Finance Cost": -1311000.0,
        "Interest Expense Non Operating": NaN,
        "Interest Income Non Operating": NaN,
        "Operating Income": NaN,
        "Operating Expense": NaN,
        "Research And Development": NaN,
        "Selling General And Administration": NaN,
        "General And Administrative Expense": NaN,
        "Other Gand A": NaN,
        "Total Revenue": NaN,
        "Operating Revenue": NaN
    },
    "2023-09-30": {
        "Tax Effect Of Unusual Items": NaN,
        "Tax Rate For Calcs": NaN,
        "Normalized EBITDA": NaN,
        "Total Unusual Items": NaN,
        "Total Unusual Items Excluding Goodwill": NaN,
        "Net Income From Continuing Operation Net Minority Interest": NaN,
        "Reconciled Depreciation": NaN,
        "EBITDA": NaN,
        "EBIT": NaN,
        "Net Interest Income": NaN,
        "Interest Expense": 328000.0,
        "Interest Income": 1491000.0,
        "Normalized Income": NaN,
        "Net Income From Continuing And Discontinued Operation": NaN,
        "Total Expenses": NaN,
        "Total Operating Income As Reported": NaN,
        "Diluted Average Shares": 39720007.0,
        "Basic Average Shares": 39720007.0,
        "Diluted EPS": -0.45,
        "Basic EPS": -0.45,
        "Diluted NI Availto Com Stockholders": NaN,
        "Average Dilution Earnings": NaN,
        "Net Income Common Stockholders": NaN,
        "Net Income": NaN,
        "Net Income Including Noncontrolling Interests": NaN,
        "Net Income Continuous Operations": NaN,
        "Pretax Income": NaN,
        "Other Income Expense": NaN,
        "Other Non Operating Income Expenses": -51000.0,
        "Special Income Charges": 0.0,
        "Other Special Charges": NaN,
        "Gain On Sale Of Security": NaN,
        "Net Non Operating Interest Income Expense": NaN,
        "Total Other Finance Cost": NaN,
        "Interest Expense Non Operating": 328000.0,
        "Interest Income Non Operating": 1491000.0,
        "Operating Income": NaN,
        "Operating Expense": NaN,
        "Research And Development": NaN,
        "Selling General And Administration": NaN,
        "General And Administrative Expense": NaN,
        "Other Gand A": NaN,
        "Total Revenue": NaN,
        "Operating Revenue": NaN
    },
    "2023-12-31": {
        "Tax Effect Of Unusual Items": 0.0,
        "Tax Rate For Calcs": 0.0,
        "Normalized EBITDA": -18851000.0,
        "Total Unusual Items": -2564000.0,
        "Total Unusual Items Excluding Goodwill": -2564000.0,
        "Net Income From Continuing Operation Net Minority Interest": -23864000.0,
        "Reconciled Depreciation": 790000.0,
        "EBITDA": -21415000.0,
        "EBIT": -22205000.0,
        "Net Interest Income": 905000.0,
        "Interest Expense": NaN,
        "Interest Income": NaN,
        "Normalized Income": -21300000.0,
        "Net Income From Continuing And Discontinued Operation": -23864000.0,
        "Total Expenses": 22205000.0,
        "Total Operating Income As Reported": -22205000.0,
        "Diluted Average Shares": NaN,
        "Basic Average Shares": NaN,
        "Diluted EPS": NaN,
        "Basic EPS": NaN,
        "Diluted NI Availto Com Stockholders": -23864000.0,
        "Average Dilution Earnings": NaN,
        "Net Income Common Stockholders": -23864000.0,
        "Net Income": -23864000.0,
        "Net Income Including Noncontrolling Interests": -23864000.0,
        "Net Income Continuous Operations": -23864000.0,
        "Pretax Income": -23864000.0,
        "Other Income Expense": -2564000.0,
        "Other Non Operating Income Expenses": 0.0,
        "Special Income Charges": NaN,
        "Other Special Charges": NaN,
        "Gain On Sale Of Security": -2564000.0,
        "Net Non Operating Interest Income Expense": 905000.0,
        "Total Other Finance Cost": NaN,
        "Interest Expense Non Operating": NaN,
        "Interest Income Non Operating": NaN,
        "Operating Income": -22205000.0,
        "Operating Expense": 22205000.0,
        "Research And Development": 11546000.0,
        "Selling General And Administration": 10659000.0,
        "General And Administrative Expense": 10659000.0,
        "Other Gand A": 10659000.0,
        "Total Revenue": 0.0,
        "Operating Revenue": 0.0
    },
    "2024-03-31": {
        "Tax Effect Of Unusual Items": 0.0,
        "Tax Rate For Calcs": 0.0,
        "Normalized EBITDA": -20021000.0,
        "Total Unusual Items": -33418000.0,
        "Total Unusual Items Excluding Goodwill": -33418000.0,
        "Net Income From Continuing Operation Net Minority Interest": -54400000.0,
        "Reconciled Depreciation": 527000.0,
        "EBITDA": -53439000.0,
        "EBIT": -53966000.0,
        "Net Interest Income": 1222000.0,
        "Interest Expense": 434000.0,
        "Interest Income": 1656000.0,
        "Normalized Income": -20982000.0,
        "Net Income From Continuing And Discontinued Operation": -54400000.0,
        "Total Expenses": 22204000.0,
        "Total Operating Income As Reported": -22204000.0,
        "Diluted Average Shares": 47860757.0,
        "Basic Average Shares": 47860757.0,
        "Diluted EPS": -1.14,
        "Basic EPS": -1.14,
        "Diluted NI Availto Com Stockholders": -54400000.0,
        "Average Dilution Earnings": NaN,
        "Net Income Common Stockholders": -54400000.0,
        "Net Income": -54400000.0,
        "Net Income Including Noncontrolling Interests": -54400000.0,
        "Net Income Continuous Operations": -54400000.0,
        "Pretax Income": -54400000.0,
        "Other Income Expense": -33418000.0,
        "Other Non Operating Income Expenses": NaN,
        "Special Income Charges": NaN,
        "Other Special Charges": NaN,
        "Gain On Sale Of Security": -33418000.0,
        "Net Non Operating Interest Income Expense": 1222000.0,
        "Total Other Finance Cost": NaN,
        "Interest Expense Non Operating": 434000.0,
        "Interest Income Non Operating": 1656000.0,
        "Operating Income": -22204000.0,
        "Operating Expense": 22204000.0,
        "Research And Development": 11705000.0,
        "Selling General And Administration": 10499000.0,
        "General And Administrative Expense": 10499000.0,
        "Other Gand A": 10499000.0,
        "Total Revenue": 0.0,
        "Operating Revenue": 0.0
    },
    "2024-06-30": {
        "Tax Effect Of Unusual Items": 0.0,
        "Tax Rate For Calcs": 0.0,
        "Normalized EBITDA": -21342000.0,
        "Total Unusual Items": 15954000.0,
        "Total Unusual Items Excluding Goodwill": 15954000.0,
        "Net Income From Continuing Operation Net Minority Interest": -5854000.0,
        "Reconciled Depreciation": 0.0,
        "EBITDA": -5388000.0,
        "EBIT": -5388000.0,
        "Net Interest Income": 2650000.0,
        "Interest Expense": 466000.0,
        "Interest Income": 3116000.0,
        "Normalized Income": -21808000.0,
        "Net Income From Continuing And Discontinued Operation": -5854000.0,
        "Total Expenses": 24458000.0,
        "Total Operating Income As Reported": -24458000.0,
        "Diluted Average Shares": 75304101.0,
        "Basic Average Shares": 71912323.0,
        "Diluted EPS": -0.26,
        "Basic EPS": -0.08,
        "Diluted NI Availto Com Stockholders": -19299000.0,
        "Average Dilution Earnings": -13445000.0,
        "Net Income Common Stockholders": -5854000.0,
        "Net Income": -5854000.0,
        "Net Income Including Noncontrolling Interests": -5854000.0,
        "Net Income Continuous Operations": -5854000.0,
        "Pretax Income": -5854000.0,
        "Other Income Expense": 15954000.0,
        "Other Non Operating Income Expenses": NaN,
        "Special Income Charges": 2541000.0,
        "Other Special Charges": -2541000.0,
        "Gain On Sale Of Security": 13413000.0,
        "Net Non Operating Interest Income Expense": 2650000.0,
        "Total Other Finance Cost": NaN,
        "Interest Expense Non Operating": 466000.0,
        "Interest Income Non Operating": 3116000.0,
        "Operating Income": -24458000.0,
        "Operating Expense": 24458000.0,
        "Research And Development": 14645000.0,
        "Selling General And Administration": 9813000.0,
        "General And Administrative Expense": 9813000.0,
        "Other Gand A": 9813000.0,
        "Total Revenue": 0.0,
        "Operating Revenue": 0.0
    },
    "2024-09-30": {
        "Tax Effect Of Unusual Items": 0.0,
        "Tax Rate For Calcs": 0.0,
        "Normalized EBITDA": -21285000.0,
        "Total Unusual Items": 8328000.0,
        "Total Unusual Items Excluding Goodwill": 8328000.0,
        "Net Income From Continuing Operation Net Minority Interest": -13684000.0,
        "Reconciled Depreciation": 0.0,
        "EBITDA": -12957000.0,
        "EBIT": -12957000.0,
        "Net Interest Income": 2780000.0,
        "Interest Expense": 727000.0,
        "Interest Income": 3507000.0,
        "Normalized Income": -22012000.0,
        "Net Income From Continuing And Discontinued Operation": -13684000.0,
        "Total Expenses": 24792000.0,
        "Total Operating Income As Reported": -24792000.0,
        "Diluted Average Shares": 80238688.0,
        "Basic Average Shares": 77909441.0,
        "Diluted EPS": -0.27,
        "Basic EPS": -0.18,
        "Diluted NI Availto Com Stockholders": -13684000.0,
        "Average Dilution Earnings": NaN,
        "Net Income Common Stockholders": -13684000.0,
        "Net Income": -13684000.0,
        "Net Income Including Noncontrolling Interests": -13684000.0,
        "Net Income Continuous Operations": -13684000.0,
        "Pretax Income": -13684000.0,
        "Other Income Expense": 8328000.0,
        "Other Non Operating Income Expenses": NaN,
        "Special Income Charges": 0.0,
        "Other Special Charges": NaN,
        "Gain On Sale Of Security": 8328000.0,
        "Net Non Operating Interest Income Expense": 2780000.0,
        "Total Other Finance Cost": NaN,
        "Interest Expense Non Operating": 727000.0,
        "Interest Income Non Operating": 3507000.0,
        "Operating Income": -24792000.0,
        "Operating Expense": 24792000.0,
        "Research And Development": 17188000.0,
        "Selling General And Administration": 7604000.0,
        "General And Administrative Expense": 7604000.0,
        "Other Gand A": 7604000.0,
        "Total Revenue": 0.0,
        "Operating Revenue": 0.0
    },
    "2024-12-31": {
        "Tax Effect Of Unusual Items": 0.0,
        "Tax Rate For Calcs": 0.0,
        "Normalized EBITDA": -29183000.0,
        "Total Unusual Items": -4902000.0,
        "Total Unusual Items Excluding Goodwill": -4902000.0,
        "Net Income From Continuing Operation Net Minority Interest": -34741000.0,
        "Reconciled Depreciation": 0.0,
        "EBITDA": -34085000.0,
        "EBIT": -34085000.0,
        "Net Interest Income": 2623000.0,
        "Interest Expense": 656000.0,
        "Interest Income": 3279000.0,
        "Normalized Income": -29839000.0,
        "Net Income From Continuing And Discontinued Operation": -34741000.0,
        "Total Expenses": 32462000.0,
        "Total Operating Income As Reported": -32462000.0,
        "Diluted Average Shares": 83931864.0,
        "Basic Average Shares": 83931864.0,
        "Diluted EPS": -0.41,
        "Basic EPS": -0.41,
        "Diluted NI Availto Com Stockholders": -34741000.0,
        "Average Dilution Earnings": NaN,
        "Net Income Common Stockholders": -34741000.0,
        "Net Income": -34741000.0,
        "Net Income Including Noncontrolling Interests": -34741000.0,
        "Net Income Continuous Operations": -34741000.0,
        "Pretax Income": -34741000.0,
        "Other Income Expense": -4902000.0,
        "Other Non Operating Income Expenses": NaN,
        "Special Income Charges": 0.0,
        "Other Special Charges": 0.0,
        "Gain On Sale Of Security": -4902000.0,
        "Net Non Operating Interest Income Expense": 2623000.0,
        "Total Other Finance Cost": NaN,
        "Interest Expense Non Operating": 656000.0,
        "Interest Income Non Operating": 3279000.0,
        "Operating Income": -32462000.0,
        "Operating Expense": 32462000.0,
        "Research And Development": 21759000.0,
        "Selling General And Administration": 10703000.0,
        "General And Administrative Expense": 10703000.0,
        "Other Gand A": 10703000.0,
        "Total Revenue": 0.0,
        "Operating Revenue": 0.0
    }
}