{
    "2023-03-31": {
        "Tax Effect Of Unusual Items": NaN,
        "Tax Rate For Calcs": NaN,
        "Normalized EBITDA": NaN,
        "Net Income From Continuing Operation Net Minority Interest": NaN,
        "Reconciled Depreciation": NaN,
        "EBITDA": NaN,
        "EBIT": NaN,
        "Net Interest Income": NaN,
        "Interest Income": NaN,
        "Normalized Income": NaN,
        "Net Income From Continuing And Discontinued Operation": NaN,
        "Total Expenses": NaN,
        "Total Operating Income As Reported": NaN,
        "Diluted Average Shares": 49046246.0,
        "Basic Average Shares": 49046246.0,
        "Diluted EPS": -0.06,
        "Basic EPS": -0.06,
        "Diluted NI Availto Com Stockholders": NaN,
        "Net Income Common Stockholders": NaN,
        "Net Income": NaN,
        "Net Income Including Noncontrolling Interests": NaN,
        "Net Income Continuous Operations": NaN,
        "Pretax Income": NaN,
        "Other Income Expense": NaN,
        "Other Non Operating Income Expenses": NaN,
        "Net Non Operating Interest Income Expense": NaN,
        "Interest Income Non Operating": NaN,
        "Operating Income": NaN,
        "Operating Expense": NaN,
        "Research And Development": NaN,
        "Selling General And Administration": NaN,
        "General And Administrative Expense": NaN,
        "Other Gand A": NaN,
        "Total Revenue": NaN,
        "Operating Revenue": NaN
    },
    "2022-12-31": {
        "Tax Effect Of Unusual Items": 0.0,
        "Tax Rate For Calcs": 0.0,
        "Normalized EBITDA": -3226904.0,
        "Net Income From Continuing Operation Net Minority Interest": -3001484.0,
        "Reconciled Depreciation": 4331.0,
        "EBITDA": -3226904.0,
        "EBIT": -3231235.0,
        "Net Interest Income": 427304.0,
        "Interest Income": 427304.0,
        "Normalized Income": -3001484.0,
        "Net Income From Continuing And Discontinued Operation": -3001484.0,
        "Total Expenses": 3231235.0,
        "Total Operating Income As Reported": -3231235.0,
        "Diluted Average Shares": NaN,
        "Basic Average Shares": NaN,
        "Diluted EPS": NaN,
        "Basic EPS": NaN,
        "Diluted NI Availto Com Stockholders": -3001484.0,
        "Net Income Common Stockholders": -3001484.0,
        "Net Income": -3001484.0,
        "Net Income Including Noncontrolling Interests": -3001484.0,
        "Net Income Continuous Operations": -3001484.0,
        "Pretax Income": -2998662.0,
        "Other Income Expense": -194731.0,
        "Other Non Operating Income Expenses": -194731.0,
        "Net Non Operating Interest Income Expense": 427304.0,
        "Interest Income Non Operating": 427304.0,
        "Operating Income": -3231235.0,
        "Operating Expense": 3231235.0,
        "Research And Development": 2012624.0,
        "Selling General And Administration": 1218611.0,
        "General And Administrative Expense": 1218611.0,
        "Other Gand A": 1218611.0,
        "Total Revenue": 0.0,
        "Operating Revenue": 0.0
    },
    "2022-09-30": {
        "Tax Effect Of Unusual Items": NaN,
        "Tax Rate For Calcs": NaN,
        "Normalized EBITDA": NaN,
        "Net Income From Continuing Operation Net Minority Interest": NaN,
        "Reconciled Depreciation": NaN,
        "EBITDA": NaN,
        "EBIT": NaN,
        "Net Interest Income": NaN,
        "Interest Income": NaN,
        "Normalized Income": NaN,
        "Net Income From Continuing And Discontinued Operation": NaN,
        "Total Expenses": NaN,
        "Total Operating Income As Reported": NaN,
        "Diluted Average Shares": 49046246.0,
        "Basic Average Shares": 49046246.0,
        "Diluted EPS": -0.07,
        "Basic EPS": -0.07,
        "Diluted NI Availto Com Stockholders": NaN,
        "Net Income Common Stockholders": NaN,
        "Net Income": NaN,
        "Net Income Including Noncontrolling Interests": NaN,
        "Net Income Continuous Operations": NaN,
        "Pretax Income": NaN,
        "Other Income Expense": NaN,
        "Other Non Operating Income Expenses": NaN,
        "Net Non Operating Interest Income Expense": NaN,
        "Interest Income Non Operating": NaN,
        "Operating Income": NaN,
        "Operating Expense": NaN,
        "Research And Development": NaN,
        "Selling General And Administration": NaN,
        "General And Administrative Expense": NaN,
        "Other Gand A": NaN,
        "Total Revenue": NaN,
        "Operating Revenue": NaN
    },
    "2022-06-30": {
        "Tax Effect Of Unusual Items": 0.0,
        "Tax Rate For Calcs": 0.0,
        "Normalized EBITDA": -4085447.0,
        "Net Income From Continuing Operation Net Minority Interest": -4028998.0,
        "Reconciled Depreciation": 4488.0,
        "EBITDA": -4085447.0,
        "EBIT": -4089935.0,
        "Net Interest Income": 91275.0,
        "Interest Income": 91275.0,
        "Normalized Income": -4028998.0,
        "Net Income From Continuing And Discontinued Operation": -4028998.0,
        "Total Expenses": 4089935.0,
        "Total Operating Income As Reported": -4089935.0,
        "Diluted Average Shares": 49045587.0,
        "Basic Average Shares": 49045587.0,
        "Diluted EPS": -0.08,
        "Basic EPS": -0.08,
        "Diluted NI Availto Com Stockholders": -4028998.0,
        "Net Income Common Stockholders": -4028998.0,
        "Net Income": -4028998.0,
        "Net Income Including Noncontrolling Interests": -4028998.0,
        "Net Income Continuous Operations": -4028998.0,
        "Pretax Income": -4028998.0,
        "Other Income Expense": -30338.0,
        "Other Non Operating Income Expenses": -30338.0,
        "Net Non Operating Interest Income Expense": 91275.0,
        "Interest Income Non Operating": 91275.0,
        "Operating Income": -4089935.0,
        "Operating Expense": 4089935.0,
        "Research And Development": 2564969.0,
        "Selling General And Administration": 1524966.0,
        "General And Administrative Expense": 1524966.0,
        "Other Gand A": 1524966.0,
        "Total Revenue": 0.0,
        "Operating Revenue": 0.0
    },
    "2022-03-31": {
        "Diluted EPS": -0.07,
        "Total Revenue": NaN,
        "Gross Profit": NaN,
        "Operating Income": -3,
        "EBIT": -3,
        "Net Income": -3
    },
    "2021-12-31": {
        "Diluted EPS": -0.05,
        "Total Revenue": NaN,
        "Gross Profit": NaN,
        "Operating Income": -2,
        "EBIT": -2,
        "Net Income": -2
    },
    "2021-09-30": {
        "Diluted EPS": -0.07,
        "Total Revenue": 0,
        "Gross Profit": 0,
        "Operating Income": -4,
        "EBIT": -4,
        "Net Income": -4
    },
    "2021-06-30": {
        "Diluted EPS": -0.09,
        "Total Revenue": NaN,
        "Gross Profit": NaN,
        "Operating Income": -4,
        "EBIT": -4,
        "Net Income": -4
    },
    "2021-03-31": {
        "Diluted EPS": 0.0,
        "Total Revenue": 4,
        "Gross Profit": 4,
        "Operating Income": 0,
        "EBIT": 0,
        "Net Income": 0
    },
    "2020-12-31": {
        "Diluted EPS": -0.07,
        "Total Revenue": NaN,
        "Gross Profit": NaN,
        "Operating Income": -3,
        "EBIT": -3,
        "Net Income": -3
    },
    "2020-09-30": {
        "Diluted EPS": -0.08,
        "Total Revenue": NaN,
        "Gross Profit": NaN,
        "Operating Income": -4,
        "EBIT": -4,
        "Net Income": -4
    },
    "2020-06-30": {
        "Diluted EPS": -0.1,
        "Total Revenue": NaN,
        "Gross Profit": NaN,
        "Operating Income": -5,
        "EBIT": -5,
        "Net Income": -4
    },
    "2020-03-31": {
        "Diluted EPS": -0.06,
        "Total Revenue": NaN,
        "Gross Profit": NaN,
        "Operating Income": -3,
        "EBIT": -3,
        "Net Income": -3
    },
    "2019-12-31": {
        "Diluted EPS": -0.05,
        "Total Revenue": NaN,
        "Gross Profit": NaN,
        "Operating Income": -2,
        "EBIT": -2,
        "Net Income": -2
    },
    "2019-09-30": {
        "Diluted EPS": -0.05,
        "Total Revenue": NaN,
        "Gross Profit": NaN,
        "Operating Income": -3,
        "EBIT": -3,
        "Net Income": -2
    },
    "2019-06-30": {
        "Diluted EPS": -0.09,
        "Total Revenue": NaN,
        "Gross Profit": NaN,
        "Operating Income": -4,
        "EBIT": -4,
        "Net Income": -4
    },
    "2019-03-31": {
        "Diluted EPS": -0.11,
        "Total Revenue": NaN,
        "Gross Profit": NaN,
        "Operating Income": -5,
        "EBIT": -5,
        "Net Income": -5
    },
    "2018-12-31": {
        "Diluted EPS": 0.0,
        "Total Revenue": NaN,
        "Gross Profit": NaN,
        "Operating Income": 0,
        "EBIT": 0,
        "Net Income": 0
    },
    "2018-09-30": {
        "Diluted EPS": -0.16,
        "Total Revenue": NaN,
        "Gross Profit": NaN,
        "Operating Income": -7,
        "EBIT": -7,
        "Net Income": -7
    },
    "2018-06-30": {
        "Diluted EPS": -0.08,
        "Total Revenue": NaN,
        "Gross Profit": NaN,
        "Operating Income": -3,
        "EBIT": -3,
        "Net Income": -3
    },
    "2018-03-31": {
        "Diluted EPS": -0.12,
        "Total Revenue": NaN,
        "Gross Profit": NaN,
        "Operating Income": -5,
        "EBIT": -5,
        "Net Income": -5
    },
    "2017-12-31": {
        "Diluted EPS": -0.04,
        "Total Revenue": NaN,
        "Gross Profit": NaN,
        "Operating Income": -3,
        "EBIT": -3,
        "Net Income": -2
    },
    "2017-09-30": {
        "Diluted EPS": -0.11,
        "Total Revenue": NaN,
        "Gross Profit": NaN,
        "Operating Income": -4,
        "EBIT": -4,
        "Net Income": -4
    },
    "2017-06-30": {
        "Diluted EPS": -0.08,
        "Total Revenue": NaN,
        "Gross Profit": NaN,
        "Operating Income": -3,
        "EBIT": -3,
        "Net Income": -3
    },
    "2017-03-31": {
        "Diluted EPS": -0.09,
        "Total Revenue": NaN,
        "Gross Profit": NaN,
        "Operating Income": -3,
        "EBIT": -3,
        "Net Income": -3
    },
    "2016-12-31": {
        "Diluted EPS": -0.04,
        "Total Revenue": NaN,
        "Gross Profit": NaN,
        "Operating Income": -1,
        "EBIT": -1,
        "Net Income": -1
    },
    "2016-09-30": {
        "Diluted EPS": -0.08,
        "Total Revenue": NaN,
        "Gross Profit": NaN,
        "Operating Income": -3,
        "EBIT": -3,
        "Net Income": -3
    },
    "2016-06-30": {
        "Diluted EPS": -0.1,
        "Total Revenue": NaN,
        "Gross Profit": NaN,
        "Operating Income": -3,
        "EBIT": -3,
        "Net Income": -3
    },
    "2016-03-31": {
        "Diluted EPS": -0.11,
        "Total Revenue": NaN,
        "Gross Profit": NaN,
        "Operating Income": -3,
        "EBIT": -3,
        "Net Income": -3
    },
    "2015-12-31": {
        "Diluted EPS": -0.09,
        "Total Revenue": NaN,
        "Gross Profit": NaN,
        "Operating Income": -3,
        "EBIT": -3,
        "Net Income": -3
    },
    "2015-09-30": {
        "Diluted EPS": -0.06,
        "Total Revenue": NaN,
        "Gross Profit": NaN,
        "Operating Income": -2,
        "EBIT": -2,
        "Net Income": -2
    },
    "2015-06-30": {
        "Diluted EPS": -0.09,
        "Total Revenue": NaN,
        "Gross Profit": NaN,
        "Operating Income": -2,
        "EBIT": -2,
        "Net Income": -2
    },
    "2015-03-31": {
        "Diluted EPS": -0.09,
        "Total Revenue": NaN,
        "Gross Profit": NaN,
        "Operating Income": -2,
        "EBIT": -2,
        "Net Income": -2
    },
    "2014-12-31": {
        "Diluted EPS": -0.09,
        "Total Revenue": NaN,
        "Gross Profit": NaN,
        "Operating Income": -2,
        "EBIT": -2,
        "Net Income": -2
    },
    "2014-09-30": {
        "Diluted EPS": -0.1,
        "Total Revenue": NaN,
        "Gross Profit": NaN,
        "Operating Income": -2,
        "EBIT": -2,
        "Net Income": -2
    },
    "2014-06-30": {
        "Diluted EPS": -0.09,
        "Total Revenue": NaN,
        "Gross Profit": NaN,
        "Operating Income": -2,
        "EBIT": -2,
        "Net Income": -2
    },
    "2014-03-31": {
        "Diluted EPS": -0.1,
        "Total Revenue": NaN,
        "Gross Profit": NaN,
        "Operating Income": -2,
        "EBIT": -2,
        "Net Income": -2
    },
    "2013-12-31": {
        "Diluted EPS": 0.19,
        "Total Revenue": 6,
        "Gross Profit": 6,
        "Operating Income": 3,
        "EBIT": 3,
        "Net Income": 3
    },
    "2013-09-30": {
        "Diluted EPS": -0.1,
        "Total Revenue": NaN,
        "Gross Profit": NaN,
        "Operating Income": -2,
        "EBIT": -2,
        "Net Income": -2
    },
    "2013-06-30": {
        "Diluted EPS": -0.14,
        "Total Revenue": NaN,
        "Gross Profit": NaN,
        "Operating Income": -3,
        "EBIT": -3,
        "Net Income": -3
    },
    "2013-03-31": {
        "Diluted EPS": -0.14,
        "Total Revenue": 0,
        "Gross Profit": 0,
        "Operating Income": -2,
        "EBIT": -2,
        "Net Income": -2
    },
    "2012-12-31": {
        "Diluted EPS": -0.14,
        "Total Revenue": 0,
        "Gross Profit": 0,
        "Operating Income": -2,
        "EBIT": -2,
        "Net Income": -2
    },
    "2012-09-30": {
        "Diluted EPS": -0.14,
        "Total Revenue": 0,
        "Gross Profit": 0,
        "Operating Income": -2,
        "EBIT": -2,
        "Net Income": -2
    },
    "2012-06-30": {
        "Diluted EPS": -0.14,
        "Total Revenue": 0,
        "Gross Profit": 0,
        "Operating Income": -2,
        "EBIT": -3,
        "Net Income": -2
    },
    "2012-03-31": {
        "Diluted EPS": -0.24,
        "Total Revenue": 0,
        "Gross Profit": 0,
        "Operating Income": -4,
        "EBIT": -4,
        "Net Income": -4
    },
    "2011-12-31": {
        "Diluted EPS": -0.22,
        "Total Revenue": NaN,
        "Gross Profit": NaN,
        "Operating Income": -4,
        "EBIT": -3,
        "Net Income": -4
    },
    "2011-09-30": {
        "Diluted EPS": -0.25,
        "Total Revenue": NaN,
        "Gross Profit": NaN,
        "Operating Income": -4,
        "EBIT": -4,
        "Net Income": -4
    },
    "2011-06-30": {
        "Diluted EPS": -0.31,
        "Total Revenue": NaN,
        "Gross Profit": NaN,
        "Operating Income": -4,
        "EBIT": -4,
        "Net Income": -5
    },
    "2011-03-31": {
        "Diluted EPS": -0.45,
        "Total Revenue": NaN,
        "Gross Profit": NaN,
        "Operating Income": -5,
        "EBIT": -5,
        "Net Income": -6
    },
    "2010-12-31": {
        "Diluted EPS": -0.4,
        "Total Revenue": NaN,
        "Gross Profit": NaN,
        "Operating Income": -4,
        "EBIT": -4,
        "Net Income": -5
    },
    "2010-09-30": {
        "Diluted EPS": -0.46,
        "Total Revenue": NaN,
        "Gross Profit": NaN,
        "Operating Income": -4,
        "EBIT": -4,
        "Net Income": -6
    },
    "2010-06-30": {
        "Diluted EPS": -0.35,
        "Total Revenue": NaN,
        "Gross Profit": NaN,
        "Operating Income": -4,
        "EBIT": -4,
        "Net Income": -4
    },
    "2010-03-31": {
        "Diluted EPS": -0.42,
        "Total Revenue": NaN,
        "Gross Profit": NaN,
        "Operating Income": -5,
        "EBIT": -5,
        "Net Income": -5
    },
    "2009-12-31": {
        "Diluted EPS": -0.48,
        "Total Revenue": NaN,
        "Gross Profit": NaN,
        "Operating Income": -6,
        "EBIT": -6,
        "Net Income": -6
    },
    "2009-09-30": {
        "Diluted EPS": -0.4,
        "Total Revenue": NaN,
        "Gross Profit": NaN,
        "Operating Income": -5,
        "EBIT": -5,
        "Net Income": -5
    },
    "2009-06-30": {
        "Diluted EPS": -0.39,
        "Total Revenue": NaN,
        "Gross Profit": NaN,
        "Operating Income": -5,
        "EBIT": -5,
        "Net Income": -5
    },
    "2009-03-31": {
        "Diluted EPS": -0.41,
        "Total Revenue": NaN,
        "Gross Profit": NaN,
        "Operating Income": -5,
        "EBIT": -5,
        "Net Income": -5
    },
    "2023-06-30": {
        "Tax Effect Of Unusual Items": NaN,
        "Tax Rate For Calcs": NaN,
        "Normalized EBITDA": NaN,
        "Net Income From Continuing Operation Net Minority Interest": NaN,
        "Reconciled Depreciation": NaN,
        "EBITDA": NaN,
        "EBIT": NaN,
        "Net Interest Income": NaN,
        "Interest Income": NaN,
        "Normalized Income": NaN,
        "Net Income From Continuing And Discontinued Operation": NaN,
        "Total Expenses": NaN,
        "Total Operating Income As Reported": NaN,
        "Diluted Average Shares": 49046246.0,
        "Basic Average Shares": 49046246.0,
        "Diluted EPS": -0.06,
        "Basic EPS": -0.06,
        "Diluted NI Availto Com Stockholders": NaN,
        "Net Income Common Stockholders": NaN,
        "Net Income": NaN,
        "Net Income Including Noncontrolling Interests": NaN,
        "Net Income Continuous Operations": NaN,
        "Pretax Income": NaN,
        "Other Income Expense": NaN,
        "Other Non Operating Income Expenses": NaN,
        "Net Non Operating Interest Income Expense": NaN,
        "Interest Income Non Operating": NaN,
        "Operating Income": NaN,
        "Operating Expense": NaN,
        "Research And Development": NaN,
        "Selling General And Administration": NaN,
        "General And Administrative Expense": NaN,
        "Other Gand A": NaN,
        "Total Revenue": NaN,
        "Operating Revenue": NaN
    },
    "2023-09-30": {
        "Tax Effect Of Unusual Items": NaN,
        "Tax Rate For Calcs": NaN,
        "Normalized EBITDA": NaN,
        "Net Income From Continuing Operation Net Minority Interest": NaN,
        "Reconciled Depreciation": NaN,
        "EBITDA": NaN,
        "EBIT": NaN,
        "Net Interest Income": NaN,
        "Interest Income": NaN,
        "Normalized Income": NaN,
        "Net Income From Continuing And Discontinued Operation": NaN,
        "Total Expenses": NaN,
        "Total Operating Income As Reported": NaN,
        "Diluted Average Shares": 49046246.0,
        "Basic Average Shares": 49046246.0,
        "Diluted EPS": -0.01,
        "Basic EPS": -0.01,
        "Diluted NI Availto Com Stockholders": NaN,
        "Net Income Common Stockholders": NaN,
        "Net Income": NaN,
        "Net Income Including Noncontrolling Interests": NaN,
        "Net Income Continuous Operations": NaN,
        "Pretax Income": NaN,
        "Other Income Expense": NaN,
        "Other Non Operating Income Expenses": NaN,
        "Net Non Operating Interest Income Expense": NaN,
        "Interest Income Non Operating": NaN,
        "Operating Income": NaN,
        "Operating Expense": NaN,
        "Research And Development": NaN,
        "Selling General And Administration": NaN,
        "General And Administrative Expense": NaN,
        "Other Gand A": NaN,
        "Total Revenue": NaN,
        "Operating Revenue": NaN
    },
    "2023-12-31": {
        "Tax Effect Of Unusual Items": 0.0,
        "Tax Rate For Calcs": 0.0,
        "Normalized EBITDA": -2484612.0,
        "Net Income From Continuing Operation Net Minority Interest": -2059085.0,
        "Reconciled Depreciation": 5492.0,
        "EBITDA": -2484612.0,
        "EBIT": -2490104.0,
        "Net Interest Income": 436265.0,
        "Interest Income": 436265.0,
        "Normalized Income": -2059085.0,
        "Net Income From Continuing And Discontinued Operation": -2059085.0,
        "Total Expenses": 2490104.0,
        "Total Operating Income As Reported": -2490104.0,
        "Diluted Average Shares": NaN,
        "Basic Average Shares": NaN,
        "Diluted EPS": NaN,
        "Basic EPS": NaN,
        "Diluted NI Availto Com Stockholders": -2059085.0,
        "Net Income Common Stockholders": -2059085.0,
        "Net Income": -2059085.0,
        "Net Income Including Noncontrolling Interests": -2059085.0,
        "Net Income Continuous Operations": -2059085.0,
        "Pretax Income": -2056038.0,
        "Other Income Expense": -2199.0,
        "Other Non Operating Income Expenses": -2199.0,
        "Net Non Operating Interest Income Expense": 436265.0,
        "Interest Income Non Operating": 436265.0,
        "Operating Income": -2490104.0,
        "Operating Expense": 2490104.0,
        "Research And Development": 1650778.0,
        "Selling General And Administration": 839326.0,
        "General And Administrative Expense": 839326.0,
        "Other Gand A": 839326.0,
        "Total Revenue": 0.0,
        "Operating Revenue": 0.0
    },
    "2024-03-31": {
        "Tax Effect Of Unusual Items": NaN,
        "Tax Rate For Calcs": NaN,
        "Normalized EBITDA": NaN,
        "Net Income From Continuing Operation Net Minority Interest": NaN,
        "Reconciled Depreciation": NaN,
        "Reconciled Cost Of Revenue": NaN,
        "EBITDA": NaN,
        "EBIT": NaN,
        "Net Interest Income": NaN,
        "Interest Income": NaN,
        "Normalized Income": NaN,
        "Net Income From Continuing And Discontinued Operation": NaN,
        "Total Expenses": NaN,
        "Total Operating Income As Reported": NaN,
        "Diluted Average Shares": 49046246.0,
        "Basic Average Shares": 49046246.0,
        "Diluted EPS": -0.06,
        "Basic EPS": -0.06,
        "Diluted NI Availto Com Stockholders": NaN,
        "Net Income Common Stockholders": NaN,
        "Net Income": NaN,
        "Net Income Including Noncontrolling Interests": NaN,
        "Net Income Continuous Operations": NaN,
        "Pretax Income": NaN,
        "Other Income Expense": NaN,
        "Other Non Operating Income Expenses": NaN,
        "Net Non Operating Interest Income Expense": NaN,
        "Interest Income Non Operating": NaN,
        "Operating Income": NaN,
        "Operating Expense": NaN,
        "Research And Development": NaN,
        "Selling General And Administration": NaN,
        "General And Administrative Expense": NaN,
        "Other Gand A": NaN,
        "Gross Profit": NaN,
        "Cost Of Revenue": NaN,
        "Total Revenue": NaN,
        "Operating Revenue": NaN
    },
    "2024-06-30": {
        "Tax Effect Of Unusual Items": NaN,
        "Tax Rate For Calcs": NaN,
        "Normalized EBITDA": NaN,
        "Net Income From Continuing Operation Net Minority Interest": NaN,
        "Reconciled Depreciation": NaN,
        "Reconciled Cost Of Revenue": 0.0,
        "EBITDA": NaN,
        "EBIT": NaN,
        "Net Interest Income": NaN,
        "Interest Income": NaN,
        "Normalized Income": NaN,
        "Net Income From Continuing And Discontinued Operation": NaN,
        "Total Expenses": NaN,
        "Total Operating Income As Reported": NaN,
        "Diluted Average Shares": 49046246.0,
        "Basic Average Shares": 49046246.0,
        "Diluted EPS": -0.05,
        "Basic EPS": -0.05,
        "Diluted NI Availto Com Stockholders": NaN,
        "Net Income Common Stockholders": NaN,
        "Net Income": NaN,
        "Net Income Including Noncontrolling Interests": NaN,
        "Net Income Continuous Operations": NaN,
        "Pretax Income": NaN,
        "Other Income Expense": NaN,
        "Other Non Operating Income Expenses": NaN,
        "Net Non Operating Interest Income Expense": NaN,
        "Interest Income Non Operating": NaN,
        "Operating Income": NaN,
        "Operating Expense": NaN,
        "Research And Development": NaN,
        "Selling General And Administration": NaN,
        "General And Administrative Expense": NaN,
        "Other Gand A": NaN,
        "Gross Profit": 0.0,
        "Cost Of Revenue": 0.0,
        "Total Revenue": NaN,
        "Operating Revenue": NaN
    },
    "2024-09-30": {
        "Tax Effect Of Unusual Items": 0.0,
        "Tax Rate For Calcs": 0.0,
        "Normalized EBITDA": -3303948.0,
        "Net Income From Continuing Operation Net Minority Interest": -2852179.0,
        "Reconciled Depreciation": 5180.0,
        "Reconciled Cost Of Revenue": 0.0,
        "EBITDA": -3303948.0,
        "EBIT": -3309128.0,
        "Net Interest Income": 447847.0,
        "Interest Income": 447847.0,
        "Normalized Income": -2852179.0,
        "Net Income From Continuing And Discontinued Operation": -2852179.0,
        "Total Expenses": 3309128.0,
        "Total Operating Income As Reported": -3309128.0,
        "Diluted Average Shares": 49046246.0,
        "Basic Average Shares": 49046246.0,
        "Diluted EPS": -0.06,
        "Basic EPS": -0.06,
        "Diluted NI Availto Com Stockholders": -2852179.0,
        "Net Income Common Stockholders": -2852179.0,
        "Net Income": -2852179.0,
        "Net Income Including Noncontrolling Interests": -2852179.0,
        "Net Income Continuous Operations": -2852179.0,
        "Pretax Income": -2852179.0,
        "Other Income Expense": 9102.0,
        "Other Non Operating Income Expenses": 9102.0,
        "Net Non Operating Interest Income Expense": 447847.0,
        "Interest Income Non Operating": 447847.0,
        "Operating Income": -3309128.0,
        "Operating Expense": 3309128.0,
        "Research And Development": 1859400.0,
        "Selling General And Administration": 1449728.0,
        "General And Administrative Expense": 1449728.0,
        "Other Gand A": 1449728.0,
        "Gross Profit": 0.0,
        "Cost Of Revenue": 0.0,
        "Total Revenue": 0.0,
        "Operating Revenue": 0.0
    },
    "2024-12-31": {
        "Tax Effect Of Unusual Items": 0.0,
        "Tax Rate For Calcs": 0.0,
        "Normalized EBITDA": -3178537.0,
        "Net Income From Continuing Operation Net Minority Interest": -2814652.0,
        "Reconciled Depreciation": 5177.0,
        "Reconciled Cost Of Revenue": NaN,
        "EBITDA": -3178537.0,
        "EBIT": -3183714.0,
        "Net Interest Income": 390096.0,
        "Interest Income": 390096.0,
        "Normalized Income": -2814652.0,
        "Net Income From Continuing And Discontinued Operation": -2814652.0,
        "Total Expenses": 3183714.0,
        "Total Operating Income As Reported": -3183714.0,
        "Diluted Average Shares": NaN,
        "Basic Average Shares": NaN,
        "Diluted EPS": NaN,
        "Basic EPS": NaN,
        "Diluted NI Availto Com Stockholders": -2814652.0,
        "Net Income Common Stockholders": -2814652.0,
        "Net Income": -2814652.0,
        "Net Income Including Noncontrolling Interests": -2814652.0,
        "Net Income Continuous Operations": -2814652.0,
        "Pretax Income": -2809115.0,
        "Other Income Expense": -15497.0,
        "Other Non Operating Income Expenses": -15497.0,
        "Net Non Operating Interest Income Expense": 390096.0,
        "Interest Income Non Operating": 390096.0,
        "Operating Income": -3183714.0,
        "Operating Expense": 3183714.0,
        "Research And Development": 1907413.0,
        "Selling General And Administration": 1276301.0,
        "General And Administrative Expense": 1276301.0,
        "Other Gand A": 1276301.0,
        "Gross Profit": NaN,
        "Cost Of Revenue": NaN,
        "Total Revenue": 0.0,
        "Operating Revenue": 0.0
    },
    "2025-03-31": {
        "Tax Effect Of Unusual Items": 0.0,
        "Tax Rate For Calcs": 0.0,
        "Normalized EBITDA": -3197333.0,
        "Net Income From Continuing Operation Net Minority Interest": -2864120.0,
        "Reconciled Depreciation": 5177.0,
        "Reconciled Cost Of Revenue": NaN,
        "EBITDA": -3197333.0,
        "EBIT": -3202510.0,
        "Net Interest Income": 336111.0,
        "Interest Income": 336111.0,
        "Normalized Income": -2864120.0,
        "Net Income From Continuing And Discontinued Operation": -2864120.0,
        "Total Expenses": 3202510.0,
        "Total Operating Income As Reported": -3202510.0,
        "Diluted Average Shares": 49046246.0,
        "Basic Average Shares": 49046246.0,
        "Diluted EPS": -0.06,
        "Basic EPS": -0.06,
        "Diluted NI Availto Com Stockholders": -2864120.0,
        "Net Income Common Stockholders": -2864120.0,
        "Net Income": -2864120.0,
        "Net Income Including Noncontrolling Interests": -2864120.0,
        "Net Income Continuous Operations": -2864120.0,
        "Pretax Income": -2864120.0,
        "Other Income Expense": 2279.0,
        "Other Non Operating Income Expenses": 2279.0,
        "Net Non Operating Interest Income Expense": 336111.0,
        "Interest Income Non Operating": 336111.0,
        "Operating Income": -3202510.0,
        "Operating Expense": 3202510.0,
        "Research And Development": 1839802.0,
        "Selling General And Administration": 1362708.0,
        "General And Administrative Expense": 1362708.0,
        "Other Gand A": 1362708.0,
        "Gross Profit": NaN,
        "Cost Of Revenue": NaN,
        "Total Revenue": 0.0,
        "Operating Revenue": 0.0
    },
    "2025-06-30": {
        "Tax Effect Of Unusual Items": 0.0,
        "Tax Rate For Calcs": 0.0,
        "Normalized EBITDA": -3602028.0,
        "Net Income From Continuing Operation Net Minority Interest": -3281185.0,
        "Reconciled Depreciation": 5064.0,
        "Reconciled Cost Of Revenue": 116349.0,
        "EBITDA": -3602028.0,
        "EBIT": -3607092.0,
        "Net Interest Income": 324955.0,
        "Interest Income": 324955.0,
        "Normalized Income": -3281185.0,
        "Net Income From Continuing And Discontinued Operation": -3281185.0,
        "Total Expenses": 3741691.0,
        "Total Operating Income As Reported": -3607092.0,
        "Diluted Average Shares": 49046246.0,
        "Basic Average Shares": 49046246.0,
        "Diluted EPS": -0.07,
        "Basic EPS": -0.07,
        "Diluted NI Availto Com Stockholders": -3281185.0,
        "Net Income Common Stockholders": -3281185.0,
        "Net Income": -3281185.0,
        "Net Income Including Noncontrolling Interests": -3281185.0,
        "Net Income Continuous Operations": -3281185.0,
        "Pretax Income": -3281185.0,
        "Other Income Expense": 952.0,
        "Other Non Operating Income Expenses": 952.0,
        "Net Non Operating Interest Income Expense": 324955.0,
        "Interest Income Non Operating": 324955.0,
        "Operating Income": -3607092.0,
        "Operating Expense": 3625342.0,
        "Research And Development": 2188652.0,
        "Selling General And Administration": 1436690.0,
        "General And Administrative Expense": 1436690.0,
        "Other Gand A": 1436690.0,
        "Gross Profit": 18250.0,
        "Cost Of Revenue": 116349.0,
        "Total Revenue": 134599.0,
        "Operating Revenue": 134599.0
    },
    "2025-09-30": {
        "Tax Effect Of Unusual Items": 0.0,
        "Tax Rate For Calcs": 0.0,
        "Normalized EBITDA": -3375695.0,
        "Net Income From Continuing Operation Net Minority Interest": -3050373.0,
        "Reconciled Depreciation": 5303.0,
        "Reconciled Cost Of Revenue": 115272.0,
        "EBITDA": -3375695.0,
        "EBIT": -3380998.0,
        "Net Interest Income": 340850.0,
        "Interest Income": 340850.0,
        "Normalized Income": -3050373.0,
        "Net Income From Continuing And Discontinued Operation": -3050373.0,
        "Total Expenses": 3504317.0,
        "Total Operating Income As Reported": -3380998.0,
        "Diluted Average Shares": 49046246.0,
        "Basic Average Shares": 49046246.0,
        "Diluted EPS": -0.06,
        "Basic EPS": -0.06,
        "Diluted NI Availto Com Stockholders": -3050373.0,
        "Net Income Common Stockholders": -3050373.0,
        "Net Income": -3050373.0,
        "Net Income Including Noncontrolling Interests": -3050373.0,
        "Net Income Continuous Operations": -3050373.0,
        "Pretax Income": -3050373.0,
        "Other Income Expense": -10225.0,
        "Other Non Operating Income Expenses": -10225.0,
        "Net Non Operating Interest Income Expense": 340850.0,
        "Interest Income Non Operating": 340850.0,
        "Operating Income": -3380998.0,
        "Operating Expense": 3389045.0,
        "Research And Development": 1582975.0,
        "Selling General And Administration": 1806070.0,
        "General And Administrative Expense": 1806070.0,
        "Other Gand A": 1806070.0,
        "Gross Profit": 8047.0,
        "Cost Of Revenue": 115272.0,
        "Total Revenue": 123319.0,
        "Operating Revenue": 123319.0
    }
}