{
    "2023-03-31": {
        "Tax Effect Of Unusual Items": NaN,
        "Tax Rate For Calcs": NaN,
        "Normalized EBITDA": NaN,
        "Net Income From Continuing Operation Net Minority Interest": NaN,
        "EBITDA": NaN,
        "EBIT": NaN,
        "Net Interest Income": NaN,
        "Interest Income": NaN,
        "Normalized Income": NaN,
        "Net Income From Continuing And Discontinued Operation": NaN,
        "Total Expenses": NaN,
        "Total Operating Income As Reported": NaN,
        "Diluted Average Shares": 2621166.0,
        "Basic Average Shares": 2621166.0,
        "Diluted EPS": -0.95,
        "Basic EPS": -0.95,
        "Diluted NI Availto Com Stockholders": NaN,
        "Net Income Common Stockholders": NaN,
        "Net Income": NaN,
        "Net Income Including Noncontrolling Interests": NaN,
        "Net Income Continuous Operations": NaN,
        "Pretax Income": NaN,
        "Net Non Operating Interest Income Expense": NaN,
        "Interest Income Non Operating": NaN,
        "Operating Income": NaN,
        "Operating Expense": NaN,
        "Research And Development": NaN,
        "Selling General And Administration": NaN,
        "General And Administrative Expense": NaN,
        "Other Gand A": NaN,
        "Total Revenue": NaN,
        "Operating Revenue": NaN
    },
    "2022-12-31": {
        "Tax Effect Of Unusual Items": 0.0,
        "Tax Rate For Calcs": 0.0,
        "Normalized EBITDA": -2908998.0,
        "Net Income From Continuing Operation Net Minority Interest": -2896338.0,
        "EBITDA": -2908998.0,
        "EBIT": -2908998.0,
        "Net Interest Income": 12660.0,
        "Interest Income": 12660.0,
        "Normalized Income": -2896338.0,
        "Net Income From Continuing And Discontinued Operation": -2896338.0,
        "Total Expenses": 2908998.0,
        "Total Operating Income As Reported": -2908998.0,
        "Diluted Average Shares": NaN,
        "Basic Average Shares": NaN,
        "Diluted EPS": NaN,
        "Basic EPS": NaN,
        "Diluted NI Availto Com Stockholders": -2896338.0,
        "Net Income Common Stockholders": -2896338.0,
        "Net Income": -2896338.0,
        "Net Income Including Noncontrolling Interests": -2896338.0,
        "Net Income Continuous Operations": -2896338.0,
        "Pretax Income": -2896338.0,
        "Net Non Operating Interest Income Expense": 12660.0,
        "Interest Income Non Operating": 12660.0,
        "Operating Income": -2908998.0,
        "Operating Expense": 2908998.0,
        "Research And Development": 2102968.0,
        "Selling General And Administration": 806030.0,
        "General And Administrative Expense": 806030.0,
        "Other Gand A": 806030.0,
        "Total Revenue": 0.0,
        "Operating Revenue": 0.0
    },
    "2022-09-30": {
        "Tax Effect Of Unusual Items": NaN,
        "Tax Rate For Calcs": NaN,
        "Normalized EBITDA": NaN,
        "Net Income From Continuing Operation Net Minority Interest": NaN,
        "EBITDA": NaN,
        "EBIT": NaN,
        "Net Interest Income": NaN,
        "Interest Income": NaN,
        "Normalized Income": NaN,
        "Net Income From Continuing And Discontinued Operation": NaN,
        "Total Expenses": NaN,
        "Total Operating Income As Reported": NaN,
        "Diluted Average Shares": 12754685.0,
        "Basic Average Shares": 12754685.0,
        "Diluted EPS": -0.19,
        "Basic EPS": -0.19,
        "Diluted NI Availto Com Stockholders": NaN,
        "Net Income Common Stockholders": NaN,
        "Net Income": NaN,
        "Net Income Including Noncontrolling Interests": NaN,
        "Net Income Continuous Operations": NaN,
        "Pretax Income": NaN,
        "Net Non Operating Interest Income Expense": NaN,
        "Interest Income Non Operating": NaN,
        "Operating Income": NaN,
        "Operating Expense": NaN,
        "Research And Development": NaN,
        "Selling General And Administration": NaN,
        "General And Administrative Expense": NaN,
        "Other Gand A": NaN,
        "Total Revenue": NaN,
        "Operating Revenue": NaN
    },
    "2022-06-30": {
        "Tax Effect Of Unusual Items": 0.0,
        "Tax Rate For Calcs": 0.0,
        "Normalized EBITDA": -2763348.0,
        "Net Income From Continuing Operation Net Minority Interest": -2762931.0,
        "EBITDA": -2763348.0,
        "EBIT": -2763348.0,
        "Net Interest Income": 417.0,
        "Interest Income": 417.0,
        "Normalized Income": -2762931.0,
        "Net Income From Continuing And Discontinued Operation": -2762931.0,
        "Total Expenses": 2763348.0,
        "Total Operating Income As Reported": -2763348.0,
        "Diluted Average Shares": 12632381.0,
        "Basic Average Shares": 12632381.0,
        "Diluted EPS": -0.22,
        "Basic EPS": -0.22,
        "Diluted NI Availto Com Stockholders": -2762931.0,
        "Net Income Common Stockholders": -2762931.0,
        "Net Income": -2762931.0,
        "Net Income Including Noncontrolling Interests": -2762931.0,
        "Net Income Continuous Operations": -2762931.0,
        "Pretax Income": -2762931.0,
        "Net Non Operating Interest Income Expense": 417.0,
        "Interest Income Non Operating": 417.0,
        "Operating Income": -2763348.0,
        "Operating Expense": 2763348.0,
        "Research And Development": 2078471.0,
        "Selling General And Administration": 684877.0,
        "General And Administrative Expense": 684877.0,
        "Other Gand A": 684877.0,
        "Total Revenue": 0.0,
        "Operating Revenue": 0.0
    },
    "2022-03-31": {
        "Diluted EPS": -0.19,
        "Total Revenue": NaN,
        "Gross Profit": NaN,
        "Operating Income": -2,
        "EBIT": -2,
        "Net Income": -2
    },
    "2021-12-31": {
        "Diluted EPS": -0.2,
        "Total Revenue": NaN,
        "Gross Profit": NaN,
        "Operating Income": -3,
        "EBIT": -3,
        "Net Income": -3
    },
    "2021-09-30": {
        "Diluted EPS": -0.2,
        "Total Revenue": NaN,
        "Gross Profit": NaN,
        "Operating Income": -2,
        "EBIT": -2,
        "Net Income": -2
    },
    "2021-06-30": {
        "Diluted EPS": -0.17,
        "Total Revenue": NaN,
        "Gross Profit": NaN,
        "Operating Income": -2,
        "EBIT": -2,
        "Net Income": -2
    },
    "2021-03-31": {
        "Diluted EPS": -0.16,
        "Total Revenue": NaN,
        "Gross Profit": NaN,
        "Operating Income": -2,
        "EBIT": -2,
        "Net Income": -2
    },
    "2020-12-31": {
        "Diluted EPS": -0.19,
        "Total Revenue": NaN,
        "Gross Profit": NaN,
        "Operating Income": -2,
        "EBIT": -2,
        "Net Income": -2
    },
    "2020-09-30": {
        "Diluted EPS": -0.15,
        "Total Revenue": NaN,
        "Gross Profit": NaN,
        "Operating Income": -2,
        "EBIT": -2,
        "Net Income": -2
    },
    "2020-06-30": {
        "Diluted EPS": -0.14,
        "Total Revenue": NaN,
        "Gross Profit": NaN,
        "Operating Income": -1,
        "EBIT": -1,
        "Net Income": -1
    },
    "2020-03-31": {
        "Diluted EPS": -0.1,
        "Total Revenue": NaN,
        "Gross Profit": NaN,
        "Operating Income": -1,
        "EBIT": -1,
        "Net Income": -1
    },
    "2019-12-31": {
        "Diluted EPS": -0.12,
        "Total Revenue": NaN,
        "Gross Profit": NaN,
        "Operating Income": -1,
        "EBIT": -1,
        "Net Income": -1
    },
    "2019-09-30": {
        "Diluted EPS": -0.08,
        "Total Revenue": NaN,
        "Gross Profit": NaN,
        "Operating Income": -1,
        "EBIT": -1,
        "Net Income": -1
    },
    "2019-06-30": {
        "Diluted EPS": -0.1,
        "Total Revenue": NaN,
        "Gross Profit": NaN,
        "Operating Income": -1,
        "EBIT": -1,
        "Net Income": -1
    },
    "2019-03-31": {
        "Diluted EPS": -0.15,
        "Total Revenue": NaN,
        "Gross Profit": NaN,
        "Operating Income": -1,
        "EBIT": -1,
        "Net Income": -1
    },
    "2018-12-31": {
        "Diluted EPS": -0.1,
        "Total Revenue": NaN,
        "Gross Profit": NaN,
        "Operating Income": -1,
        "EBIT": -1,
        "Net Income": -1
    },
    "2018-09-30": {
        "Diluted EPS": -0.07,
        "Total Revenue": NaN,
        "Gross Profit": NaN,
        "Operating Income": -1,
        "EBIT": -1,
        "Net Income": -1
    },
    "2018-06-30": {
        "Diluted EPS": -0.09,
        "Total Revenue": NaN,
        "Gross Profit": NaN,
        "Operating Income": -1,
        "EBIT": -1,
        "Net Income": -1
    },
    "2018-03-31": {
        "Diluted EPS": -0.09,
        "Total Revenue": NaN,
        "Gross Profit": NaN,
        "Operating Income": -1,
        "EBIT": -1,
        "Net Income": -1
    },
    "2017-12-31": {
        "Diluted EPS": 0.0,
        "Total Revenue": NaN,
        "Gross Profit": NaN,
        "Operating Income": NaN,
        "EBIT": NaN,
        "Net Income": NaN
    },
    "2023-06-30": {
        "Tax Effect Of Unusual Items": NaN,
        "Tax Rate For Calcs": NaN,
        "Normalized EBITDA": NaN,
        "Net Income From Continuing Operation Net Minority Interest": NaN,
        "EBITDA": NaN,
        "EBIT": NaN,
        "Net Interest Income": NaN,
        "Interest Income": NaN,
        "Normalized Income": NaN,
        "Net Income From Continuing And Discontinued Operation": NaN,
        "Total Expenses": NaN,
        "Total Operating Income As Reported": NaN,
        "Diluted Average Shares": 2684005.0,
        "Basic Average Shares": 2684005.0,
        "Diluted EPS": -0.8,
        "Basic EPS": -0.8,
        "Diluted NI Availto Com Stockholders": NaN,
        "Net Income Common Stockholders": NaN,
        "Net Income": NaN,
        "Net Income Including Noncontrolling Interests": NaN,
        "Net Income Continuous Operations": NaN,
        "Pretax Income": NaN,
        "Other Income Expense": NaN,
        "Other Non Operating Income Expenses": NaN,
        "Net Non Operating Interest Income Expense": NaN,
        "Interest Income Non Operating": NaN,
        "Operating Income": NaN,
        "Operating Expense": NaN,
        "Research And Development": NaN,
        "Selling General And Administration": NaN,
        "General And Administrative Expense": NaN,
        "Other Gand A": NaN,
        "Total Revenue": NaN,
        "Operating Revenue": NaN
    },
    "2023-09-30": {
        "Tax Effect Of Unusual Items": NaN,
        "Tax Rate For Calcs": NaN,
        "Normalized EBITDA": NaN,
        "Net Income From Continuing Operation Net Minority Interest": NaN,
        "EBITDA": NaN,
        "EBIT": NaN,
        "Net Interest Income": NaN,
        "Interest Income": NaN,
        "Normalized Income": NaN,
        "Net Income From Continuing And Discontinued Operation": NaN,
        "Total Expenses": NaN,
        "Total Operating Income As Reported": NaN,
        "Diluted Average Shares": 2823680.0,
        "Basic Average Shares": 2823680.0,
        "Diluted EPS": -0.69,
        "Basic EPS": -0.69,
        "Diluted NI Availto Com Stockholders": NaN,
        "Net Income Common Stockholders": NaN,
        "Net Income": NaN,
        "Net Income Including Noncontrolling Interests": NaN,
        "Net Income Continuous Operations": NaN,
        "Pretax Income": NaN,
        "Other Income Expense": NaN,
        "Other Non Operating Income Expenses": NaN,
        "Net Non Operating Interest Income Expense": NaN,
        "Interest Income Non Operating": NaN,
        "Operating Income": NaN,
        "Operating Expense": NaN,
        "Research And Development": NaN,
        "Selling General And Administration": NaN,
        "General And Administrative Expense": NaN,
        "Other Gand A": NaN,
        "Total Revenue": NaN,
        "Operating Revenue": NaN
    },
    "2023-12-31": {
        "Tax Effect Of Unusual Items": 0.0,
        "Tax Rate For Calcs": 0.0,
        "Normalized EBITDA": -1911988.0,
        "Net Income From Continuing Operation Net Minority Interest": -1813915.0,
        "EBITDA": -1911988.0,
        "EBIT": -1911988.0,
        "Net Interest Income": 98073.0,
        "Interest Income": 98073.0,
        "Normalized Income": -1813915.0,
        "Net Income From Continuing And Discontinued Operation": -1813915.0,
        "Total Expenses": 1911988.0,
        "Total Operating Income As Reported": -1911988.0,
        "Diluted Average Shares": NaN,
        "Basic Average Shares": NaN,
        "Diluted EPS": NaN,
        "Basic EPS": NaN,
        "Diluted NI Availto Com Stockholders": -1813915.0,
        "Net Income Common Stockholders": -1813915.0,
        "Net Income": -1813915.0,
        "Net Income Including Noncontrolling Interests": -1813915.0,
        "Net Income Continuous Operations": -1813915.0,
        "Pretax Income": -1813915.0,
        "Other Income Expense": NaN,
        "Other Non Operating Income Expenses": NaN,
        "Net Non Operating Interest Income Expense": 98073.0,
        "Interest Income Non Operating": 98073.0,
        "Operating Income": -1911988.0,
        "Operating Expense": 1911988.0,
        "Research And Development": 1035591.0,
        "Selling General And Administration": 876397.0,
        "General And Administrative Expense": 876397.0,
        "Other Gand A": 876397.0,
        "Total Revenue": 0.0,
        "Operating Revenue": 0.0
    },
    "2024-03-31": {
        "Tax Effect Of Unusual Items": NaN,
        "Tax Rate For Calcs": NaN,
        "Normalized EBITDA": NaN,
        "Net Income From Continuing Operation Net Minority Interest": NaN,
        "EBITDA": NaN,
        "EBIT": NaN,
        "Net Interest Income": NaN,
        "Interest Income": NaN,
        "Normalized Income": NaN,
        "Net Income From Continuing And Discontinued Operation": NaN,
        "Total Expenses": NaN,
        "Total Operating Income As Reported": NaN,
        "Diluted Average Shares": 3195963.0,
        "Basic Average Shares": 3195963.0,
        "Diluted EPS": -0.51,
        "Basic EPS": -0.51,
        "Diluted NI Availto Com Stockholders": NaN,
        "Net Income Common Stockholders": NaN,
        "Net Income": NaN,
        "Net Income Including Noncontrolling Interests": NaN,
        "Net Income Continuous Operations": NaN,
        "Pretax Income": NaN,
        "Other Income Expense": NaN,
        "Other Non Operating Income Expenses": NaN,
        "Net Non Operating Interest Income Expense": NaN,
        "Interest Income Non Operating": NaN,
        "Operating Income": NaN,
        "Operating Expense": NaN,
        "Research And Development": NaN,
        "Selling General And Administration": NaN,
        "General And Administrative Expense": NaN,
        "Other Gand A": NaN,
        "Total Revenue": NaN,
        "Operating Revenue": NaN
    },
    "2024-06-30": {
        "Tax Effect Of Unusual Items": NaN,
        "Tax Rate For Calcs": NaN,
        "Normalized EBITDA": NaN,
        "Net Income From Continuing Operation Net Minority Interest": NaN,
        "EBITDA": NaN,
        "EBIT": NaN,
        "Net Interest Income": NaN,
        "Interest Income": NaN,
        "Normalized Income": NaN,
        "Net Income From Continuing And Discontinued Operation": NaN,
        "Total Expenses": NaN,
        "Total Operating Income As Reported": NaN,
        "Diluted Average Shares": 3502927.0,
        "Basic Average Shares": 3502927.0,
        "Diluted EPS": -0.49,
        "Basic EPS": -0.49,
        "Diluted NI Availto Com Stockholders": NaN,
        "Net Income Common Stockholders": NaN,
        "Net Income": NaN,
        "Net Income Including Noncontrolling Interests": NaN,
        "Net Income Continuous Operations": NaN,
        "Pretax Income": NaN,
        "Other Income Expense": NaN,
        "Other Non Operating Income Expenses": NaN,
        "Net Non Operating Interest Income Expense": NaN,
        "Interest Income Non Operating": NaN,
        "Operating Income": NaN,
        "Operating Expense": NaN,
        "Research And Development": NaN,
        "Selling General And Administration": NaN,
        "General And Administrative Expense": NaN,
        "Other Gand A": NaN,
        "Total Revenue": NaN,
        "Operating Revenue": NaN
    },
    "2024-09-30": {
        "Tax Effect Of Unusual Items": 0.0,
        "Tax Rate For Calcs": 0.0,
        "Normalized EBITDA": -1574902.0,
        "Net Income From Continuing Operation Net Minority Interest": -1304276.0,
        "EBITDA": -1574902.0,
        "EBIT": -1574902.0,
        "Net Interest Income": 99344.0,
        "Interest Income": 99344.0,
        "Normalized Income": -1304276.0,
        "Net Income From Continuing And Discontinued Operation": -1304276.0,
        "Total Expenses": 1574902.0,
        "Total Operating Income As Reported": -1574902.0,
        "Diluted Average Shares": 3520398.0,
        "Basic Average Shares": 3520398.0,
        "Diluted EPS": -0.37,
        "Basic EPS": -0.37,
        "Diluted NI Availto Com Stockholders": -1304276.0,
        "Net Income Common Stockholders": -1304276.0,
        "Net Income": -1304276.0,
        "Net Income Including Noncontrolling Interests": -1304276.0,
        "Net Income Continuous Operations": -1304276.0,
        "Pretax Income": -1304276.0,
        "Other Income Expense": 171282.0,
        "Other Non Operating Income Expenses": 171282.0,
        "Net Non Operating Interest Income Expense": 99344.0,
        "Interest Income Non Operating": 99344.0,
        "Operating Income": -1574902.0,
        "Operating Expense": 1574902.0,
        "Research And Development": 984278.0,
        "Selling General And Administration": 590624.0,
        "General And Administrative Expense": 590624.0,
        "Other Gand A": 590624.0,
        "Total Revenue": 0.0,
        "Operating Revenue": 0.0
    },
    "2024-12-31": {
        "Tax Effect Of Unusual Items": 0.0,
        "Tax Rate For Calcs": 0.0,
        "Normalized EBITDA": -11074644.0,
        "Net Income From Continuing Operation Net Minority Interest": -10925608.0,
        "EBITDA": -11074644.0,
        "EBIT": -11074644.0,
        "Net Interest Income": 149036.0,
        "Interest Income": 149036.0,
        "Normalized Income": -10925608.0,
        "Net Income From Continuing And Discontinued Operation": -10925608.0,
        "Total Expenses": 11074644.0,
        "Total Operating Income As Reported": -11074644.0,
        "Diluted Average Shares": NaN,
        "Basic Average Shares": NaN,
        "Diluted EPS": NaN,
        "Basic EPS": NaN,
        "Diluted NI Availto Com Stockholders": -10925608.0,
        "Net Income Common Stockholders": -10925608.0,
        "Net Income": -10925608.0,
        "Net Income Including Noncontrolling Interests": -10925608.0,
        "Net Income Continuous Operations": -10925608.0,
        "Pretax Income": -10925608.0,
        "Other Income Expense": 0.0,
        "Other Non Operating Income Expenses": 0.0,
        "Net Non Operating Interest Income Expense": 149036.0,
        "Interest Income Non Operating": 149036.0,
        "Operating Income": -11074644.0,
        "Operating Expense": 11074644.0,
        "Research And Development": 9924620.0,
        "Selling General And Administration": 1150024.0,
        "General And Administrative Expense": 1150024.0,
        "Other Gand A": 1150024.0,
        "Total Revenue": 0.0,
        "Operating Revenue": 0.0
    },
    "2025-03-31": {
        "Tax Effect Of Unusual Items": 0.0,
        "Tax Rate For Calcs": 0.0,
        "Normalized EBITDA": -3221817.0,
        "Net Income From Continuing Operation Net Minority Interest": -2624972.0,
        "EBITDA": -3221817.0,
        "EBIT": -3221817.0,
        "Net Interest Income": 596845.0,
        "Interest Income": 596845.0,
        "Normalized Income": -2624972.0,
        "Net Income From Continuing And Discontinued Operation": -2624972.0,
        "Total Expenses": 3221817.0,
        "Total Operating Income As Reported": -3221817.0,
        "Diluted Average Shares": 6987381.0,
        "Basic Average Shares": 6987381.0,
        "Diluted EPS": -0.38,
        "Basic EPS": -0.38,
        "Diluted NI Availto Com Stockholders": -2624972.0,
        "Net Income Common Stockholders": -2624972.0,
        "Net Income": -2624972.0,
        "Net Income Including Noncontrolling Interests": -2624972.0,
        "Net Income Continuous Operations": -2624972.0,
        "Pretax Income": -2624972.0,
        "Other Income Expense": NaN,
        "Other Non Operating Income Expenses": NaN,
        "Net Non Operating Interest Income Expense": 596845.0,
        "Interest Income Non Operating": 596845.0,
        "Operating Income": -3221817.0,
        "Operating Expense": 3221817.0,
        "Research And Development": 1643375.0,
        "Selling General And Administration": 1578442.0,
        "General And Administrative Expense": 1578442.0,
        "Other Gand A": 1578442.0,
        "Total Revenue": 0.0,
        "Operating Revenue": 0.0
    },
    "2025-06-30": {
        "Tax Effect Of Unusual Items": 0.0,
        "Tax Rate For Calcs": 0.0,
        "Normalized EBITDA": -3234295.0,
        "Net Income From Continuing Operation Net Minority Interest": -2453526.0,
        "EBITDA": -3234295.0,
        "EBIT": -3234295.0,
        "Net Interest Income": 780769.0,
        "Interest Income": 780769.0,
        "Normalized Income": -2453526.0,
        "Net Income From Continuing And Discontinued Operation": -2453526.0,
        "Total Expenses": 3234295.0,
        "Total Operating Income As Reported": -3234295.0,
        "Diluted Average Shares": 6998082.0,
        "Basic Average Shares": 6998082.0,
        "Diluted EPS": -0.35,
        "Basic EPS": -0.35,
        "Diluted NI Availto Com Stockholders": -2453526.0,
        "Net Income Common Stockholders": -2453526.0,
        "Net Income": -2453526.0,
        "Net Income Including Noncontrolling Interests": -2453526.0,
        "Net Income Continuous Operations": -2453526.0,
        "Pretax Income": -2453526.0,
        "Other Income Expense": NaN,
        "Other Non Operating Income Expenses": NaN,
        "Net Non Operating Interest Income Expense": 780769.0,
        "Interest Income Non Operating": 780769.0,
        "Operating Income": -3234295.0,
        "Operating Expense": 3234295.0,
        "Research And Development": 1730000.0,
        "Selling General And Administration": 1504295.0,
        "General And Administrative Expense": 1504295.0,
        "Other Gand A": 1504295.0,
        "Total Revenue": 0.0,
        "Operating Revenue": 0.0
    },
    "2025-09-30": {
        "Tax Effect Of Unusual Items": 0.0,
        "Tax Rate For Calcs": 0.0,
        "Normalized EBITDA": -4093075.0,
        "Net Income From Continuing Operation Net Minority Interest": -3437601.0,
        "EBITDA": -4093075.0,
        "EBIT": -4093075.0,
        "Net Interest Income": 655473.0,
        "Interest Income": 655473.0,
        "Normalized Income": -3437601.0,
        "Net Income From Continuing And Discontinued Operation": -3437601.0,
        "Total Expenses": 4093075.0,
        "Total Operating Income As Reported": -4093074.0,
        "Diluted Average Shares": 7123849.0,
        "Basic Average Shares": 7123849.0,
        "Diluted EPS": -0.48,
        "Basic EPS": -0.48,
        "Diluted NI Availto Com Stockholders": -3437601.0,
        "Net Income Common Stockholders": -3437601.0,
        "Net Income": -3437601.0,
        "Net Income Including Noncontrolling Interests": -3437601.0,
        "Net Income Continuous Operations": -3437601.0,
        "Pretax Income": -3437601.0,
        "Other Income Expense": NaN,
        "Other Non Operating Income Expenses": NaN,
        "Net Non Operating Interest Income Expense": 655473.0,
        "Interest Income Non Operating": 655473.0,
        "Operating Income": -4093075.0,
        "Operating Expense": 4093075.0,
        "Research And Development": 2589749.0,
        "Selling General And Administration": 1503326.0,
        "General And Administrative Expense": 1503326.0,
        "Other Gand A": 1503326.0,
        "Total Revenue": 0.0,
        "Operating Revenue": 0.0
    }
}