{
    "2025-03-31": {
        "Tax Effect Of Unusual Items": 0.0,
        "Tax Rate For Calcs": 0.17,
        "Normalized EBITDA": -22121000.0,
        "Net Income From Continuing Operation Net Minority Interest": -21111000.0,
        "Reconciled Depreciation": 2144000.0,
        "Reconciled Cost Of Revenue": 18349000.0,
        "EBITDA": -22121000.0,
        "EBIT": -24265000.0,
        "Net Interest Income": -1155000.0,
        "Interest Expense": 1155000.0,
        "Normalized Income": -21111000.0,
        "Net Income From Continuing And Discontinued Operation": -21111000.0,
        "Total Expenses": 72236000.0,
        "Total Operating Income As Reported": -7724000.0,
        "Diluted Average Shares": 62447959.0,
        "Basic Average Shares": 62447959.0,
        "Diluted EPS": -0.05,
        "Basic EPS": -0.05,
        "Diluted NI Availto Com Stockholders": -21111000.0,
        "Net Income Common Stockholders": -21111000.0,
        "Net Income": -21111000.0,
        "Net Income Including Noncontrolling Interests": -21111000.0,
        "Net Income Continuous Operations": -21111000.0,
        "Tax Provision": -4309000.0,
        "Pretax Income": -25420000.0,
        "Other Income Expense": -16541000.0,
        "Other Non Operating Income Expenses": -16541000.0,
        "Net Non Operating Interest Income Expense": -1155000.0,
        "Total Other Finance Cost": NaN,
        "Interest Expense Non Operating": 1155000.0,
        "Operating Income": -7724000.0,
        "Operating Expense": 52401000.0,
        "Depreciation Amortization Depletion Income Statement": 658000.0,
        "Depreciation And Amortization In Income Statement": 658000.0,
        "Amortization": 658000.0,
        "Amortization Of Intangibles Income Statement": 658000.0,
        "Research And Development": 9608000.0,
        "Selling General And Administration": 42135000.0,
        "Selling And Marketing Expense": 21664000.0,
        "General And Administrative Expense": 20471000.0,
        "Other Gand A": 20471000.0,
        "Gross Profit": 44677000.0,
        "Cost Of Revenue": 19835000.0,
        "Total Revenue": 64512000.0,
        "Operating Revenue": 64512000.0
    },
    "2024-09-30": {
        "Tax Effect Of Unusual Items": 0.0,
        "Tax Rate For Calcs": 0.21,
        "Normalized EBITDA": -744000.0,
        "Net Income From Continuing Operation Net Minority Interest": -3884000.0,
        "Reconciled Depreciation": 1997000.0,
        "Reconciled Cost Of Revenue": 14842000.0,
        "EBITDA": -744000.0,
        "EBIT": -2741000.0,
        "Net Interest Income": -1085000.0,
        "Interest Expense": 1085000.0,
        "Normalized Income": -3884000.0,
        "Net Income From Continuing And Discontinued Operation": -3884000.0,
        "Total Expenses": 56753000.0,
        "Total Operating Income As Reported": 374000.0,
        "Diluted Average Shares": 62447959.0,
        "Basic Average Shares": 62447959.0,
        "Diluted EPS": -0.062196,
        "Basic EPS": -0.062196,
        "Diluted NI Availto Com Stockholders": -3884000.0,
        "Net Income Common Stockholders": -3884000.0,
        "Net Income": -3884000.0,
        "Net Income Including Noncontrolling Interests": -3884000.0,
        "Net Income Continuous Operations": -3884000.0,
        "Tax Provision": 58000.0,
        "Pretax Income": -3826000.0,
        "Other Income Expense": -3115000.0,
        "Other Non Operating Income Expenses": -3115000.0,
        "Net Non Operating Interest Income Expense": -1085000.0,
        "Total Other Finance Cost": NaN,
        "Interest Expense Non Operating": 1085000.0,
        "Operating Income": 374000.0,
        "Operating Expense": 40572000.0,
        "Depreciation Amortization Depletion Income Statement": 658000.0,
        "Depreciation And Amortization In Income Statement": 658000.0,
        "Amortization": 658000.0,
        "Amortization Of Intangibles Income Statement": 658000.0,
        "Research And Development": 8158000.0,
        "Selling General And Administration": 31756000.0,
        "Selling And Marketing Expense": 19034000.0,
        "General And Administrative Expense": 12722000.0,
        "Other Gand A": 12722000.0,
        "Gross Profit": 40946000.0,
        "Cost Of Revenue": 16181000.0,
        "Total Revenue": 57127000.0,
        "Operating Revenue": 57127000.0
    },
    "2024-03-31": {
        "Tax Effect Of Unusual Items": NaN,
        "Tax Rate For Calcs": NaN,
        "Normalized EBITDA": NaN,
        "Net Income From Continuing Operation Net Minority Interest": NaN,
        "Reconciled Depreciation": NaN,
        "Reconciled Cost Of Revenue": NaN,
        "EBITDA": NaN,
        "EBIT": NaN,
        "Net Interest Income": NaN,
        "Interest Expense": 2943000.0,
        "Normalized Income": NaN,
        "Net Income From Continuing And Discontinued Operation": NaN,
        "Total Expenses": NaN,
        "Total Operating Income As Reported": NaN,
        "Diluted Average Shares": NaN,
        "Basic Average Shares": NaN,
        "Diluted EPS": NaN,
        "Basic EPS": NaN,
        "Diluted NI Availto Com Stockholders": NaN,
        "Net Income Common Stockholders": NaN,
        "Net Income": NaN,
        "Net Income Including Noncontrolling Interests": NaN,
        "Net Income Continuous Operations": NaN,
        "Tax Provision": NaN,
        "Pretax Income": NaN,
        "Other Income Expense": NaN,
        "Other Non Operating Income Expenses": NaN,
        "Net Non Operating Interest Income Expense": NaN,
        "Total Other Finance Cost": NaN,
        "Interest Expense Non Operating": 2943000.0,
        "Operating Income": NaN,
        "Operating Expense": NaN,
        "Depreciation Amortization Depletion Income Statement": NaN,
        "Depreciation And Amortization In Income Statement": NaN,
        "Amortization": NaN,
        "Amortization Of Intangibles Income Statement": NaN,
        "Research And Development": NaN,
        "Selling General And Administration": NaN,
        "Selling And Marketing Expense": NaN,
        "General And Administrative Expense": NaN,
        "Other Gand A": NaN,
        "Gross Profit": NaN,
        "Cost Of Revenue": NaN,
        "Total Revenue": NaN,
        "Operating Revenue": NaN
    },
    "2023-12-31": {
        "Tax Effect Of Unusual Items": NaN,
        "Tax Rate For Calcs": NaN,
        "Normalized EBITDA": NaN,
        "Net Income From Continuing Operation Net Minority Interest": NaN,
        "Reconciled Depreciation": NaN,
        "Reconciled Cost Of Revenue": NaN,
        "EBITDA": NaN,
        "EBIT": NaN,
        "Net Interest Income": NaN,
        "Interest Expense": 2874000.0,
        "Normalized Income": NaN,
        "Net Income From Continuing And Discontinued Operation": NaN,
        "Total Expenses": NaN,
        "Total Operating Income As Reported": NaN,
        "Diluted Average Shares": NaN,
        "Basic Average Shares": NaN,
        "Diluted EPS": NaN,
        "Basic EPS": NaN,
        "Diluted NI Availto Com Stockholders": NaN,
        "Net Income Common Stockholders": NaN,
        "Net Income": NaN,
        "Net Income Including Noncontrolling Interests": NaN,
        "Net Income Continuous Operations": NaN,
        "Tax Provision": NaN,
        "Pretax Income": NaN,
        "Other Income Expense": NaN,
        "Other Non Operating Income Expenses": NaN,
        "Net Non Operating Interest Income Expense": NaN,
        "Total Other Finance Cost": NaN,
        "Interest Expense Non Operating": 2874000.0,
        "Operating Income": NaN,
        "Operating Expense": NaN,
        "Depreciation Amortization Depletion Income Statement": NaN,
        "Depreciation And Amortization In Income Statement": NaN,
        "Amortization": NaN,
        "Amortization Of Intangibles Income Statement": NaN,
        "Research And Development": NaN,
        "Selling General And Administration": NaN,
        "Selling And Marketing Expense": NaN,
        "General And Administrative Expense": NaN,
        "Other Gand A": NaN,
        "Gross Profit": NaN,
        "Cost Of Revenue": NaN,
        "Total Revenue": NaN,
        "Operating Revenue": NaN
    },
    "2023-09-30": {
        "Tax Effect Of Unusual Items": NaN,
        "Tax Rate For Calcs": NaN,
        "Normalized EBITDA": NaN,
        "Net Income From Continuing Operation Net Minority Interest": NaN,
        "Reconciled Depreciation": NaN,
        "Reconciled Cost Of Revenue": NaN,
        "EBITDA": NaN,
        "EBIT": NaN,
        "Net Interest Income": NaN,
        "Interest Expense": NaN,
        "Normalized Income": NaN,
        "Net Income From Continuing And Discontinued Operation": NaN,
        "Total Expenses": NaN,
        "Total Operating Income As Reported": NaN,
        "Diluted Average Shares": 61980666.0,
        "Basic Average Shares": 61980666.0,
        "Diluted EPS": -0.236316,
        "Basic EPS": -0.236316,
        "Diluted NI Availto Com Stockholders": NaN,
        "Net Income Common Stockholders": NaN,
        "Net Income": NaN,
        "Net Income Including Noncontrolling Interests": NaN,
        "Net Income Continuous Operations": NaN,
        "Tax Provision": NaN,
        "Pretax Income": NaN,
        "Other Income Expense": NaN,
        "Other Non Operating Income Expenses": NaN,
        "Net Non Operating Interest Income Expense": NaN,
        "Interest Expense Non Operating": NaN,
        "Operating Income": NaN,
        "Operating Expense": NaN,
        "Depreciation Amortization Depletion Income Statement": NaN,
        "Depreciation And Amortization In Income Statement": NaN,
        "Amortization": NaN,
        "Amortization Of Intangibles Income Statement": NaN,
        "Research And Development": NaN,
        "Selling General And Administration": NaN,
        "Selling And Marketing Expense": NaN,
        "General And Administrative Expense": NaN,
        "Other Gand A": NaN,
        "Gross Profit": NaN,
        "Cost Of Revenue": NaN,
        "Total Revenue": NaN,
        "Operating Revenue": NaN
    },
    "2024-12-31": {
        "Tax Effect Of Unusual Items": 0.0,
        "Tax Rate For Calcs": 0.21,
        "Normalized EBITDA": 5271000.0,
        "Net Income From Continuing Operation Net Minority Interest": -4020000.0,
        "Reconciled Depreciation": 2573000.0,
        "Reconciled Cost Of Revenue": 14264000.0,
        "EBITDA": 5271000.0,
        "EBIT": 2698000.0,
        "Net Interest Income": -1123000.0,
        "Interest Expense": 1123000.0,
        "Normalized Income": -4020000.0,
        "Net Income From Continuing And Discontinued Operation": -4020000.0,
        "Total Expenses": 59942000.0,
        "Total Operating Income As Reported": 9870000.0,
        "Diluted Average Shares": NaN,
        "Basic Average Shares": NaN,
        "Diluted EPS": NaN,
        "Basic EPS": NaN,
        "Diluted NI Availto Com Stockholders": -4020000.0,
        "Net Income Common Stockholders": -4020000.0,
        "Net Income": -4020000.0,
        "Net Income Including Noncontrolling Interests": -4020000.0,
        "Net Income Continuous Operations": -4020000.0,
        "Tax Provision": 5595000.0,
        "Pretax Income": 1575000.0,
        "Other Income Expense": -7172000.0,
        "Other Non Operating Income Expenses": -7172000.0,
        "Net Non Operating Interest Income Expense": -1123000.0,
        "Total Other Finance Cost": NaN,
        "Interest Expense Non Operating": 1123000.0,
        "Operating Income": 9870000.0,
        "Operating Expense": 43762000.0,
        "Depreciation Amortization Depletion Income Statement": 657000.0,
        "Depreciation And Amortization In Income Statement": 657000.0,
        "Amortization": 657000.0,
        "Amortization Of Intangibles Income Statement": 657000.0,
        "Research And Development": 8901000.0,
        "Selling General And Administration": 34204000.0,
        "Selling And Marketing Expense": 20687000.0,
        "General And Administrative Expense": 13517000.0,
        "Other Gand A": 13517000.0,
        "Gross Profit": 53632000.0,
        "Cost Of Revenue": 16180000.0,
        "Total Revenue": 69812000.0,
        "Operating Revenue": 69812000.0
    },
    "2025-06-30": {
        "Tax Effect Of Unusual Items": 0.0,
        "Tax Rate For Calcs": 0.21,
        "Normalized EBITDA": 6374000.0,
        "Net Income From Continuing Operation Net Minority Interest": -26228000.0,
        "Reconciled Depreciation": 2658000.0,
        "Reconciled Cost Of Revenue": 13899000.0,
        "EBITDA": 6374000.0,
        "EBIT": 3716000.0,
        "Net Interest Income": 708000.0,
        "Interest Expense": NaN,
        "Normalized Income": -26228000.0,
        "Net Income From Continuing And Discontinued Operation": -26228000.0,
        "Total Expenses": 64744000.0,
        "Total Operating Income As Reported": 3716000.0,
        "Diluted Average Shares": 40120402.0,
        "Basic Average Shares": 40120402.0,
        "Diluted EPS": -0.65,
        "Basic EPS": -0.65,
        "Diluted NI Availto Com Stockholders": -26228000.0,
        "Net Income Common Stockholders": -26228000.0,
        "Net Income": -26228000.0,
        "Net Income Including Noncontrolling Interests": -26228000.0,
        "Net Income Continuous Operations": -26228000.0,
        "Tax Provision": 1986000.0,
        "Pretax Income": -24242000.0,
        "Other Income Expense": -28666000.0,
        "Other Non Operating Income Expenses": -28666000.0,
        "Net Non Operating Interest Income Expense": 708000.0,
        "Total Other Finance Cost": -708000.0,
        "Interest Expense Non Operating": NaN,
        "Operating Income": 3716000.0,
        "Operating Expense": 48845000.0,
        "Depreciation Amortization Depletion Income Statement": 658000.0,
        "Depreciation And Amortization In Income Statement": 658000.0,
        "Amortization": 658000.0,
        "Amortization Of Intangibles Income Statement": 658000.0,
        "Research And Development": 10732000.0,
        "Selling General And Administration": 37455000.0,
        "Selling And Marketing Expense": 24318000.0,
        "General And Administrative Expense": 13137000.0,
        "Other Gand A": 13137000.0,
        "Gross Profit": 52561000.0,
        "Cost Of Revenue": 15899000.0,
        "Total Revenue": 68460000.0,
        "Operating Revenue": 68460000.0
    },
    "2024-06-30": {
        "Tax Effect Of Unusual Items": NaN,
        "Tax Rate For Calcs": NaN,
        "Normalized EBITDA": NaN,
        "Net Income From Continuing Operation Net Minority Interest": NaN,
        "Reconciled Depreciation": NaN,
        "Reconciled Cost Of Revenue": NaN,
        "EBITDA": NaN,
        "EBIT": NaN,
        "Net Interest Income": NaN,
        "Interest Expense": NaN,
        "Normalized Income": NaN,
        "Net Income From Continuing And Discontinued Operation": NaN,
        "Total Expenses": NaN,
        "Total Operating Income As Reported": NaN,
        "Diluted Average Shares": 62447959.0,
        "Basic Average Shares": 62447959.0,
        "Diluted EPS": -0.148508,
        "Basic EPS": -0.148508,
        "Diluted NI Availto Com Stockholders": NaN,
        "Net Income Common Stockholders": NaN,
        "Net Income": NaN,
        "Net Income Including Noncontrolling Interests": NaN,
        "Net Income Continuous Operations": NaN,
        "Tax Provision": NaN,
        "Pretax Income": NaN,
        "Other Income Expense": NaN,
        "Other Non Operating Income Expenses": NaN,
        "Net Non Operating Interest Income Expense": NaN,
        "Total Other Finance Cost": 1769000.0,
        "Interest Expense Non Operating": NaN,
        "Operating Income": NaN,
        "Operating Expense": NaN,
        "Depreciation Amortization Depletion Income Statement": NaN,
        "Depreciation And Amortization In Income Statement": NaN,
        "Amortization": NaN,
        "Amortization Of Intangibles Income Statement": NaN,
        "Research And Development": NaN,
        "Selling General And Administration": NaN,
        "Selling And Marketing Expense": NaN,
        "General And Administrative Expense": NaN,
        "Other Gand A": NaN,
        "Gross Profit": NaN,
        "Cost Of Revenue": NaN,
        "Total Revenue": NaN,
        "Operating Revenue": NaN
    },
    "2025-09-30": {
        "Tax Effect Of Unusual Items": 0.0,
        "Tax Rate For Calcs": 0.232,
        "Normalized EBITDA": 10010000.0,
        "Net Income From Continuing Operation Net Minority Interest": 6436000.0,
        "Reconciled Depreciation": 2480000.0,
        "Reconciled Cost Of Revenue": 12966000.0,
        "EBITDA": 10010000.0,
        "EBIT": 7530000.0,
        "Net Interest Income": 1991000.0,
        "Interest Expense": NaN,
        "Normalized Income": 6436000.0,
        "Net Income From Continuing And Discontinued Operation": 6436000.0,
        "Total Expenses": 62493000.0,
        "Total Operating Income As Reported": 7530000.0,
        "Diluted Average Shares": 80737188.0,
        "Basic Average Shares": 73687528.0,
        "Diluted EPS": 0.08,
        "Basic EPS": 0.09,
        "Diluted NI Availto Com Stockholders": 6436000.0,
        "Net Income Common Stockholders": 6436000.0,
        "Net Income": 6436000.0,
        "Net Income Including Noncontrolling Interests": 6436000.0,
        "Net Income Continuous Operations": 6436000.0,
        "Tax Provision": 1946000.0,
        "Pretax Income": 8382000.0,
        "Other Income Expense": -1139000.0,
        "Other Non Operating Income Expenses": -1139000.0,
        "Net Non Operating Interest Income Expense": 1991000.0,
        "Total Other Finance Cost": -1991000.0,
        "Interest Expense Non Operating": NaN,
        "Operating Income": 7530000.0,
        "Operating Expense": 47704000.0,
        "Depreciation Amortization Depletion Income Statement": 657000.0,
        "Depreciation And Amortization In Income Statement": 657000.0,
        "Amortization": 657000.0,
        "Amortization Of Intangibles Income Statement": 657000.0,
        "Research And Development": 13714000.0,
        "Selling General And Administration": 33333000.0,
        "Selling And Marketing Expense": 21353000.0,
        "General And Administrative Expense": 11980000.0,
        "Other Gand A": 11980000.0,
        "Gross Profit": 55234000.0,
        "Cost Of Revenue": 14789000.0,
        "Total Revenue": 70023000.0,
        "Operating Revenue": 70023000.0
    }
}