{
    "2023-03-31": {
        "Tax Effect Of Unusual Items": NaN,
        "Tax Rate For Calcs": NaN,
        "Normalized EBITDA": NaN,
        "Total Unusual Items": NaN,
        "Total Unusual Items Excluding Goodwill": NaN,
        "Net Income From Continuing Operation Net Minority Interest": NaN,
        "Reconciled Depreciation": NaN,
        "Reconciled Cost Of Revenue": NaN,
        "EBITDA": NaN,
        "EBIT": NaN,
        "Net Interest Income": NaN,
        "Interest Expense": NaN,
        "Interest Income": NaN,
        "Normalized Income": NaN,
        "Net Income From Continuing And Discontinued Operation": NaN,
        "Total Expenses": NaN,
        "Total Operating Income As Reported": NaN,
        "Diluted Average Shares": NaN,
        "Basic Average Shares": NaN,
        "Diluted EPS": NaN,
        "Basic EPS": NaN,
        "Diluted NI Availto Com Stockholders": NaN,
        "Net Income Common Stockholders": NaN,
        "Net Income": NaN,
        "Net Income Including Noncontrolling Interests": NaN,
        "Net Income Continuous Operations": NaN,
        "Pretax Income": NaN,
        "Other Income Expense": NaN,
        "Other Non Operating Income Expenses": 19000.0,
        "Special Income Charges": NaN,
        "Gain On Sale Of Ppe": NaN,
        "Gain On Sale Of Security": -112000.0,
        "Net Non Operating Interest Income Expense": NaN,
        "Interest Expense Non Operating": NaN,
        "Interest Income Non Operating": NaN,
        "Operating Income": NaN,
        "Operating Expense": NaN,
        "Research And Development": NaN,
        "Selling General And Administration": NaN,
        "Selling And Marketing Expense": NaN,
        "General And Administrative Expense": 10270000.0,
        "Other Gand A": 9026000.0,
        "Salaries And Wages": 1244000.0,
        "Gross Profit": NaN,
        "Cost Of Revenue": NaN,
        "Total Revenue": NaN,
        "Operating Revenue": NaN
    },
    "2022-12-31": {
        "Tax Effect Of Unusual Items": 0.0,
        "Tax Rate For Calcs": 0.0,
        "Normalized EBITDA": -20060000.0,
        "Total Unusual Items": -2751000.0,
        "Total Unusual Items Excluding Goodwill": -2751000.0,
        "Net Income From Continuing Operation Net Minority Interest": -24440000.0,
        "Reconciled Depreciation": 533000.0,
        "Reconciled Cost Of Revenue": 0.0,
        "EBITDA": -22811000.0,
        "EBIT": -23344000.0,
        "Net Interest Income": -607000.0,
        "Interest Expense": 1096000.0,
        "Interest Income": 489000.0,
        "Normalized Income": -21689000.0,
        "Net Income From Continuing And Discontinued Operation": -24440000.0,
        "Total Expenses": 21212000.0,
        "Total Operating Income As Reported": -21092000.0,
        "Diluted Average Shares": 1656107.0,
        "Basic Average Shares": 1656107.0,
        "Diluted EPS": -15.0,
        "Basic EPS": -15.0,
        "Diluted NI Availto Com Stockholders": -24440000.0,
        "Net Income Common Stockholders": -24440000.0,
        "Net Income": -24440000.0,
        "Net Income Including Noncontrolling Interests": -24440000.0,
        "Net Income Continuous Operations": -24440000.0,
        "Tax Provision": 0.0,
        "Pretax Income": -24440000.0,
        "Other Income Expense": -2741000.0,
        "Other Non Operating Income Expenses": 10000.0,
        "Special Income Charges": -4554000.0,
        "Gain On Sale Of Ppe": -54000.0,
        "Gain On Sale Of Security": 1803000.0,
        "Net Non Operating Interest Income Expense": -607000.0,
        "Interest Expense Non Operating": 1096000.0,
        "Interest Income Non Operating": 489000.0,
        "Operating Income": -21092000.0,
        "Operating Expense": 21212000.0,
        "Research And Development": 10283000.0,
        "Selling General And Administration": 10929000.0,
        "Selling And Marketing Expense": NaN,
        "General And Administrative Expense": NaN,
        "Other Gand A": NaN,
        "Salaries And Wages": NaN,
        "Gross Profit": 120000.0,
        "Cost Of Revenue": 0.0,
        "Total Revenue": 120000.0,
        "Operating Revenue": 120000.0
    },
    "2022-09-30": {
        "Tax Effect Of Unusual Items": NaN,
        "Tax Rate For Calcs": NaN,
        "Normalized EBITDA": NaN,
        "Total Unusual Items": NaN,
        "Total Unusual Items Excluding Goodwill": NaN,
        "Net Income From Continuing Operation Net Minority Interest": NaN,
        "Reconciled Depreciation": NaN,
        "Reconciled Cost Of Revenue": NaN,
        "EBITDA": NaN,
        "EBIT": NaN,
        "Net Interest Income": NaN,
        "Interest Expense": NaN,
        "Interest Income": NaN,
        "Normalized Income": NaN,
        "Net Income From Continuing And Discontinued Operation": NaN,
        "Total Expenses": NaN,
        "Total Operating Income As Reported": NaN,
        "Diluted Average Shares": 1641308.0,
        "Basic Average Shares": 1641308.0,
        "Diluted EPS": -12.98,
        "Basic EPS": -12.98,
        "Diluted NI Availto Com Stockholders": NaN,
        "Net Income Common Stockholders": NaN,
        "Net Income": NaN,
        "Net Income Including Noncontrolling Interests": NaN,
        "Net Income Continuous Operations": NaN,
        "Tax Provision": 0.0,
        "Pretax Income": NaN,
        "Other Income Expense": NaN,
        "Other Non Operating Income Expenses": 41000.0,
        "Special Income Charges": NaN,
        "Gain On Sale Of Ppe": NaN,
        "Gain On Sale Of Security": NaN,
        "Net Non Operating Interest Income Expense": NaN,
        "Interest Expense Non Operating": NaN,
        "Interest Income Non Operating": NaN,
        "Operating Income": NaN,
        "Operating Expense": NaN,
        "Research And Development": NaN,
        "Selling General And Administration": NaN,
        "Selling And Marketing Expense": NaN,
        "General And Administrative Expense": NaN,
        "Other Gand A": NaN,
        "Salaries And Wages": NaN,
        "Gross Profit": NaN,
        "Cost Of Revenue": NaN,
        "Total Revenue": NaN,
        "Operating Revenue": NaN
    },
    "2022-06-30": {
        "Tax Effect Of Unusual Items": 0.0,
        "Tax Rate For Calcs": 0.0,
        "Normalized EBITDA": -22817000.0,
        "Total Unusual Items": 2255000.0,
        "Total Unusual Items Excluding Goodwill": 2255000.0,
        "Net Income From Continuing Operation Net Minority Interest": -22872000.0,
        "Reconciled Depreciation": 897000.0,
        "Reconciled Cost Of Revenue": 12000.0,
        "EBITDA": -20562000.0,
        "EBIT": -21459000.0,
        "Net Interest Income": -1408000.0,
        "Interest Expense": 1413000.0,
        "Interest Income": 5000.0,
        "Normalized Income": -25127000.0,
        "Net Income From Continuing And Discontinued Operation": -22872000.0,
        "Total Expenses": 23769000.0,
        "Total Operating Income As Reported": -23719000.0,
        "Diluted Average Shares": 1626390.0,
        "Basic Average Shares": 1626390.0,
        "Diluted EPS": -14.0,
        "Basic EPS": -14.0,
        "Diluted NI Availto Com Stockholders": -22872000.0,
        "Net Income Common Stockholders": -22872000.0,
        "Net Income": -22872000.0,
        "Net Income Including Noncontrolling Interests": -22872000.0,
        "Net Income Continuous Operations": -22872000.0,
        "Tax Provision": 0.0,
        "Pretax Income": -22872000.0,
        "Other Income Expense": 2255000.0,
        "Other Non Operating Income Expenses": NaN,
        "Special Income Charges": 1000.0,
        "Gain On Sale Of Ppe": 1000.0,
        "Other Special Charges": NaN,
        "Gain On Sale Of Security": 2254000.0,
        "Net Non Operating Interest Income Expense": -1408000.0,
        "Interest Expense Non Operating": 1413000.0,
        "Interest Income Non Operating": 5000.0,
        "Operating Income": -23719000.0,
        "Operating Expense": 23757000.0,
        "Research And Development": 10896000.0,
        "Selling General And Administration": 12861000.0,
        "Selling And Marketing Expense": NaN,
        "General And Administrative Expense": NaN,
        "Other Gand A": NaN,
        "Salaries And Wages": NaN,
        "Gross Profit": 38000.0,
        "Cost Of Revenue": 12000.0,
        "Total Revenue": 50000.0,
        "Operating Revenue": 50000.0
    },
    "2022-03-31": {
        "Diluted EPS": -0.34,
        "Total Revenue": NaN,
        "Gross Profit": NaN,
        "Operating Income": -25,
        "EBIT": -23,
        "Net Income": -27
    },
    "2021-12-31": {
        "Diluted EPS": 2.66,
        "Total Revenue": 0,
        "Gross Profit": 0,
        "Operating Income": -25,
        "EBIT": -19,
        "Net Income": -3
    },
    "2021-09-30": {
        "Diluted EPS": -0.09,
        "Total Revenue": 0,
        "Gross Profit": 0,
        "Operating Income": -21,
        "EBIT": -17,
        "Net Income": -6
    },
    "2021-06-30": {
        "Diluted EPS": -0.59,
        "Total Revenue": NaN,
        "Gross Profit": NaN,
        "Operating Income": -31,
        "EBIT": -27,
        "Net Income": 64
    },
    "2021-03-31": {
        "Diluted EPS": -0.28,
        "Total Revenue": 0,
        "Gross Profit": 0,
        "Operating Income": -24,
        "EBIT": -23,
        "Net Income": 65
    },
    "2020-12-31": {
        "Diluted EPS": -3.48,
        "Total Revenue": NaN,
        "Gross Profit": NaN,
        "Operating Income": -25,
        "EBIT": -25,
        "Net Income": -199
    },
    "2020-09-30": {
        "Diluted EPS": -1.77,
        "Total Revenue": NaN,
        "Gross Profit": NaN,
        "Operating Income": -9,
        "EBIT": -9,
        "Net Income": -111
    },
    "2020-06-30": {
        "Diluted EPS": 0.19,
        "Total Revenue": NaN,
        "Gross Profit": NaN,
        "Operating Income": 0,
        "EBIT": 0,
        "Net Income": 1
    },
    "2020-03-31": {
        "Diluted EPS": 0.16,
        "Total Revenue": NaN,
        "Gross Profit": NaN,
        "Operating Income": 0,
        "EBIT": 0,
        "Net Income": 1
    },
    "2019-12-31": {
        "Diluted EPS": 0.0,
        "Total Revenue": NaN,
        "Gross Profit": NaN,
        "Operating Income": NaN,
        "EBIT": NaN,
        "Net Income": NaN
    },
    "2019-09-30": {
        "Diluted EPS": 0.0,
        "Total Revenue": NaN,
        "Gross Profit": NaN,
        "Operating Income": NaN,
        "EBIT": NaN,
        "Net Income": NaN
    },
    "2023-06-30": {
        "Tax Effect Of Unusual Items": NaN,
        "Tax Rate For Calcs": NaN,
        "Normalized EBITDA": NaN,
        "Total Unusual Items": 434000.0,
        "Total Unusual Items Excluding Goodwill": 434000.0,
        "Net Income From Continuing Operation Net Minority Interest": NaN,
        "Reconciled Depreciation": NaN,
        "Reconciled Cost Of Revenue": 388000.0,
        "EBITDA": NaN,
        "EBIT": NaN,
        "Net Interest Income": NaN,
        "Interest Expense": NaN,
        "Interest Income": NaN,
        "Normalized Income": NaN,
        "Net Income From Continuing And Discontinued Operation": NaN,
        "Total Expenses": NaN,
        "Total Operating Income As Reported": NaN,
        "Diluted Average Shares": 1919555.0,
        "Basic Average Shares": 1919555.0,
        "Diluted EPS": -9.81,
        "Basic EPS": -9.81,
        "Diluted NI Availto Com Stockholders": NaN,
        "Net Income Common Stockholders": NaN,
        "Net Income": NaN,
        "Net Income Including Noncontrolling Interests": NaN,
        "Net Income Continuous Operations": NaN,
        "Pretax Income": NaN,
        "Other Income Expense": NaN,
        "Other Non Operating Income Expenses": NaN,
        "Special Income Charges": -17000.0,
        "Gain On Sale Of Ppe": -17000.0,
        "Gain On Sale Of Security": 451000.0,
        "Net Non Operating Interest Income Expense": NaN,
        "Interest Expense Non Operating": NaN,
        "Interest Income Non Operating": NaN,
        "Operating Income": NaN,
        "Operating Expense": NaN,
        "Research And Development": NaN,
        "Selling General And Administration": NaN,
        "Selling And Marketing Expense": 10007000.0,
        "Gross Profit": NaN,
        "Cost Of Revenue": 388000.0,
        "Total Revenue": NaN,
        "Operating Revenue": NaN
    },
    "2023-09-30": {
        "Tax Effect Of Unusual Items": NaN,
        "Tax Rate For Calcs": NaN,
        "Normalized EBITDA": NaN,
        "Total Unusual Items": NaN,
        "Total Unusual Items Excluding Goodwill": NaN,
        "Net Income From Continuing Operation Net Minority Interest": NaN,
        "Reconciled Depreciation": NaN,
        "Reconciled Cost Of Revenue": 119000.0,
        "EBITDA": NaN,
        "EBIT": NaN,
        "Net Interest Income": NaN,
        "Interest Expense": NaN,
        "Interest Income": NaN,
        "Normalized Income": NaN,
        "Net Income From Continuing And Discontinued Operation": NaN,
        "Total Expenses": NaN,
        "Total Operating Income As Reported": NaN,
        "Diluted Average Shares": 150479.0,
        "Basic Average Shares": 150479.0,
        "Diluted EPS": -100.8,
        "Basic EPS": -100.8,
        "Diluted NI Availto Com Stockholders": NaN,
        "Net Income Common Stockholders": NaN,
        "Net Income": NaN,
        "Net Income Including Noncontrolling Interests": NaN,
        "Net Income Continuous Operations": NaN,
        "Pretax Income": NaN,
        "Other Income Expense": NaN,
        "Other Non Operating Income Expenses": NaN,
        "Special Income Charges": NaN,
        "Gain On Sale Of Ppe": 0.0,
        "Other Special Charges": NaN,
        "Gain On Sale Of Security": 221000.0,
        "Net Non Operating Interest Income Expense": NaN,
        "Interest Expense Non Operating": NaN,
        "Interest Income Non Operating": NaN,
        "Operating Income": NaN,
        "Operating Expense": NaN,
        "Research And Development": NaN,
        "Selling General And Administration": NaN,
        "Selling And Marketing Expense": NaN,
        "Gross Profit": NaN,
        "Cost Of Revenue": 119000.0,
        "Total Revenue": NaN,
        "Operating Revenue": NaN
    },
    "2023-12-31": {
        "Tax Effect Of Unusual Items": NaN,
        "Tax Rate For Calcs": NaN,
        "Normalized EBITDA": NaN,
        "Total Unusual Items": NaN,
        "Total Unusual Items Excluding Goodwill": NaN,
        "Net Income From Continuing Operation Net Minority Interest": NaN,
        "Reconciled Depreciation": NaN,
        "Reconciled Cost Of Revenue": NaN,
        "EBITDA": NaN,
        "EBIT": NaN,
        "Net Interest Income": NaN,
        "Interest Expense": NaN,
        "Interest Income": NaN,
        "Normalized Income": NaN,
        "Net Income From Continuing And Discontinued Operation": NaN,
        "Total Expenses": NaN,
        "Total Operating Income As Reported": NaN,
        "Diluted Average Shares": NaN,
        "Basic Average Shares": NaN,
        "Diluted EPS": NaN,
        "Basic EPS": NaN,
        "Diluted NI Availto Com Stockholders": NaN,
        "Net Income Common Stockholders": NaN,
        "Net Income": NaN,
        "Net Income Including Noncontrolling Interests": NaN,
        "Net Income Continuous Operations": NaN,
        "Pretax Income": NaN,
        "Other Income Expense": NaN,
        "Other Non Operating Income Expenses": NaN,
        "Special Income Charges": NaN,
        "Gain On Sale Of Ppe": 0.0,
        "Other Special Charges": NaN,
        "Gain On Sale Of Security": 2000.0,
        "Net Non Operating Interest Income Expense": NaN,
        "Interest Expense Non Operating": NaN,
        "Interest Income Non Operating": NaN,
        "Operating Income": NaN,
        "Operating Expense": NaN,
        "Research And Development": NaN,
        "Selling General And Administration": NaN,
        "Selling And Marketing Expense": NaN,
        "Gross Profit": NaN,
        "Cost Of Revenue": NaN,
        "Total Revenue": NaN,
        "Operating Revenue": NaN
    },
    "2024-06-30": {
        "Tax Effect Of Unusual Items": NaN,
        "Tax Rate For Calcs": NaN,
        "Normalized EBITDA": NaN,
        "Total Unusual Items": NaN,
        "Total Unusual Items Excluding Goodwill": NaN,
        "Net Income From Continuing Operation Net Minority Interest": NaN,
        "Reconciled Depreciation": NaN,
        "Reconciled Cost Of Revenue": NaN,
        "EBITDA": NaN,
        "EBIT": NaN,
        "Net Interest Income": NaN,
        "Interest Expense": 0.0,
        "Interest Income": NaN,
        "Normalized Income": NaN,
        "Net Income From Continuing And Discontinued Operation": NaN,
        "Total Expenses": NaN,
        "Total Operating Income As Reported": NaN,
        "Diluted Average Shares": 1185502.0,
        "Basic Average Shares": 1185502.0,
        "Diluted EPS": -5.92,
        "Basic EPS": -5.92,
        "Diluted NI Availto Com Stockholders": NaN,
        "Net Income Common Stockholders": NaN,
        "Net Income": NaN,
        "Net Income Including Noncontrolling Interests": NaN,
        "Net Income Continuous Operations": NaN,
        "Pretax Income": NaN,
        "Other Income Expense": NaN,
        "Other Non Operating Income Expenses": NaN,
        "Special Income Charges": NaN,
        "Gain On Sale Of Ppe": -55000.0,
        "Other Special Charges": NaN,
        "Net Non Operating Interest Income Expense": NaN,
        "Interest Expense Non Operating": 0.0,
        "Interest Income Non Operating": NaN,
        "Operating Income": NaN,
        "Operating Expense": NaN,
        "Research And Development": NaN,
        "Selling General And Administration": NaN,
        "Selling And Marketing Expense": 5323000.0,
        "Gross Profit": NaN,
        "Cost Of Revenue": NaN,
        "Total Revenue": NaN,
        "Operating Revenue": NaN
    },
    "2024-03-31": {
        "Tax Effect Of Unusual Items": NaN,
        "Tax Rate For Calcs": NaN,
        "Normalized EBITDA": NaN,
        "Total Unusual Items": NaN,
        "Total Unusual Items Excluding Goodwill": NaN,
        "Net Income From Continuing Operation Net Minority Interest": NaN,
        "Reconciled Depreciation": NaN,
        "Reconciled Cost Of Revenue": NaN,
        "EBITDA": NaN,
        "EBIT": NaN,
        "Net Interest Income": NaN,
        "Interest Expense": 57000.0,
        "Interest Income": NaN,
        "Normalized Income": NaN,
        "Net Income From Continuing And Discontinued Operation": NaN,
        "Total Expenses": NaN,
        "Total Operating Income As Reported": NaN,
        "Diluted Average Shares": 899068.0,
        "Basic Average Shares": 899068.0,
        "Diluted EPS": -9.25,
        "Basic EPS": -9.25,
        "Diluted NI Availto Com Stockholders": NaN,
        "Net Income Common Stockholders": NaN,
        "Net Income": NaN,
        "Net Income Including Noncontrolling Interests": NaN,
        "Net Income Continuous Operations": NaN,
        "Pretax Income": NaN,
        "Other Income Expense": NaN,
        "Other Non Operating Income Expenses": NaN,
        "Special Income Charges": NaN,
        "Gain On Sale Of Ppe": NaN,
        "Other Special Charges": NaN,
        "Net Non Operating Interest Income Expense": NaN,
        "Interest Expense Non Operating": 57000.0,
        "Interest Income Non Operating": NaN,
        "Operating Income": NaN,
        "Operating Expense": NaN,
        "Research And Development": NaN,
        "Selling General And Administration": NaN,
        "Selling And Marketing Expense": NaN,
        "Gross Profit": NaN,
        "Cost Of Revenue": NaN,
        "Total Revenue": NaN,
        "Operating Revenue": NaN
    },
    "2024-09-30": {
        "Tax Effect Of Unusual Items": 0.0,
        "Tax Rate For Calcs": 0.0,
        "Normalized EBITDA": -7076000.0,
        "Total Unusual Items": -133000.0,
        "Total Unusual Items Excluding Goodwill": -133000.0,
        "Net Income From Continuing Operation Net Minority Interest": -7758000.0,
        "Reconciled Depreciation": 506000.0,
        "Reconciled Cost Of Revenue": 66000.0,
        "EBITDA": -7209000.0,
        "EBIT": -7715000.0,
        "Net Interest Income": -41000.0,
        "Interest Expense": 43000.0,
        "Interest Income": 2000.0,
        "Normalized Income": -7625000.0,
        "Net Income From Continuing And Discontinued Operation": -7758000.0,
        "Total Expenses": 7700000.0,
        "Total Operating Income As Reported": -7593000.0,
        "Diluted Average Shares": 1239850.0,
        "Basic Average Shares": 1239850.0,
        "Diluted EPS": -6.26,
        "Basic EPS": -6.26,
        "Diluted NI Availto Com Stockholders": -7758000.0,
        "Net Income Common Stockholders": -7758000.0,
        "Net Income": -7758000.0,
        "Net Income Including Noncontrolling Interests": -7758000.0,
        "Net Income Continuous Operations": -7758000.0,
        "Pretax Income": -7758000.0,
        "Other Income Expense": -124000.0,
        "Other Non Operating Income Expenses": 9000.0,
        "Special Income Charges": -133000.0,
        "Gain On Sale Of Ppe": -133000.0,
        "Other Special Charges": NaN,
        "Net Non Operating Interest Income Expense": -41000.0,
        "Interest Expense Non Operating": 43000.0,
        "Interest Income Non Operating": 2000.0,
        "Operating Income": -7593000.0,
        "Operating Expense": 7634000.0,
        "Research And Development": 2205000.0,
        "Selling General And Administration": 5429000.0,
        "Selling And Marketing Expense": NaN,
        "Gross Profit": 41000.0,
        "Cost Of Revenue": 66000.0,
        "Total Revenue": 107000.0,
        "Operating Revenue": 107000.0
    },
    "2024-12-31": {
        "Tax Effect Of Unusual Items": 0.0,
        "Tax Rate For Calcs": 0.0,
        "Normalized EBITDA": -6810000.0,
        "Total Unusual Items": -4258000.0,
        "Total Unusual Items Excluding Goodwill": -4258000.0,
        "Net Income From Continuing Operation Net Minority Interest": -11859000.0,
        "Reconciled Depreciation": 496000.0,
        "Reconciled Cost Of Revenue": 0.0,
        "EBITDA": -11068000.0,
        "EBIT": -11564000.0,
        "Net Interest Income": -294000.0,
        "Interest Expense": 295000.0,
        "Interest Income": 1000.0,
        "Normalized Income": -7601000.0,
        "Net Income From Continuing And Discontinued Operation": -11859000.0,
        "Total Expenses": 7084000.0,
        "Total Operating Income As Reported": -6799000.0,
        "Diluted Average Shares": NaN,
        "Basic Average Shares": NaN,
        "Diluted EPS": NaN,
        "Basic EPS": NaN,
        "Diluted NI Availto Com Stockholders": -11859000.0,
        "Net Income Common Stockholders": -11859000.0,
        "Net Income": -11859000.0,
        "Net Income Including Noncontrolling Interests": -11859000.0,
        "Net Income Continuous Operations": -11859000.0,
        "Pretax Income": -11859000.0,
        "Other Income Expense": -4766000.0,
        "Other Non Operating Income Expenses": -508000.0,
        "Special Income Charges": -4258000.0,
        "Gain On Sale Of Ppe": 0.0,
        "Other Special Charges": NaN,
        "Net Non Operating Interest Income Expense": -294000.0,
        "Interest Expense Non Operating": 295000.0,
        "Interest Income Non Operating": 1000.0,
        "Operating Income": -6799000.0,
        "Operating Expense": 7084000.0,
        "Research And Development": 2051000.0,
        "Selling General And Administration": 5033000.0,
        "Selling And Marketing Expense": NaN,
        "Gross Profit": 285000.0,
        "Cost Of Revenue": 0.0,
        "Total Revenue": 285000.0,
        "Operating Revenue": 285000.0
    },
    "2025-03-31": {
        "Tax Effect Of Unusual Items": 0.0,
        "Tax Rate For Calcs": 0.0,
        "Normalized EBITDA": -5860000.0,
        "Total Unusual Items": 58000.0,
        "Total Unusual Items Excluding Goodwill": 58000.0,
        "Net Income From Continuing Operation Net Minority Interest": -6172000.0,
        "Reconciled Depreciation": 383000.0,
        "Reconciled Cost Of Revenue": 0.0,
        "EBITDA": -5802000.0,
        "EBIT": -6185000.0,
        "Net Interest Income": 160000.0,
        "Interest Expense": NaN,
        "Interest Income": 160000.0,
        "Normalized Income": -6230000.0,
        "Net Income From Continuing And Discontinued Operation": -6172000.0,
        "Total Expenses": 6507000.0,
        "Total Operating Income As Reported": -6185000.0,
        "Diluted Average Shares": 3761542.0,
        "Basic Average Shares": 3761542.0,
        "Diluted EPS": -1.64,
        "Basic EPS": -1.64,
        "Diluted NI Availto Com Stockholders": -6172000.0,
        "Net Income Common Stockholders": -6172000.0,
        "Net Income": -6172000.0,
        "Net Income Including Noncontrolling Interests": -6172000.0,
        "Net Income Continuous Operations": -6172000.0,
        "Pretax Income": -6172000.0,
        "Other Income Expense": -147000.0,
        "Other Non Operating Income Expenses": -205000.0,
        "Special Income Charges": 58000.0,
        "Gain On Sale Of Ppe": NaN,
        "Other Special Charges": -58000.0,
        "Net Non Operating Interest Income Expense": 160000.0,
        "Interest Expense Non Operating": NaN,
        "Interest Income Non Operating": 160000.0,
        "Operating Income": -6185000.0,
        "Operating Expense": 6507000.0,
        "Research And Development": 1915000.0,
        "Selling General And Administration": 4592000.0,
        "Selling And Marketing Expense": NaN,
        "Gross Profit": 322000.0,
        "Cost Of Revenue": 0.0,
        "Total Revenue": 322000.0,
        "Operating Revenue": 322000.0
    },
    "2025-06-30": {
        "Tax Effect Of Unusual Items": 0.0,
        "Tax Rate For Calcs": 0.0,
        "Normalized EBITDA": -6069000.0,
        "Total Unusual Items": 13000.0,
        "Total Unusual Items Excluding Goodwill": 13000.0,
        "Net Income From Continuing Operation Net Minority Interest": -6450000.0,
        "Reconciled Depreciation": 303000.0,
        "Reconciled Cost Of Revenue": 2000.0,
        "EBITDA": -6056000.0,
        "EBIT": -6359000.0,
        "Net Interest Income": -89000.0,
        "Interest Expense": 91000.0,
        "Interest Income": 2000.0,
        "Normalized Income": -6463000.0,
        "Net Income From Continuing And Discontinued Operation": -6450000.0,
        "Total Expenses": 6135000.0,
        "Total Operating Income As Reported": -5944000.0,
        "Diluted Average Shares": 5226377.0,
        "Basic Average Shares": 5226377.0,
        "Diluted EPS": -1.23,
        "Basic EPS": -1.23,
        "Diluted NI Availto Com Stockholders": -6450000.0,
        "Net Income Common Stockholders": -6450000.0,
        "Net Income": -6450000.0,
        "Net Income Including Noncontrolling Interests": -6450000.0,
        "Net Income Continuous Operations": -6450000.0,
        "Pretax Income": -6450000.0,
        "Other Income Expense": -417000.0,
        "Other Non Operating Income Expenses": -430000.0,
        "Special Income Charges": 13000.0,
        "Gain On Sale Of Ppe": 0.0,
        "Other Special Charges": -13000.0,
        "Net Non Operating Interest Income Expense": -89000.0,
        "Interest Expense Non Operating": 91000.0,
        "Interest Income Non Operating": 2000.0,
        "Operating Income": -5944000.0,
        "Operating Expense": 6133000.0,
        "Research And Development": 2193000.0,
        "Selling General And Administration": 3940000.0,
        "Selling And Marketing Expense": NaN,
        "Gross Profit": 189000.0,
        "Cost Of Revenue": 2000.0,
        "Total Revenue": 191000.0,
        "Operating Revenue": 191000.0
    },
    "2025-09-30": {
        "Tax Effect Of Unusual Items": 0.0,
        "Tax Rate For Calcs": 0.0,
        "Normalized EBITDA": -7650000.0,
        "Total Unusual Items": -2898000.0,
        "Total Unusual Items Excluding Goodwill": -2898000.0,
        "Net Income From Continuing Operation Net Minority Interest": -11074000.0,
        "Reconciled Depreciation": 349000.0,
        "Reconciled Cost Of Revenue": 0.0,
        "EBITDA": -10548000.0,
        "EBIT": -10897000.0,
        "Net Interest Income": -177000.0,
        "Interest Expense": 177000.0,
        "Interest Income": 0.0,
        "Normalized Income": -8176000.0,
        "Net Income From Continuing And Discontinued Operation": -11074000.0,
        "Total Expenses": 6480000.0,
        "Total Operating Income As Reported": -6246000.0,
        "Diluted Average Shares": 10276939.0,
        "Basic Average Shares": 10276939.0,
        "Diluted EPS": -1.08,
        "Basic EPS": -1.08,
        "Diluted NI Availto Com Stockholders": -11074000.0,
        "Net Income Common Stockholders": -11074000.0,
        "Net Income": -11074000.0,
        "Net Income Including Noncontrolling Interests": -11074000.0,
        "Net Income Continuous Operations": -11074000.0,
        "Pretax Income": -11074000.0,
        "Other Income Expense": -4651000.0,
        "Other Non Operating Income Expenses": -1753000.0,
        "Special Income Charges": -2898000.0,
        "Gain On Sale Of Ppe": 0.0,
        "Other Special Charges": 2898000.0,
        "Net Non Operating Interest Income Expense": -177000.0,
        "Interest Expense Non Operating": 177000.0,
        "Interest Income Non Operating": 0.0,
        "Operating Income": -6246000.0,
        "Operating Expense": 6480000.0,
        "Research And Development": 2328000.0,
        "Selling General And Administration": 4152000.0,
        "Selling And Marketing Expense": NaN,
        "Gross Profit": 234000.0,
        "Cost Of Revenue": 0.0,
        "Total Revenue": 234000.0,
        "Operating Revenue": 234000.0
    }
}