{
    "2023-03-31": {
        "Tax Effect Of Unusual Items": NaN,
        "Tax Rate For Calcs": NaN,
        "Normalized EBITDA": NaN,
        "Total Unusual Items": 0.0,
        "Total Unusual Items Excluding Goodwill": 0.0,
        "Net Income From Continuing Operation Net Minority Interest": NaN,
        "Reconciled Depreciation": NaN,
        "EBITDA": NaN,
        "EBIT": NaN,
        "Net Interest Income": 0.0,
        "Interest Expense": 0.0,
        "Normalized Income": NaN,
        "Net Income From Continuing And Discontinued Operation": NaN,
        "Total Expenses": NaN,
        "Total Operating Income As Reported": NaN,
        "Diluted Average Shares": NaN,
        "Basic Average Shares": NaN,
        "Diluted EPS": NaN,
        "Basic EPS": NaN,
        "Diluted NI Availto Com Stockholders": NaN,
        "Net Income Common Stockholders": NaN,
        "Net Income": NaN,
        "Net Income Including Noncontrolling Interests": NaN,
        "Net Income Continuous Operations": NaN,
        "Tax Provision": 0.0,
        "Pretax Income": NaN,
        "Other Income Expense": NaN,
        "Other Non Operating Income Expenses": NaN,
        "Special Income Charges": 0.0,
        "Net Non Operating Interest Income Expense": 0.0,
        "Interest Expense Non Operating": 0.0,
        "Operating Income": NaN,
        "Operating Expense": NaN,
        "Research And Development": NaN,
        "Selling General And Administration": NaN,
        "General And Administrative Expense": NaN,
        "Other Gand A": NaN,
        "Total Revenue": NaN,
        "Operating Revenue": NaN
    },
    "2022-12-31": {
        "Tax Effect Of Unusual Items": NaN,
        "Tax Rate For Calcs": NaN,
        "Normalized EBITDA": NaN,
        "Total Unusual Items": 0.0,
        "Total Unusual Items Excluding Goodwill": 0.0,
        "Net Income From Continuing Operation Net Minority Interest": NaN,
        "Reconciled Depreciation": NaN,
        "EBITDA": NaN,
        "EBIT": NaN,
        "Net Interest Income": 0.0,
        "Interest Expense": 0.0,
        "Normalized Income": NaN,
        "Net Income From Continuing And Discontinued Operation": NaN,
        "Total Expenses": NaN,
        "Total Operating Income As Reported": NaN,
        "Diluted Average Shares": 12274000.0,
        "Basic Average Shares": 12274000.0,
        "Diluted EPS": -0.27,
        "Basic EPS": -0.27,
        "Diluted NI Availto Com Stockholders": NaN,
        "Net Income Common Stockholders": NaN,
        "Net Income": NaN,
        "Net Income Including Noncontrolling Interests": NaN,
        "Net Income Continuous Operations": NaN,
        "Tax Provision": 0.0,
        "Pretax Income": NaN,
        "Other Income Expense": NaN,
        "Other Non Operating Income Expenses": NaN,
        "Special Income Charges": 0.0,
        "Net Non Operating Interest Income Expense": 0.0,
        "Interest Expense Non Operating": 0.0,
        "Operating Income": NaN,
        "Operating Expense": NaN,
        "Research And Development": NaN,
        "Selling General And Administration": NaN,
        "General And Administrative Expense": NaN,
        "Other Gand A": NaN,
        "Total Revenue": NaN,
        "Operating Revenue": NaN
    },
    "2022-09-30": {
        "Tax Effect Of Unusual Items": NaN,
        "Tax Rate For Calcs": NaN,
        "Normalized EBITDA": NaN,
        "Total Unusual Items": 0.0,
        "Total Unusual Items Excluding Goodwill": 0.0,
        "Net Income From Continuing Operation Net Minority Interest": NaN,
        "Reconciled Depreciation": NaN,
        "EBITDA": NaN,
        "EBIT": NaN,
        "Net Interest Income": 0.0,
        "Interest Expense": 0.0,
        "Normalized Income": NaN,
        "Net Income From Continuing And Discontinued Operation": NaN,
        "Total Expenses": NaN,
        "Total Operating Income As Reported": NaN,
        "Diluted Average Shares": 12263000.0,
        "Basic Average Shares": 12263000.0,
        "Diluted EPS": -0.28,
        "Basic EPS": -0.28,
        "Diluted NI Availto Com Stockholders": NaN,
        "Net Income Common Stockholders": NaN,
        "Net Income": NaN,
        "Net Income Including Noncontrolling Interests": NaN,
        "Net Income Continuous Operations": NaN,
        "Tax Provision": NaN,
        "Pretax Income": NaN,
        "Other Income Expense": NaN,
        "Other Non Operating Income Expenses": NaN,
        "Special Income Charges": 0.0,
        "Net Non Operating Interest Income Expense": 0.0,
        "Interest Expense Non Operating": 0.0,
        "Operating Income": NaN,
        "Operating Expense": NaN,
        "Research And Development": NaN,
        "Selling General And Administration": NaN,
        "General And Administrative Expense": NaN,
        "Other Gand A": NaN,
        "Total Revenue": NaN,
        "Operating Revenue": NaN
    },
    "2022-06-30": {
        "Tax Effect Of Unusual Items": 0.0,
        "Tax Rate For Calcs": 0.0,
        "Normalized EBITDA": -3448435.0,
        "Total Unusual Items": 0.0,
        "Total Unusual Items Excluding Goodwill": 0.0,
        "Net Income From Continuing Operation Net Minority Interest": -3498791.0,
        "Reconciled Depreciation": 50356.0,
        "EBITDA": -3448435.0,
        "EBIT": -3498791.0,
        "Net Interest Income": 0.0,
        "Interest Expense": 0.0,
        "Normalized Income": -3498791.0,
        "Net Income From Continuing And Discontinued Operation": -3498791.0,
        "Total Expenses": 3499090.0,
        "Total Operating Income As Reported": -3499090.0,
        "Diluted Average Shares": 11588000.0,
        "Basic Average Shares": 11588000.0,
        "Diluted EPS": -0.3,
        "Basic EPS": -0.3,
        "Diluted NI Availto Com Stockholders": -3498791.0,
        "Net Income Common Stockholders": -3498791.0,
        "Net Income": -3498791.0,
        "Net Income Including Noncontrolling Interests": -3498791.0,
        "Net Income Continuous Operations": -3498791.0,
        "Tax Provision": NaN,
        "Pretax Income": -3498791.0,
        "Other Income Expense": 299.0,
        "Other Non Operating Income Expenses": 299.0,
        "Special Income Charges": 0.0,
        "Net Non Operating Interest Income Expense": 0.0,
        "Interest Expense Non Operating": 0.0,
        "Operating Income": -3499090.0,
        "Operating Expense": 3499090.0,
        "Research And Development": 2221984.0,
        "Selling General And Administration": 1277106.0,
        "General And Administrative Expense": 1277106.0,
        "Other Gand A": 1277106.0,
        "Total Revenue": 0.0,
        "Operating Revenue": 0.0
    },
    "2022-03-31": {
        "Diluted EPS": -0.52,
        "Total Revenue": NaN,
        "Gross Profit": NaN,
        "Operating Income": -4,
        "EBIT": -4,
        "Net Income": -5
    },
    "2021-12-31": {
        "Diluted EPS": -0.76,
        "Total Revenue": NaN,
        "Gross Profit": NaN,
        "Operating Income": -4,
        "EBIT": -3,
        "Net Income": -5
    },
    "2021-09-30": {
        "Diluted EPS": -0.69,
        "Total Revenue": NaN,
        "Gross Profit": NaN,
        "Operating Income": -4,
        "EBIT": -3,
        "Net Income": -4
    },
    "2021-06-30": {
        "Diluted EPS": -0.77,
        "Total Revenue": NaN,
        "Gross Profit": NaN,
        "Operating Income": -3,
        "EBIT": -3,
        "Net Income": -5
    },
    "2021-03-31": {
        "Diluted EPS": -0.7,
        "Total Revenue": NaN,
        "Gross Profit": NaN,
        "Operating Income": -2,
        "EBIT": -2,
        "Net Income": -2
    },
    "2020-12-31": {
        "Diluted EPS": -0.3,
        "Total Revenue": NaN,
        "Gross Profit": NaN,
        "Operating Income": -2,
        "EBIT": -2,
        "Net Income": -2
    },
    "2020-09-30": {
        "Diluted EPS": -0.1,
        "Total Revenue": NaN,
        "Gross Profit": NaN,
        "Operating Income": -2,
        "EBIT": -2,
        "Net Income": -2
    },
    "2020-06-30": {
        "Diluted EPS": -0.1,
        "Total Revenue": NaN,
        "Gross Profit": NaN,
        "Operating Income": -2,
        "EBIT": -2,
        "Net Income": -2
    },
    "2020-03-31": {
        "Diluted EPS": -0.12,
        "Total Revenue": NaN,
        "Gross Profit": NaN,
        "Operating Income": -2,
        "EBIT": -2,
        "Net Income": -2
    },
    "2019-12-31": {
        "Diluted EPS": -0.06,
        "Total Revenue": NaN,
        "Gross Profit": NaN,
        "Operating Income": -1,
        "EBIT": -1,
        "Net Income": -1
    },
    "2019-09-30": {
        "Diluted EPS": -0.06,
        "Total Revenue": NaN,
        "Gross Profit": NaN,
        "Operating Income": -1,
        "EBIT": -1,
        "Net Income": -1
    },
    "2019-06-30": {
        "Diluted EPS": -0.06,
        "Total Revenue": NaN,
        "Gross Profit": NaN,
        "Operating Income": -1,
        "EBIT": -1,
        "Net Income": -1
    },
    "2019-03-31": {
        "Diluted EPS": -0.06,
        "Total Revenue": NaN,
        "Gross Profit": NaN,
        "Operating Income": -1,
        "EBIT": -1,
        "Net Income": -1
    },
    "2018-12-31": {
        "Diluted EPS": -0.04,
        "Total Revenue": NaN,
        "Gross Profit": NaN,
        "Operating Income": -1,
        "EBIT": -1,
        "Net Income": -1
    },
    "2018-09-30": {
        "Diluted EPS": -0.03,
        "Total Revenue": NaN,
        "Gross Profit": NaN,
        "Operating Income": -1,
        "EBIT": -1,
        "Net Income": -1
    },
    "2018-06-30": {
        "Diluted EPS": -0.02,
        "Total Revenue": NaN,
        "Gross Profit": NaN,
        "Operating Income": 0,
        "EBIT": 0,
        "Net Income": 0
    },
    "2018-03-31": {
        "Diluted EPS": -0.02,
        "Total Revenue": NaN,
        "Gross Profit": NaN,
        "Operating Income": 0,
        "EBIT": 0,
        "Net Income": 0
    },
    "2017-12-31": {
        "Diluted EPS": -0.02,
        "Total Revenue": NaN,
        "Gross Profit": NaN,
        "Operating Income": 0,
        "EBIT": 0,
        "Net Income": 0
    },
    "2017-09-30": {
        "Diluted EPS": -0.01,
        "Total Revenue": NaN,
        "Gross Profit": NaN,
        "Operating Income": 0,
        "EBIT": 0,
        "Net Income": 0
    },
    "2017-06-30": {
        "Diluted EPS": -0.01,
        "Total Revenue": NaN,
        "Gross Profit": NaN,
        "Operating Income": 0,
        "EBIT": 0,
        "Net Income": 0
    },
    "2023-06-30": {
        "Tax Effect Of Unusual Items": NaN,
        "Tax Rate For Calcs": NaN,
        "Normalized EBITDA": NaN,
        "Net Income From Continuing Operation Net Minority Interest": NaN,
        "Reconciled Depreciation": NaN,
        "EBITDA": NaN,
        "EBIT": NaN,
        "Normalized Income": NaN,
        "Net Income From Continuing And Discontinued Operation": NaN,
        "Total Expenses": NaN,
        "Total Operating Income As Reported": NaN,
        "Diluted Average Shares": 17099000.0,
        "Basic Average Shares": 17099000.0,
        "Diluted EPS": -0.22,
        "Basic EPS": -0.22,
        "Diluted NI Availto Com Stockholders": NaN,
        "Net Income Common Stockholders": NaN,
        "Net Income": NaN,
        "Net Income Including Noncontrolling Interests": NaN,
        "Net Income Continuous Operations": NaN,
        "Tax Provision": NaN,
        "Pretax Income": NaN,
        "Other Income Expense": 14000.0,
        "Other Non Operating Income Expenses": 14000.0,
        "Operating Income": NaN,
        "Operating Expense": NaN,
        "Research And Development": NaN,
        "Selling General And Administration": NaN,
        "General And Administrative Expense": NaN,
        "Other Gand A": NaN,
        "Total Revenue": NaN,
        "Operating Revenue": NaN
    },
    "2023-09-30": {
        "Tax Effect Of Unusual Items": NaN,
        "Tax Rate For Calcs": NaN,
        "Normalized EBITDA": NaN,
        "Net Income From Continuing Operation Net Minority Interest": NaN,
        "Reconciled Depreciation": NaN,
        "EBITDA": NaN,
        "EBIT": NaN,
        "Normalized Income": NaN,
        "Net Income From Continuing And Discontinued Operation": NaN,
        "Total Expenses": NaN,
        "Total Operating Income As Reported": NaN,
        "Diluted Average Shares": 22445000.0,
        "Basic Average Shares": 22445000.0,
        "Diluted EPS": -0.19,
        "Basic EPS": -0.19,
        "Diluted NI Availto Com Stockholders": NaN,
        "Net Income Common Stockholders": NaN,
        "Net Income": NaN,
        "Net Income Including Noncontrolling Interests": NaN,
        "Net Income Continuous Operations": NaN,
        "Tax Provision": 2000.0,
        "Pretax Income": NaN,
        "Other Income Expense": 9000.0,
        "Other Non Operating Income Expenses": 9000.0,
        "Operating Income": NaN,
        "Operating Expense": NaN,
        "Research And Development": NaN,
        "Selling General And Administration": NaN,
        "General And Administrative Expense": NaN,
        "Other Gand A": NaN,
        "Total Revenue": NaN,
        "Operating Revenue": NaN
    },
    "2023-12-31": {
        "Tax Effect Of Unusual Items": 0.0,
        "Tax Rate For Calcs": 0.0,
        "Normalized EBITDA": -5139000.0,
        "Net Income From Continuing Operation Net Minority Interest": -5269000.0,
        "Reconciled Depreciation": 130000.0,
        "EBITDA": -5139000.0,
        "EBIT": -5269000.0,
        "Normalized Income": -5269000.0,
        "Net Income From Continuing And Discontinued Operation": -5269000.0,
        "Total Expenses": 5269000.0,
        "Total Operating Income As Reported": -5269000.0,
        "Diluted Average Shares": 22540000.0,
        "Basic Average Shares": 22540000.0,
        "Diluted EPS": -0.23,
        "Basic EPS": -0.23,
        "Diluted NI Availto Com Stockholders": -5269000.0,
        "Net Income Common Stockholders": -5269000.0,
        "Net Income": -5269000.0,
        "Net Income Including Noncontrolling Interests": -5269000.0,
        "Net Income Continuous Operations": -5269000.0,
        "Tax Provision": 0.0,
        "Pretax Income": -5269000.0,
        "Other Income Expense": NaN,
        "Other Non Operating Income Expenses": NaN,
        "Operating Income": -5269000.0,
        "Operating Expense": 5269000.0,
        "Research And Development": 3838000.0,
        "Selling General And Administration": 1431000.0,
        "General And Administrative Expense": 1431000.0,
        "Other Gand A": 1431000.0,
        "Total Revenue": 0.0,
        "Operating Revenue": 0.0
    },
    "2024-03-31": {
        "Tax Effect Of Unusual Items": 0.0,
        "Tax Rate For Calcs": 0.0,
        "Normalized EBITDA": -4176000.0,
        "Net Income From Continuing Operation Net Minority Interest": -4281000.0,
        "Reconciled Depreciation": 143000.0,
        "EBITDA": -4176000.0,
        "EBIT": -4319000.0,
        "Normalized Income": -4281000.0,
        "Net Income From Continuing And Discontinued Operation": -4281000.0,
        "Total Expenses": 4319000.0,
        "Total Operating Income As Reported": -4319000.0,
        "Diluted Average Shares": NaN,
        "Basic Average Shares": NaN,
        "Diluted EPS": NaN,
        "Basic EPS": NaN,
        "Diluted NI Availto Com Stockholders": -4281000.0,
        "Net Income Common Stockholders": -4281000.0,
        "Net Income": -4281000.0,
        "Net Income Including Noncontrolling Interests": -4281000.0,
        "Net Income Continuous Operations": -4281000.0,
        "Tax Provision": 0.0,
        "Pretax Income": -4281000.0,
        "Other Income Expense": 38000.0,
        "Other Non Operating Income Expenses": 38000.0,
        "Operating Income": -4319000.0,
        "Operating Expense": 4319000.0,
        "Research And Development": 3676000.0,
        "Selling General And Administration": 643000.0,
        "General And Administrative Expense": 643000.0,
        "Other Gand A": 643000.0,
        "Total Revenue": 0.0,
        "Operating Revenue": 0.0
    },
    "2024-06-30": {
        "Tax Effect Of Unusual Items": 0.0,
        "Tax Rate For Calcs": 0.0,
        "Normalized EBITDA": -4024000.0,
        "Net Income From Continuing Operation Net Minority Interest": -4137000.0,
        "Reconciled Depreciation": 196000.0,
        "EBITDA": -4024000.0,
        "EBIT": -4220000.0,
        "Normalized Income": -4137000.0,
        "Net Income From Continuing And Discontinued Operation": -4137000.0,
        "Total Expenses": 4220000.0,
        "Total Operating Income As Reported": -4220000.0,
        "Diluted Average Shares": 33884000.0,
        "Basic Average Shares": 33884000.0,
        "Diluted EPS": -0.12,
        "Basic EPS": -0.12,
        "Diluted NI Availto Com Stockholders": -4137000.0,
        "Net Income Common Stockholders": -4137000.0,
        "Net Income": -4137000.0,
        "Net Income Including Noncontrolling Interests": -4137000.0,
        "Net Income Continuous Operations": -4137000.0,
        "Tax Provision": NaN,
        "Pretax Income": -4137000.0,
        "Other Income Expense": 83000.0,
        "Other Non Operating Income Expenses": 83000.0,
        "Operating Income": -4220000.0,
        "Operating Expense": 4220000.0,
        "Research And Development": 3205000.0,
        "Selling General And Administration": 1015000.0,
        "General And Administrative Expense": 1015000.0,
        "Other Gand A": 1015000.0,
        "Total Revenue": 0.0,
        "Operating Revenue": 0.0
    },
    "2024-09-30": {
        "Tax Effect Of Unusual Items": 0.0,
        "Tax Rate For Calcs": 0.21,
        "Normalized EBITDA": -4736000.0,
        "Net Income From Continuing Operation Net Minority Interest": -4956000.0,
        "Reconciled Depreciation": 260000.0,
        "EBITDA": -4736000.0,
        "EBIT": -4996000.0,
        "Normalized Income": -4956000.0,
        "Net Income From Continuing And Discontinued Operation": -4956000.0,
        "Total Expenses": 4996000.0,
        "Total Operating Income As Reported": -4996000.0,
        "Diluted Average Shares": 34338000.0,
        "Basic Average Shares": 34338000.0,
        "Diluted EPS": -0.14,
        "Basic EPS": -0.14,
        "Diluted NI Availto Com Stockholders": -4956000.0,
        "Net Income Common Stockholders": -4956000.0,
        "Net Income": -4956000.0,
        "Net Income Including Noncontrolling Interests": -4956000.0,
        "Net Income Continuous Operations": -4956000.0,
        "Tax Provision": 2000.0,
        "Pretax Income": -4954000.0,
        "Other Income Expense": 42000.0,
        "Other Non Operating Income Expenses": 42000.0,
        "Operating Income": -4996000.0,
        "Operating Expense": 4996000.0,
        "Research And Development": 3702000.0,
        "Selling General And Administration": 1294000.0,
        "General And Administrative Expense": 1294000.0,
        "Other Gand A": 1294000.0,
        "Total Revenue": 0.0,
        "Operating Revenue": 0.0
    },
    "2024-12-31": {
        "Tax Effect Of Unusual Items": 0.0,
        "Tax Rate For Calcs": 0.0,
        "Normalized EBITDA": -4573000.0,
        "Net Income From Continuing Operation Net Minority Interest": -4804000.0,
        "Reconciled Depreciation": 281000.0,
        "EBITDA": -4573000.0,
        "EBIT": -4854000.0,
        "Normalized Income": -4804000.0,
        "Net Income From Continuing And Discontinued Operation": -4804000.0,
        "Total Expenses": 4854000.0,
        "Total Operating Income As Reported": -4854000.0,
        "Diluted Average Shares": 37807000.0,
        "Basic Average Shares": 37807000.0,
        "Diluted EPS": -0.13,
        "Basic EPS": -0.13,
        "Diluted NI Availto Com Stockholders": -4804000.0,
        "Net Income Common Stockholders": -4804000.0,
        "Net Income": -4804000.0,
        "Net Income Including Noncontrolling Interests": -4804000.0,
        "Net Income Continuous Operations": -4804000.0,
        "Tax Provision": 0.0,
        "Pretax Income": -4804000.0,
        "Other Income Expense": 50000.0,
        "Other Non Operating Income Expenses": 50000.0,
        "Operating Income": -4854000.0,
        "Operating Expense": 4854000.0,
        "Research And Development": 3853000.0,
        "Selling General And Administration": 1001000.0,
        "General And Administrative Expense": 1001000.0,
        "Other Gand A": 1001000.0,
        "Total Revenue": 0.0,
        "Operating Revenue": 0.0
    }
}