{
    "2023-06-30": {
        "Tax Effect Of Unusual Items": 0.0,
        "Tax Rate For Calcs": 0.257212,
        "Normalized EBITDA": 485000000.0,
        "Net Income From Continuing Operation Net Minority Interest": 309000000.0,
        "Reconciled Depreciation": 42000000.0,
        "Reconciled Cost Of Revenue": 7207000000.0,
        "EBITDA": 485000000.0,
        "EBIT": 443000000.0,
        "Net Interest Income": -27000000.0,
        "Interest Expense": 27000000.0,
        "Normalized Income": 309000000.0,
        "Net Income From Continuing And Discontinued Operation": 309000000.0,
        "Total Expenses": 7884000000.0,
        "Total Operating Income As Reported": 443000000.0,
        "Diluted Average Shares": 58000000.0,
        "Basic Average Shares": 58000000.0,
        "Diluted EPS": 5.327586,
        "Basic EPS": 5.327586,
        "Diluted NI Availto Com Stockholders": 309000000.0,
        "Net Income Common Stockholders": 309000000.0,
        "Net Income": 309000000.0,
        "Net Income Including Noncontrolling Interests": 309000000.0,
        "Net Income Continuous Operations": 309000000.0,
        "Tax Provision": 107000000.0,
        "Pretax Income": 416000000.0,
        "Net Non Operating Interest Income Expense": -27000000.0,
        "Interest Expense Non Operating": 27000000.0,
        "Operating Income": 443000000.0,
        "Operating Expense": 677000000.0,
        "Other Operating Expenses": 17000000.0,
        "Depreciation Amortization Depletion Income Statement": 42000000.0,
        "Depreciation And Amortization In Income Statement": 42000000.0,
        "Selling General And Administration": 618000000.0,
        "General And Administrative Expense": 618000000.0,
        "Other Gand A": 618000000.0,
        "Gross Profit": 1120000000.0,
        "Cost Of Revenue": 7207000000.0,
        "Total Revenue": 8327000000.0,
        "Operating Revenue": 8042000000.0
    },
    "2023-03-31": {
        "Tax Effect Of Unusual Items": 0.0,
        "Tax Rate For Calcs": 0.25,
        "Normalized EBITDA": 499000000.0,
        "Net Income From Continuing Operation Net Minority Interest": 321000000.0,
        "Reconciled Depreciation": 44000000.0,
        "Reconciled Cost Of Revenue": 7043000000.0,
        "EBITDA": 499000000.0,
        "EBIT": 455000000.0,
        "Net Interest Income": -28000000.0,
        "Interest Expense": 28000000.0,
        "Normalized Income": 321000000.0,
        "Net Income From Continuing And Discontinued Operation": 321000000.0,
        "Total Expenses": 7694000000.0,
        "Total Operating Income As Reported": 455000000.0,
        "Diluted Average Shares": 58000000.0,
        "Basic Average Shares": 57500000.0,
        "Diluted EPS": 5.52,
        "Basic EPS": 5.58,
        "Diluted NI Availto Com Stockholders": 321000000.0,
        "Net Income Common Stockholders": 321000000.0,
        "Net Income": 321000000.0,
        "Net Income Including Noncontrolling Interests": 321000000.0,
        "Net Income Continuous Operations": 321000000.0,
        "Tax Provision": 106000000.0,
        "Pretax Income": 427000000.0,
        "Net Non Operating Interest Income Expense": -28000000.0,
        "Interest Expense Non Operating": 28000000.0,
        "Operating Income": 455000000.0,
        "Operating Expense": 651000000.0,
        "Other Operating Expenses": 16000000.0,
        "Depreciation Amortization Depletion Income Statement": 44000000.0,
        "Depreciation And Amortization In Income Statement": 44000000.0,
        "Selling General And Administration": 591000000.0,
        "General And Administrative Expense": 591000000.0,
        "Other Gand A": 591000000.0,
        "Gross Profit": 1106000000.0,
        "Cost Of Revenue": 7043000000.0,
        "Total Revenue": 8149000000.0,
        "Operating Revenue": 7885000000.0
    },
    "2022-12-31": {
        "Tax Effect Of Unusual Items": 0.0,
        "Tax Rate For Calcs": 0.282051,
        "Normalized EBITDA": 152000000.0,
        "Net Income From Continuing Operation Net Minority Interest": 56000000.0,
        "Reconciled Depreciation": 47000000.0,
        "Reconciled Cost Of Revenue": 7219000000.0,
        "EBITDA": 152000000.0,
        "EBIT": 105000000.0,
        "Net Interest Income": -27000000.0,
        "Interest Expense": 27000000.0,
        "Normalized Income": 56000000.0,
        "Net Income From Continuing And Discontinued Operation": 56000000.0,
        "Total Expenses": 7910000000.0,
        "Total Operating Income As Reported": 105000000.0,
        "Diluted Average Shares": 58400000.0,
        "Basic Average Shares": 58000000.0,
        "Diluted EPS": 0.96,
        "Basic EPS": 0.965517,
        "Diluted NI Availto Com Stockholders": 56000000.0,
        "Net Income Common Stockholders": 56000000.0,
        "Net Income": 56000000.0,
        "Net Income Including Noncontrolling Interests": 56000000.0,
        "Net Income Continuous Operations": 56000000.0,
        "Tax Provision": 22000000.0,
        "Pretax Income": 78000000.0,
        "Net Non Operating Interest Income Expense": -27000000.0,
        "Interest Expense Non Operating": 27000000.0,
        "Operating Income": 313000000.0,
        "Operating Expense": 691000000.0,
        "Other Operating Expenses": 15000000.0,
        "Depreciation Amortization Depletion Income Statement": 47000000.0,
        "Depreciation And Amortization In Income Statement": 47000000.0,
        "Selling General And Administration": 629000000.0,
        "General And Administrative Expense": 629000000.0,
        "Other Gand A": 629000000.0,
        "Gross Profit": 1004000000.0,
        "Cost Of Revenue": 7219000000.0,
        "Total Revenue": 8223000000.0,
        "Operating Revenue": 7917000000.0
    },
    "2022-09-30": {
        "Tax Effect Of Unusual Items": 0.0,
        "Tax Rate For Calcs": 0.249,
        "Normalized EBITDA": 380000000.0,
        "Total Unusual Items": NaN,
        "Total Unusual Items Excluding Goodwill": NaN,
        "Net Income From Continuing Operation Net Minority Interest": 230000000.0,
        "Reconciled Depreciation": 45000000.0,
        "Reconciled Cost Of Revenue": 6971000000.0,
        "EBITDA": 380000000.0,
        "EBIT": 335000000.0,
        "Net Interest Income": -28000000.0,
        "Interest Expense": 28000000.0,
        "Normalized Income": 230000000.0,
        "Net Income From Continuing And Discontinued Operation": 230000000.0,
        "Total Expenses": 7592000000.0,
        "Total Operating Income As Reported": 335000000.0,
        "Diluted Average Shares": 58300000.0,
        "Basic Average Shares": 57600000.0,
        "Diluted EPS": 3.95,
        "Basic EPS": 4.0,
        "Diluted NI Availto Com Stockholders": 230000000.0,
        "Net Income Common Stockholders": 230000000.0,
        "Net Income": 230000000.0,
        "Net Income Including Noncontrolling Interests": 230000000.0,
        "Net Income Continuous Operations": 230000000.0,
        "Tax Provision": 77000000.0,
        "Pretax Income": 307000000.0,
        "Other Income Expense": NaN,
        "Special Income Charges": NaN,
        "Write Off": NaN,
        "Net Non Operating Interest Income Expense": -28000000.0,
        "Interest Expense Non Operating": 28000000.0,
        "Operating Income": 335000000.0,
        "Operating Expense": 621000000.0,
        "Other Operating Expenses": 16000000.0,
        "Depreciation Amortization Depletion Income Statement": 45000000.0,
        "Depreciation And Amortization In Income Statement": 45000000.0,
        "Selling General And Administration": 560000000.0,
        "General And Administrative Expense": 560000000.0,
        "Other Gand A": 560000000.0,
        "Gross Profit": 956000000.0,
        "Cost Of Revenue": 6971000000.0,
        "Total Revenue": 7927000000.0,
        "Operating Revenue": 7636000000.0
    },
    "2022-06-30": {
        "Tax Effect Of Unusual Items": 0.0,
        "Tax Rate For Calcs": 0.258,
        "Normalized EBITDA": 405000000.0,
        "Total Unusual Items": NaN,
        "Total Unusual Items Excluding Goodwill": NaN,
        "Net Income From Continuing Operation Net Minority Interest": 248000000.0,
        "Reconciled Depreciation": 44000000.0,
        "Reconciled Cost Of Revenue": 7087000000.0,
        "EBITDA": 405000000.0,
        "EBIT": 361000000.0,
        "Net Interest Income": -27000000.0,
        "Interest Expense": 27000000.0,
        "Normalized Income": 248000000.0,
        "Net Income From Continuing And Discontinued Operation": 248000000.0,
        "Total Expenses": 7693000000.0,
        "Total Operating Income As Reported": 361000000.0,
        "Diluted Average Shares": 58400000.0,
        "Basic Average Shares": 57800000.0,
        "Diluted EPS": 4.25,
        "Basic EPS": 4.29,
        "Diluted NI Availto Com Stockholders": 248000000.0,
        "Net Income Common Stockholders": 248000000.0,
        "Net Income": 248000000.0,
        "Net Income Including Noncontrolling Interests": 248000000.0,
        "Net Income Continuous Operations": 248000000.0,
        "Tax Provision": 86000000.0,
        "Pretax Income": 334000000.0,
        "Other Income Expense": NaN,
        "Special Income Charges": NaN,
        "Write Off": NaN,
        "Net Non Operating Interest Income Expense": -27000000.0,
        "Interest Expense Non Operating": 27000000.0,
        "Operating Income": 361000000.0,
        "Operating Expense": 606000000.0,
        "Other Operating Expenses": 11000000.0,
        "Depreciation Amortization Depletion Income Statement": 44000000.0,
        "Depreciation And Amortization In Income Statement": 44000000.0,
        "Selling General And Administration": 551000000.0,
        "General And Administrative Expense": 551000000.0,
        "Other Gand A": 551000000.0,
        "Gross Profit": 967000000.0,
        "Cost Of Revenue": 7087000000.0,
        "Total Revenue": 8054000000.0,
        "Operating Revenue": 7799000000.0
    },
    "2022-03-31": {
        "Diluted EPS": 4.39,
        "Total Revenue": NaN,
        "Gross Profit": NaN,
        "Operating Income": 372,
        "EBIT": 412,
        "Net Income": 258
    },
    "2021-12-31": {
        "Diluted EPS": 1.74,
        "Total Revenue": NaN,
        "Gross Profit": NaN,
        "Operating Income": 191,
        "EBIT": 226,
        "Net Income": 103
    },
    "2021-09-30": {
        "Diluted EPS": 2.46,
        "Total Revenue": NaN,
        "Gross Profit": 991,
        "Operating Income": 221,
        "EBIT": 253,
        "Net Income": 143
    },
    "2021-06-30": {
        "Diluted EPS": 3.16,
        "Total Revenue": NaN,
        "Gross Profit": 981,
        "Operating Income": 273,
        "EBIT": 304,
        "Net Income": 185
    },
    "2021-03-31": {
        "Diluted EPS": 3.89,
        "Total Revenue": NaN,
        "Gross Profit": NaN,
        "Operating Income": 335,
        "EBIT": 368,
        "Net Income": 228
    },
    "2020-12-31": {
        "Diluted EPS": 0.56,
        "Total Revenue": NaN,
        "Gross Profit": 827,
        "Operating Income": 91,
        "EBIT": 115,
        "Net Income": 34
    },
    "2020-09-30": {
        "Diluted EPS": 3.1,
        "Total Revenue": NaN,
        "Gross Profit": 923,
        "Operating Income": 289,
        "EBIT": 312,
        "Net Income": 185
    },
    "2020-06-30": {
        "Diluted EPS": 4.65,
        "Total Revenue": NaN,
        "Gross Profit": NaN,
        "Operating Income": 424,
        "EBIT": 445,
        "Net Income": 276
    },
    "2020-03-31": {
        "Diluted EPS": 2.92,
        "Total Revenue": NaN,
        "Gross Profit": 833,
        "Operating Income": 274,
        "EBIT": 294,
        "Net Income": 178
    },
    "2019-12-31": {
        "Diluted EPS": 2.67,
        "Total Revenue": NaN,
        "Gross Profit": 729,
        "Operating Income": 242,
        "EBIT": 263,
        "Net Income": 168
    },
    "2019-09-30": {
        "Diluted EPS": 2.75,
        "Total Revenue": NaN,
        "Gross Profit": 720,
        "Operating Income": 257,
        "EBIT": 278,
        "Net Income": 175
    },
    "2019-06-30": {
        "Diluted EPS": 3.06,
        "Total Revenue": NaN,
        "Gross Profit": 727,
        "Operating Income": 265,
        "EBIT": 287,
        "Net Income": 196
    },
    "2019-03-31": {
        "Diluted EPS": 2.99,
        "Total Revenue": NaN,
        "Gross Profit": 748,
        "Operating Income": 280,
        "EBIT": 305,
        "Net Income": 198
    },
    "2018-12-31": {
        "Diluted EPS": 3.05,
        "Total Revenue": NaN,
        "Gross Profit": 874,
        "Operating Income": 272,
        "EBIT": 277,
        "Net Income": 201
    },
    "2018-09-30": {
        "Diluted EPS": 2.9,
        "Total Revenue": NaN,
        "Gross Profit": 796,
        "Operating Income": 295,
        "EBIT": 331,
        "Net Income": 197
    },
    "2018-06-30": {
        "Diluted EPS": 3.02,
        "Total Revenue": NaN,
        "Gross Profit": 915,
        "Operating Income": 342,
        "EBIT": 384,
        "Net Income": 202
    },
    "2018-03-31": {
        "Diluted EPS": 1.64,
        "Total Revenue": NaN,
        "Gross Profit": 804,
        "Operating Income": 222,
        "EBIT": 266,
        "Net Income": 107
    },
    "2017-12-31": {
        "Diluted EPS": -4.64,
        "Total Revenue": NaN,
        "Gross Profit": 575,
        "Operating Income": -269,
        "EBIT": -222,
        "Net Income": -262
    },
    "2017-09-30": {
        "Diluted EPS": -1.7,
        "Total Revenue": NaN,
        "Gross Profit": 688,
        "Operating Income": -81,
        "EBIT": -30,
        "Net Income": -97
    },
    "2017-06-30": {
        "Diluted EPS": -4.1,
        "Total Revenue": NaN,
        "Gross Profit": 384,
        "Operating Income": -287,
        "EBIT": -224,
        "Net Income": -230
    },
    "2017-03-31": {
        "Diluted EPS": 1.37,
        "Total Revenue": NaN,
        "Gross Profit": 671,
        "Operating Income": 82,
        "EBIT": 131,
        "Net Income": 77
    },
    "2016-12-31": {
        "Diluted EPS": -0.85,
        "Total Revenue": NaN,
        "Gross Profit": 567,
        "Operating Income": -6,
        "EBIT": 18,
        "Net Income": -47
    },
    "2016-09-30": {
        "Diluted EPS": 0.76,
        "Total Revenue": NaN,
        "Gross Profit": 679,
        "Operating Income": 118,
        "EBIT": 187,
        "Net Income": 42
    },
    "2016-06-30": {
        "Diluted EPS": 0.58,
        "Total Revenue": NaN,
        "Gross Profit": 649,
        "Operating Income": 105,
        "EBIT": 150,
        "Net Income": 33
    },
    "2016-03-31": {
        "Diluted EPS": 0.43,
        "Total Revenue": NaN,
        "Gross Profit": 628,
        "Operating Income": 89,
        "EBIT": 133,
        "Net Income": 24
    },
    "2015-12-31": {
        "Diluted EPS": 0.53,
        "Total Revenue": NaN,
        "Gross Profit": 568,
        "Operating Income": 76,
        "EBIT": 117,
        "Net Income": 30
    },
    "2015-09-30": {
        "Diluted EPS": 0.77,
        "Total Revenue": NaN,
        "Gross Profit": 561,
        "Operating Income": 113,
        "EBIT": 151,
        "Net Income": 46
    },
    "2015-06-30": {
        "Diluted EPS": 0.72,
        "Total Revenue": NaN,
        "Gross Profit": 563,
        "Operating Income": 116,
        "EBIT": 153,
        "Net Income": 39
    },
    "2015-03-31": {
        "Diluted EPS": 0.56,
        "Total Revenue": NaN,
        "Gross Profit": 499,
        "Operating Income": 82,
        "EBIT": 122,
        "Net Income": 28
    },
    "2014-12-31": {
        "Diluted EPS": 0.71,
        "Total Revenue": NaN,
        "Gross Profit": 440,
        "Operating Income": 97,
        "EBIT": 138,
        "Net Income": 34
    },
    "2014-09-30": {
        "Diluted EPS": 0.33,
        "Total Revenue": NaN,
        "Gross Profit": 346,
        "Operating Income": 40,
        "EBIT": 94,
        "Net Income": 16
    },
    "2014-06-30": {
        "Diluted EPS": 0.16,
        "Total Revenue": NaN,
        "Gross Profit": 341,
        "Operating Income": 32,
        "EBIT": 58,
        "Net Income": 8
    },
    "2014-03-31": {
        "Diluted EPS": 0.09,
        "Total Revenue": NaN,
        "Gross Profit": 307,
        "Operating Income": 24,
        "EBIT": 64,
        "Net Income": 4
    },
    "2013-12-31": {
        "Diluted EPS": -0.2,
        "Total Revenue": NaN,
        "Gross Profit": 250,
        "Operating Income": -2,
        "EBIT": 8,
        "Net Income": -9
    },
    "2013-09-30": {
        "Diluted EPS": 0.16,
        "Total Revenue": NaN,
        "Gross Profit": 264,
        "Operating Income": 25,
        "EBIT": 59,
        "Net Income": 8
    },
    "2013-06-30": {
        "Diluted EPS": 0.53,
        "Total Revenue": NaN,
        "Gross Profit": 272,
        "Operating Income": 46,
        "EBIT": 69,
        "Net Income": 25
    },
    "2013-03-31": {
        "Diluted EPS": 0.64,
        "Total Revenue": NaN,
        "Gross Profit": 263,
        "Operating Income": 68,
        "EBIT": 96,
        "Net Income": 30
    },
    "2012-12-31": {
        "Diluted EPS": 0.55,
        "Total Revenue": NaN,
        "Gross Profit": 256,
        "Operating Income": 55,
        "EBIT": 71,
        "Net Income": 26
    },
    "2012-09-30": {
        "Diluted EPS": 0.07,
        "Total Revenue": NaN,
        "Gross Profit": 183,
        "Operating Income": 2,
        "EBIT": 26,
        "Net Income": 3
    },
    "2012-06-30": {
        "Diluted EPS": -0.8,
        "Total Revenue": NaN,
        "Gross Profit": 131,
        "Operating Income": -49,
        "EBIT": -25,
        "Net Income": -37
    },
    "2012-03-31": {
        "Diluted EPS": 0.39,
        "Total Revenue": NaN,
        "Gross Profit": 212,
        "Operating Income": 33,
        "EBIT": 54,
        "Net Income": 18
    },
    "2011-12-31": {
        "Diluted EPS": -0.72,
        "Total Revenue": NaN,
        "Gross Profit": 196,
        "Operating Income": 40,
        "EBIT": 128,
        "Net Income": -33
    },
    "2011-09-30": {
        "Diluted EPS": 0.41,
        "Total Revenue": NaN,
        "Gross Profit": 183,
        "Operating Income": 34,
        "EBIT": 55,
        "Net Income": 19
    },
    "2011-06-30": {
        "Diluted EPS": 0.38,
        "Total Revenue": NaN,
        "Gross Profit": 179,
        "Operating Income": 31,
        "EBIT": 50,
        "Net Income": 17
    },
    "2011-03-31": {
        "Diluted EPS": 0.38,
        "Total Revenue": NaN,
        "Gross Profit": 175,
        "Operating Income": 31,
        "EBIT": 52,
        "Net Income": 17
    },
    "2010-12-31": {
        "Diluted EPS": 0.4,
        "Total Revenue": NaN,
        "Gross Profit": 181,
        "Operating Income": 33,
        "EBIT": 55,
        "Net Income": 18
    },
    "2010-09-30": {
        "Diluted EPS": 0.38,
        "Total Revenue": NaN,
        "Gross Profit": 166,
        "Operating Income": 30,
        "EBIT": 48,
        "Net Income": 16
    },
    "2010-06-30": {
        "Diluted EPS": 0.27,
        "Total Revenue": 999,
        "Gross Profit": 145,
        "Operating Income": 21,
        "EBIT": 36,
        "Net Income": 11
    },
    "2010-03-31": {
        "Diluted EPS": 0.27,
        "Total Revenue": 967,
        "Gross Profit": 144,
        "Operating Income": 20,
        "EBIT": 31,
        "Net Income": 11
    },
    "2009-12-31": {
        "Diluted EPS": -0.11,
        "Total Revenue": 964,
        "Gross Profit": 122,
        "Operating Income": -6,
        "EBIT": 5,
        "Net Income": -4
    },
    "2009-09-30": {
        "Diluted EPS": 0.22,
        "Total Revenue": 917,
        "Gross Profit": 124,
        "Operating Income": 15,
        "EBIT": 25,
        "Net Income": 9
    },
    "2009-06-30": {
        "Diluted EPS": 0.37,
        "Total Revenue": 928,
        "Gross Profit": 124,
        "Operating Income": 19,
        "EBIT": 29,
        "Net Income": 15
    },
    "2009-03-31": {
        "Diluted EPS": 0.31,
        "Total Revenue": 861,
        "Gross Profit": 123,
        "Operating Income": 23,
        "EBIT": 33,
        "Net Income": 12
    },
    "2023-09-30": {
        "Tax Effect Of Unusual Items": NaN,
        "Tax Rate For Calcs": NaN,
        "Normalized EBITDA": NaN,
        "Net Income From Continuing Operation Net Minority Interest": NaN,
        "Reconciled Depreciation": NaN,
        "Reconciled Cost Of Revenue": NaN,
        "EBITDA": NaN,
        "EBIT": NaN,
        "Net Interest Income": NaN,
        "Interest Expense": NaN,
        "Normalized Income": NaN,
        "Net Income From Continuing And Discontinued Operation": NaN,
        "Total Expenses": NaN,
        "Total Operating Income As Reported": NaN,
        "Diluted Average Shares": 58300000.0,
        "Basic Average Shares": 58300000.0,
        "Diluted EPS": 4.202401,
        "Basic EPS": 4.202401,
        "Diluted NI Availto Com Stockholders": NaN,
        "Net Income Common Stockholders": NaN,
        "Net Income": NaN,
        "Net Income Including Noncontrolling Interests": NaN,
        "Net Income Continuous Operations": NaN,
        "Tax Provision": NaN,
        "Pretax Income": NaN,
        "Net Non Operating Interest Income Expense": NaN,
        "Interest Expense Non Operating": NaN,
        "Operating Income": NaN,
        "Operating Expense": NaN,
        "Other Operating Expenses": NaN,
        "Depreciation Amortization Depletion Income Statement": NaN,
        "Depreciation And Amortization In Income Statement": NaN,
        "Selling General And Administration": NaN,
        "General And Administrative Expense": NaN,
        "Other Gand A": NaN,
        "Gross Profit": NaN,
        "Cost Of Revenue": NaN,
        "Total Revenue": NaN,
        "Operating Revenue": NaN
    },
    "2023-12-31": {
        "Tax Effect Of Unusual Items": 0.0,
        "Tax Rate For Calcs": 0.252595,
        "Normalized EBITDA": 359000000.0,
        "Net Income From Continuing Operation Net Minority Interest": 216000000.0,
        "Reconciled Depreciation": 43000000.0,
        "Reconciled Cost Of Revenue": 8006000000.0,
        "EBITDA": 359000000.0,
        "EBIT": 316000000.0,
        "Net Interest Income": -27000000.0,
        "Interest Expense": 27000000.0,
        "Normalized Income": 216000000.0,
        "Net Income From Continuing And Discontinued Operation": 216000000.0,
        "Total Expenses": 8732000000.0,
        "Total Operating Income As Reported": 316000000.0,
        "Diluted Average Shares": 58300000.0,
        "Basic Average Shares": 58300000.0,
        "Diluted EPS": 3.7,
        "Basic EPS": 3.704974,
        "Diluted NI Availto Com Stockholders": 216000000.0,
        "Net Income Common Stockholders": 216000000.0,
        "Net Income": 216000000.0,
        "Net Income Including Noncontrolling Interests": 216000000.0,
        "Net Income Continuous Operations": 216000000.0,
        "Tax Provision": 73000000.0,
        "Pretax Income": 289000000.0,
        "Net Non Operating Interest Income Expense": -27000000.0,
        "Interest Expense Non Operating": 27000000.0,
        "Operating Income": 316000000.0,
        "Operating Expense": 726000000.0,
        "Other Operating Expenses": 38000000.0,
        "Depreciation Amortization Depletion Income Statement": 43000000.0,
        "Depreciation And Amortization In Income Statement": 43000000.0,
        "Selling General And Administration": 645000000.0,
        "General And Administrative Expense": 645000000.0,
        "Other Gand A": 645000000.0,
        "Gross Profit": 1042000000.0,
        "Cost Of Revenue": 8006000000.0,
        "Total Revenue": 9048000000.0,
        "Operating Revenue": 8362000000.0
    },
    "2024-03-31": {
        "Tax Effect Of Unusual Items": 0.0,
        "Tax Rate For Calcs": 0.245,
        "Normalized EBITDA": 471000000.0,
        "Net Income From Continuing Operation Net Minority Interest": 301000000.0,
        "Reconciled Depreciation": 45000000.0,
        "Reconciled Cost Of Revenue": 8711000000.0,
        "EBITDA": 471000000.0,
        "EBIT": 426000000.0,
        "Net Interest Income": -27000000.0,
        "Interest Expense": 27000000.0,
        "Normalized Income": 301000000.0,
        "Net Income From Continuing And Discontinued Operation": 301000000.0,
        "Total Expenses": 9505000000.0,
        "Total Operating Income As Reported": 426000000.0,
        "Diluted Average Shares": 58583802.0,
        "Basic Average Shares": 58583802.0,
        "Diluted EPS": 5.137939,
        "Basic EPS": 5.137939,
        "Diluted NI Availto Com Stockholders": 301000000.0,
        "Net Income Common Stockholders": 301000000.0,
        "Net Income": 301000000.0,
        "Net Income Including Noncontrolling Interests": 301000000.0,
        "Net Income Continuous Operations": 301000000.0,
        "Tax Provision": 98000000.0,
        "Pretax Income": 399000000.0,
        "Net Non Operating Interest Income Expense": -27000000.0,
        "Interest Expense Non Operating": 27000000.0,
        "Operating Income": 426000000.0,
        "Operating Expense": 794000000.0,
        "Other Operating Expenses": 38000000.0,
        "Depreciation Amortization Depletion Income Statement": 45000000.0,
        "Depreciation And Amortization In Income Statement": 45000000.0,
        "Selling General And Administration": 711000000.0,
        "General And Administrative Expense": 711000000.0,
        "Other Gand A": 711000000.0,
        "Gross Profit": 1220000000.0,
        "Cost Of Revenue": 8711000000.0,
        "Total Revenue": 9931000000.0,
        "Operating Revenue": 9504000000.0
    },
    "2024-06-30": {
        "Tax Effect Of Unusual Items": 0.0,
        "Tax Rate For Calcs": 0.258,
        "Normalized EBITDA": 480000000.0,
        "Net Income From Continuing Operation Net Minority Interest": 301000000.0,
        "Reconciled Depreciation": 46000000.0,
        "Reconciled Cost Of Revenue": 8666000000.0,
        "EBITDA": 480000000.0,
        "EBIT": 434000000.0,
        "Net Interest Income": -28000000.0,
        "Interest Expense": 28000000.0,
        "Normalized Income": 301000000.0,
        "Net Income From Continuing And Discontinued Operation": 301000000.0,
        "Total Expenses": 9446000000.0,
        "Total Operating Income As Reported": 434000000.0,
        "Diluted Average Shares": 59000000.0,
        "Basic Average Shares": 59000000.0,
        "Diluted EPS": 5.101695,
        "Basic EPS": 5.101695,
        "Diluted NI Availto Com Stockholders": 301000000.0,
        "Net Income Common Stockholders": 301000000.0,
        "Net Income": 301000000.0,
        "Net Income Including Noncontrolling Interests": 301000000.0,
        "Net Income Continuous Operations": 301000000.0,
        "Tax Provision": 105000000.0,
        "Pretax Income": 406000000.0,
        "Net Non Operating Interest Income Expense": -28000000.0,
        "Interest Expense Non Operating": 28000000.0,
        "Operating Income": 434000000.0,
        "Operating Expense": 780000000.0,
        "Other Operating Expenses": 43000000.0,
        "Depreciation Amortization Depletion Income Statement": 46000000.0,
        "Depreciation And Amortization In Income Statement": 46000000.0,
        "Selling General And Administration": 691000000.0,
        "General And Administrative Expense": 691000000.0,
        "Other Gand A": 691000000.0,
        "Gross Profit": 1214000000.0,
        "Cost Of Revenue": 8666000000.0,
        "Total Revenue": 9880000000.0,
        "Operating Revenue": 9446000000.0
    },
    "2024-09-30": {
        "Tax Effect Of Unusual Items": 0.0,
        "Tax Rate For Calcs": 0.257,
        "Normalized EBITDA": 514000000.0,
        "Net Income From Continuing Operation Net Minority Interest": 326000000.0,
        "Reconciled Depreciation": 47000000.0,
        "Reconciled Cost Of Revenue": 9151000000.0,
        "EBITDA": 514000000.0,
        "EBIT": 467000000.0,
        "Net Interest Income": -29000000.0,
        "Interest Expense": 29000000.0,
        "Normalized Income": 326000000.0,
        "Net Income From Continuing And Discontinued Operation": 326000000.0,
        "Total Expenses": 9873000000.0,
        "Total Operating Income As Reported": 467000000.0,
        "Diluted Average Shares": 57700000.0,
        "Basic Average Shares": 57000000.0,
        "Diluted EPS": 5.65,
        "Basic EPS": 5.719298,
        "Diluted NI Availto Com Stockholders": 326000000.0,
        "Net Income Common Stockholders": 326000000.0,
        "Net Income": 326000000.0,
        "Net Income Including Noncontrolling Interests": 326000000.0,
        "Net Income Continuous Operations": 326000000.0,
        "Tax Provision": 112000000.0,
        "Pretax Income": 438000000.0,
        "Net Non Operating Interest Income Expense": -29000000.0,
        "Interest Expense Non Operating": 29000000.0,
        "Operating Income": 467000000.0,
        "Operating Expense": 722000000.0,
        "Other Operating Expenses": -1000000.0,
        "Depreciation Amortization Depletion Income Statement": 47000000.0,
        "Depreciation And Amortization In Income Statement": 47000000.0,
        "Selling General And Administration": 676000000.0,
        "General And Administrative Expense": 676000000.0,
        "Other Gand A": 676000000.0,
        "Gross Profit": 1189000000.0,
        "Cost Of Revenue": 9151000000.0,
        "Total Revenue": 10340000000.0,
        "Operating Revenue": 9694000000.0
    },
    "2024-12-31": {
        "Tax Effect Of Unusual Items": 0.0,
        "Tax Rate For Calcs": 0.274566,
        "Normalized EBITDA": 428000000.0,
        "Net Income From Continuing Operation Net Minority Interest": 251000000.0,
        "Reconciled Depreciation": 48000000.0,
        "Reconciled Cost Of Revenue": 9386000000.0,
        "EBITDA": 428000000.0,
        "EBIT": 380000000.0,
        "Net Interest Income": -34000000.0,
        "Interest Expense": 34000000.0,
        "Normalized Income": 251000000.0,
        "Net Income From Continuing And Discontinued Operation": 251000000.0,
        "Total Expenses": 10119000000.0,
        "Total Operating Income As Reported": 380000000.0,
        "Diluted Average Shares": 56500000.0,
        "Basic Average Shares": 56000000.0,
        "Diluted EPS": 4.44,
        "Basic EPS": 4.482143,
        "Diluted NI Availto Com Stockholders": 251000000.0,
        "Net Income Common Stockholders": 251000000.0,
        "Net Income": 251000000.0,
        "Net Income Including Noncontrolling Interests": 251000000.0,
        "Net Income Continuous Operations": 251000000.0,
        "Tax Provision": 95000000.0,
        "Pretax Income": 346000000.0,
        "Net Non Operating Interest Income Expense": -34000000.0,
        "Interest Expense Non Operating": 34000000.0,
        "Operating Income": 380000000.0,
        "Operating Expense": 733000000.0,
        "Other Operating Expenses": 20000000.0,
        "Depreciation Amortization Depletion Income Statement": 48000000.0,
        "Depreciation And Amortization In Income Statement": 48000000.0,
        "Selling General And Administration": 665000000.0,
        "General And Administrative Expense": 665000000.0,
        "Other Gand A": 665000000.0,
        "Gross Profit": 1113000000.0,
        "Cost Of Revenue": 9386000000.0,
        "Total Revenue": 10499000000.0,
        "Operating Revenue": 9983000000.0
    },
    "2025-03-31": {
        "Tax Effect Of Unusual Items": 0.0,
        "Tax Rate For Calcs": 0.237,
        "Normalized EBITDA": 481000000.0,
        "Net Income From Continuing Operation Net Minority Interest": 298000000.0,
        "Reconciled Depreciation": 48000000.0,
        "Reconciled Cost Of Revenue": 9867000000.0,
        "EBITDA": 481000000.0,
        "EBIT": 433000000.0,
        "Net Interest Income": -43000000.0,
        "Interest Expense": 43000000.0,
        "Normalized Income": 298000000.0,
        "Net Income From Continuing And Discontinued Operation": 298000000.0,
        "Total Expenses": 10714000000.0,
        "Total Operating Income As Reported": 433000000.0,
        "Diluted Average Shares": 54800000.0,
        "Basic Average Shares": 54000000.0,
        "Diluted EPS": 5.45,
        "Basic EPS": 5.518519,
        "Diluted NI Availto Com Stockholders": 298000000.0,
        "Net Income Common Stockholders": 298000000.0,
        "Net Income": 298000000.0,
        "Net Income Including Noncontrolling Interests": 298000000.0,
        "Net Income Continuous Operations": 298000000.0,
        "Tax Provision": 92000000.0,
        "Pretax Income": 390000000.0,
        "Net Non Operating Interest Income Expense": -43000000.0,
        "Interest Expense Non Operating": 43000000.0,
        "Operating Income": 433000000.0,
        "Operating Expense": 847000000.0,
        "Other Operating Expenses": 25000000.0,
        "Depreciation Amortization Depletion Income Statement": 48000000.0,
        "Depreciation And Amortization In Income Statement": 48000000.0,
        "Selling General And Administration": 774000000.0,
        "General And Administrative Expense": 774000000.0,
        "Other Gand A": 774000000.0,
        "Gross Profit": 1280000000.0,
        "Cost Of Revenue": 9867000000.0,
        "Total Revenue": 11147000000.0,
        "Operating Revenue": 10628000000.0
    },
    "2025-06-30": {
        "Tax Effect Of Unusual Items": 0.0,
        "Tax Rate For Calcs": 0.215,
        "Normalized EBITDA": 431000000.0,
        "Net Income From Continuing Operation Net Minority Interest": 255000000.0,
        "Reconciled Depreciation": 58000000.0,
        "Reconciled Cost Of Revenue": 10260000000.0,
        "EBITDA": 431000000.0,
        "EBIT": 373000000.0,
        "Net Interest Income": -48000000.0,
        "Interest Expense": 48000000.0,
        "Normalized Income": 255000000.0,
        "Net Income From Continuing And Discontinued Operation": 255000000.0,
        "Total Expenses": 11054000000.0,
        "Total Operating Income As Reported": 373000000.0,
        "Diluted Average Shares": 54000000.0,
        "Basic Average Shares": 54000000.0,
        "Diluted EPS": 4.722222,
        "Basic EPS": 4.722222,
        "Diluted NI Availto Com Stockholders": 255000000.0,
        "Net Income Common Stockholders": 255000000.0,
        "Net Income": 255000000.0,
        "Net Income Including Noncontrolling Interests": 255000000.0,
        "Net Income Continuous Operations": 255000000.0,
        "Tax Provision": 70000000.0,
        "Pretax Income": 325000000.0,
        "Net Non Operating Interest Income Expense": -48000000.0,
        "Interest Expense Non Operating": 48000000.0,
        "Operating Income": 373000000.0,
        "Operating Expense": 794000000.0,
        "Other Operating Expenses": 25000000.0,
        "Depreciation Amortization Depletion Income Statement": 58000000.0,
        "Depreciation And Amortization In Income Statement": 58000000.0,
        "Selling General And Administration": 711000000.0,
        "General And Administrative Expense": 711000000.0,
        "Other Gand A": 711000000.0,
        "Gross Profit": 1167000000.0,
        "Cost Of Revenue": 10260000000.0,
        "Total Revenue": 11427000000.0,
        "Operating Revenue": 10868000000.0
    }
}