{
    "2023-03-31": {
        "Tax Effect Of Unusual Items": NaN,
        "Tax Rate For Calcs": NaN,
        "Normalized EBITDA": NaN,
        "Total Unusual Items": NaN,
        "Total Unusual Items Excluding Goodwill": NaN,
        "Net Income From Continuing Operation Net Minority Interest": NaN,
        "Reconciled Depreciation": NaN,
        "Reconciled Cost Of Revenue": NaN,
        "EBITDA": NaN,
        "EBIT": NaN,
        "Net Interest Income": NaN,
        "Interest Expense": NaN,
        "Normalized Income": NaN,
        "Net Income From Continuing And Discontinued Operation": NaN,
        "Total Expenses": NaN,
        "Total Operating Income As Reported": NaN,
        "Diluted Average Shares": NaN,
        "Basic Average Shares": NaN,
        "Diluted EPS": NaN,
        "Basic EPS": NaN,
        "Diluted NI Availto Com Stockholders": NaN,
        "Average Dilution Earnings": NaN,
        "Net Income Common Stockholders": NaN,
        "Net Income": NaN,
        "Net Income Including Noncontrolling Interests": NaN,
        "Net Income Continuous Operations": NaN,
        "Tax Provision": NaN,
        "Pretax Income": NaN,
        "Other Income Expense": NaN,
        "Other Non Operating Income Expenses": NaN,
        "Special Income Charges": NaN,
        "Gain On Sale Of Ppe": -2490000.0,
        "Other Special Charges": NaN,
        "Net Non Operating Interest Income Expense": NaN,
        "Interest Expense Non Operating": NaN,
        "Operating Income": NaN,
        "Operating Expense": NaN,
        "Other Operating Expenses": NaN,
        "Research And Development": NaN,
        "Selling General And Administration": NaN,
        "General And Administrative Expense": 19403000.0,
        "Other Gand A": 19403000.0,
        "Gross Profit": NaN,
        "Cost Of Revenue": NaN,
        "Total Revenue": NaN,
        "Operating Revenue": NaN
    },
    "2022-12-31": {
        "Tax Effect Of Unusual Items": NaN,
        "Tax Rate For Calcs": NaN,
        "Normalized EBITDA": NaN,
        "Total Unusual Items": NaN,
        "Total Unusual Items Excluding Goodwill": NaN,
        "Net Income From Continuing Operation Net Minority Interest": NaN,
        "Reconciled Depreciation": NaN,
        "Reconciled Cost Of Revenue": NaN,
        "EBITDA": NaN,
        "EBIT": NaN,
        "Net Interest Income": NaN,
        "Interest Expense": NaN,
        "Normalized Income": NaN,
        "Net Income From Continuing And Discontinued Operation": NaN,
        "Total Expenses": NaN,
        "Total Operating Income As Reported": NaN,
        "Diluted Average Shares": NaN,
        "Basic Average Shares": NaN,
        "Diluted EPS": NaN,
        "Basic EPS": NaN,
        "Diluted NI Availto Com Stockholders": NaN,
        "Average Dilution Earnings": NaN,
        "Net Income Common Stockholders": NaN,
        "Net Income": NaN,
        "Net Income Including Noncontrolling Interests": NaN,
        "Net Income Continuous Operations": NaN,
        "Tax Provision": NaN,
        "Pretax Income": NaN,
        "Other Income Expense": NaN,
        "Other Non Operating Income Expenses": NaN,
        "Special Income Charges": NaN,
        "Gain On Sale Of Ppe": NaN,
        "Other Special Charges": NaN,
        "Write Off": 0.0,
        "Net Non Operating Interest Income Expense": NaN,
        "Interest Expense Non Operating": NaN,
        "Operating Income": NaN,
        "Operating Expense": NaN,
        "Other Operating Expenses": NaN,
        "Research And Development": NaN,
        "Selling General And Administration": NaN,
        "General And Administrative Expense": 19449000.0,
        "Other Gand A": 19449000.0,
        "Gross Profit": NaN,
        "Cost Of Revenue": NaN,
        "Total Revenue": NaN,
        "Operating Revenue": NaN
    },
    "2022-09-30": {
        "Tax Effect Of Unusual Items": NaN,
        "Tax Rate For Calcs": NaN,
        "Normalized EBITDA": NaN,
        "Total Unusual Items": NaN,
        "Total Unusual Items Excluding Goodwill": NaN,
        "Net Income From Continuing Operation Net Minority Interest": NaN,
        "Reconciled Depreciation": NaN,
        "Reconciled Cost Of Revenue": NaN,
        "EBITDA": NaN,
        "EBIT": NaN,
        "Net Interest Income": NaN,
        "Interest Expense": NaN,
        "Normalized Income": NaN,
        "Net Income From Continuing And Discontinued Operation": NaN,
        "Total Expenses": NaN,
        "Total Operating Income As Reported": NaN,
        "Diluted Average Shares": NaN,
        "Basic Average Shares": NaN,
        "Diluted EPS": NaN,
        "Basic EPS": NaN,
        "Diluted NI Availto Com Stockholders": NaN,
        "Average Dilution Earnings": NaN,
        "Net Income Common Stockholders": NaN,
        "Net Income": NaN,
        "Net Income Including Noncontrolling Interests": NaN,
        "Net Income Continuous Operations": NaN,
        "Tax Provision": NaN,
        "Pretax Income": NaN,
        "Other Income Expense": NaN,
        "Other Non Operating Income Expenses": NaN,
        "Special Income Charges": NaN,
        "Gain On Sale Of Ppe": 0.0,
        "Other Special Charges": NaN,
        "Write Off": 0.0,
        "Net Non Operating Interest Income Expense": NaN,
        "Interest Expense Non Operating": NaN,
        "Operating Income": NaN,
        "Operating Expense": NaN,
        "Other Operating Expenses": NaN,
        "Research And Development": NaN,
        "Selling General And Administration": NaN,
        "General And Administrative Expense": 17604000.0,
        "Other Gand A": 17604000.0,
        "Gross Profit": NaN,
        "Cost Of Revenue": NaN,
        "Total Revenue": NaN,
        "Operating Revenue": NaN
    },
    "2022-06-30": {
        "Tax Effect Of Unusual Items": 0.0,
        "Tax Rate For Calcs": 0.242,
        "Normalized EBITDA": 103373000.0,
        "Total Unusual Items": 0.0,
        "Total Unusual Items Excluding Goodwill": 0.0,
        "Net Income From Continuing Operation Net Minority Interest": 73269000.0,
        "Reconciled Depreciation": 5407000.0,
        "Reconciled Cost Of Revenue": 27499000.0,
        "EBITDA": 103373000.0,
        "EBIT": 97966000.0,
        "Net Interest Income": -1326000.0,
        "Interest Expense": 1326000.0,
        "Normalized Income": 73269000.0,
        "Net Income From Continuing And Discontinued Operation": 73269000.0,
        "Total Expenses": 47808000.0,
        "Total Operating Income As Reported": 95754000.0,
        "Diluted Average Shares": 193414563.0,
        "Basic Average Shares": 176527570.0,
        "Diluted EPS": 0.38,
        "Basic EPS": 0.42,
        "Diluted NI Availto Com Stockholders": 73269000.0,
        "Average Dilution Earnings": NaN,
        "Net Income Common Stockholders": 73269000.0,
        "Net Income": 73269000.0,
        "Net Income Including Noncontrolling Interests": 73269000.0,
        "Net Income Continuous Operations": 73269000.0,
        "Tax Provision": 23371000.0,
        "Pretax Income": 96640000.0,
        "Other Income Expense": 2212000.0,
        "Other Non Operating Income Expenses": 2212000.0,
        "Special Income Charges": 0.0,
        "Gain On Sale Of Ppe": NaN,
        "Write Off": 0.0,
        "Net Non Operating Interest Income Expense": -1326000.0,
        "Interest Expense Non Operating": 1326000.0,
        "Operating Income": 95754000.0,
        "Operating Expense": 20309000.0,
        "Other Operating Expenses": 419000.0,
        "Research And Development": 1668000.0,
        "Selling General And Administration": 18222000.0,
        "General And Administrative Expense": 18222000.0,
        "Other Gand A": 18222000.0,
        "Gross Profit": 116063000.0,
        "Cost Of Revenue": 27499000.0,
        "Total Revenue": 143562000.0,
        "Operating Revenue": 139183000.0
    },
    "2023-06-30": {
        "Tax Effect Of Unusual Items": NaN,
        "Tax Rate For Calcs": NaN,
        "Normalized EBITDA": NaN,
        "Total Unusual Items": NaN,
        "Total Unusual Items Excluding Goodwill": NaN,
        "Net Income From Continuing Operation Net Minority Interest": NaN,
        "Reconciled Depreciation": NaN,
        "Reconciled Cost Of Revenue": NaN,
        "EBITDA": NaN,
        "EBIT": NaN,
        "Net Interest Income": NaN,
        "Interest Expense": NaN,
        "Normalized Income": NaN,
        "Net Income From Continuing And Discontinued Operation": NaN,
        "Total Expenses": NaN,
        "Total Operating Income As Reported": NaN,
        "Diluted Average Shares": NaN,
        "Basic Average Shares": NaN,
        "Diluted EPS": NaN,
        "Basic EPS": NaN,
        "Diluted NI Availto Com Stockholders": NaN,
        "Average Dilution Earnings": NaN,
        "Net Income Common Stockholders": NaN,
        "Net Income": NaN,
        "Net Income Including Noncontrolling Interests": NaN,
        "Net Income Continuous Operations": NaN,
        "Tax Provision": NaN,
        "Pretax Income": NaN,
        "Other Income Expense": NaN,
        "Other Non Operating Income Expenses": NaN,
        "Special Income Charges": NaN,
        "Gain On Sale Of Ppe": -2320000.0,
        "Other Special Charges": NaN,
        "Net Non Operating Interest Income Expense": NaN,
        "Interest Expense Non Operating": NaN,
        "Operating Income": NaN,
        "Operating Expense": NaN,
        "Other Operating Expenses": NaN,
        "Research And Development": NaN,
        "Selling General And Administration": NaN,
        "Gross Profit": NaN,
        "Cost Of Revenue": NaN,
        "Total Revenue": NaN,
        "Operating Revenue": NaN
    },
    "2023-09-30": {
        "Tax Effect Of Unusual Items": NaN,
        "Tax Rate For Calcs": NaN,
        "Normalized EBITDA": NaN,
        "Total Unusual Items": NaN,
        "Total Unusual Items Excluding Goodwill": NaN,
        "Net Income From Continuing Operation Net Minority Interest": NaN,
        "Reconciled Depreciation": NaN,
        "Reconciled Cost Of Revenue": NaN,
        "EBITDA": NaN,
        "EBIT": NaN,
        "Net Interest Income": NaN,
        "Interest Expense": NaN,
        "Normalized Income": NaN,
        "Net Income From Continuing And Discontinued Operation": NaN,
        "Total Expenses": NaN,
        "Total Operating Income As Reported": NaN,
        "Diluted Average Shares": NaN,
        "Basic Average Shares": NaN,
        "Diluted EPS": NaN,
        "Basic EPS": NaN,
        "Diluted NI Availto Com Stockholders": NaN,
        "Average Dilution Earnings": NaN,
        "Net Income Common Stockholders": NaN,
        "Net Income": NaN,
        "Net Income Including Noncontrolling Interests": NaN,
        "Net Income Continuous Operations": NaN,
        "Tax Provision": NaN,
        "Pretax Income": NaN,
        "Other Income Expense": NaN,
        "Other Non Operating Income Expenses": NaN,
        "Special Income Charges": NaN,
        "Gain On Sale Of Ppe": -1087000.0,
        "Other Special Charges": NaN,
        "Net Non Operating Interest Income Expense": NaN,
        "Interest Expense Non Operating": NaN,
        "Operating Income": NaN,
        "Operating Expense": NaN,
        "Other Operating Expenses": NaN,
        "Research And Development": NaN,
        "Selling General And Administration": NaN,
        "Gross Profit": NaN,
        "Cost Of Revenue": NaN,
        "Total Revenue": NaN,
        "Operating Revenue": NaN
    },
    "2023-12-31": {
        "Tax Effect Of Unusual Items": -3285778.864307,
        "Tax Rate For Calcs": 0.212906,
        "Normalized EBITDA": 14516000.0,
        "Total Unusual Items": -15433000.0,
        "Total Unusual Items Excluding Goodwill": -15433000.0,
        "Net Income From Continuing Operation Net Minority Interest": -16259000.0,
        "Reconciled Depreciation": 18633000.0,
        "Reconciled Cost Of Revenue": 42210000.0,
        "EBITDA": -917000.0,
        "EBIT": -19550000.0,
        "Net Interest Income": -1107000.0,
        "Interest Expense": 1107000.0,
        "Normalized Income": -4111778.864307,
        "Net Income From Continuing And Discontinued Operation": -16259000.0,
        "Total Expenses": 59400000.0,
        "Total Operating Income As Reported": -33628000.0,
        "Diluted Average Shares": 177619628.0,
        "Basic Average Shares": 177619628.0,
        "Diluted EPS": -0.09,
        "Basic EPS": -0.09,
        "Diluted NI Availto Com Stockholders": -19236000.0,
        "Average Dilution Earnings": -2977000.0,
        "Net Income Common Stockholders": -16259000.0,
        "Net Income": -16259000.0,
        "Net Income Including Noncontrolling Interests": -16259000.0,
        "Net Income Continuous Operations": -16259000.0,
        "Tax Provision": -4398000.0,
        "Pretax Income": -20657000.0,
        "Other Income Expense": -1355000.0,
        "Other Non Operating Income Expenses": 14078000.0,
        "Special Income Charges": -15433000.0,
        "Gain On Sale Of Ppe": NaN,
        "Other Special Charges": NaN,
        "Net Non Operating Interest Income Expense": -1107000.0,
        "Interest Expense Non Operating": 1107000.0,
        "Operating Income": -18195000.0,
        "Operating Expense": 17190000.0,
        "Other Operating Expenses": 6553000.0,
        "Research And Development": -10779000.0,
        "Selling General And Administration": 21416000.0,
        "Gross Profit": -1005000.0,
        "Cost Of Revenue": 42210000.0,
        "Total Revenue": 41205000.0,
        "Operating Revenue": 41024000.0
    },
    "2024-03-31": {
        "Tax Effect Of Unusual Items": 13596362.374646,
        "Tax Rate For Calcs": 0.302289,
        "Normalized EBITDA": -103000.0,
        "Total Unusual Items": 44978000.0,
        "Total Unusual Items Excluding Goodwill": 44978000.0,
        "Net Income From Continuing Operation Net Minority Interest": 16489000.0,
        "Reconciled Depreciation": 18385000.0,
        "Reconciled Cost Of Revenue": 53979000.0,
        "EBITDA": 44875000.0,
        "EBIT": 26490000.0,
        "Net Interest Income": -2857000.0,
        "Interest Expense": 2857000.0,
        "Normalized Income": -14892637.625354,
        "Net Income From Continuing And Discontinued Operation": 16489000.0,
        "Total Expenses": 79829000.0,
        "Total Operating Income As Reported": -32432000.0,
        "Diluted Average Shares": 186791826.0,
        "Basic Average Shares": 174556850.0,
        "Diluted EPS": -0.08,
        "Basic EPS": 0.09,
        "Diluted NI Availto Com Stockholders": -15050000.0,
        "Average Dilution Earnings": -31539000.0,
        "Net Income Common Stockholders": 16489000.0,
        "Net Income": 16489000.0,
        "Net Income Including Noncontrolling Interests": 16489000.0,
        "Net Income Continuous Operations": 16489000.0,
        "Tax Provision": 7144000.0,
        "Pretax Income": 23633000.0,
        "Other Income Expense": 57635000.0,
        "Other Non Operating Income Expenses": 12657000.0,
        "Special Income Charges": 44978000.0,
        "Other Special Charges": -44978000.0,
        "Net Non Operating Interest Income Expense": -2857000.0,
        "Interest Expense Non Operating": 2857000.0,
        "Operating Income": -31145000.0,
        "Operating Expense": 25850000.0,
        "Other Operating Expenses": 377000.0,
        "Research And Development": 4206000.0,
        "Selling General And Administration": 21267000.0,
        "Gross Profit": -5295000.0,
        "Cost Of Revenue": 53979000.0,
        "Total Revenue": 48684000.0,
        "Operating Revenue": 48403000.0
    },
    "2024-06-30": {
        "Tax Effect Of Unusual Items": -402289.0,
        "Tax Rate For Calcs": 0.293,
        "Normalized EBITDA": -21825000.0,
        "Total Unusual Items": -1373000.0,
        "Total Unusual Items Excluding Goodwill": -1373000.0,
        "Net Income From Continuing Operation Net Minority Interest": -34055000.0,
        "Reconciled Depreciation": 18210000.0,
        "Reconciled Cost Of Revenue": 59673000.0,
        "EBITDA": -23198000.0,
        "EBIT": -41408000.0,
        "Net Interest Income": -6745000.0,
        "Interest Expense": 6745000.0,
        "Normalized Income": -33084289.0,
        "Net Income From Continuing And Discontinued Operation": -34055000.0,
        "Total Expenses": 83377000.0,
        "Total Operating Income As Reported": -53492000.0,
        "Diluted Average Shares": NaN,
        "Basic Average Shares": NaN,
        "Diluted EPS": NaN,
        "Basic EPS": NaN,
        "Diluted NI Availto Com Stockholders": -34055000.0,
        "Average Dilution Earnings": 0.0,
        "Net Income Common Stockholders": -34055000.0,
        "Net Income": -34055000.0,
        "Net Income Including Noncontrolling Interests": -34055000.0,
        "Net Income Continuous Operations": -34055000.0,
        "Tax Provision": -14098000.0,
        "Pretax Income": -48153000.0,
        "Other Income Expense": 10711000.0,
        "Other Non Operating Income Expenses": 12084000.0,
        "Special Income Charges": -1373000.0,
        "Other Special Charges": 1373000.0,
        "Net Non Operating Interest Income Expense": -6745000.0,
        "Interest Expense Non Operating": 6745000.0,
        "Operating Income": -52119000.0,
        "Operating Expense": 23704000.0,
        "Other Operating Expenses": 384000.0,
        "Research And Development": 1886000.0,
        "Selling General And Administration": 21434000.0,
        "Gross Profit": -28415000.0,
        "Cost Of Revenue": 59673000.0,
        "Total Revenue": 31258000.0,
        "Operating Revenue": 30957000.0
    },
    "2024-09-30": {
        "Tax Effect Of Unusual Items": -436311.879768,
        "Tax Rate For Calcs": 0.26817,
        "Normalized EBITDA": -7249000.0,
        "Total Unusual Items": -1627000.0,
        "Total Unusual Items Excluding Goodwill": -1627000.0,
        "Net Income From Continuing Operation Net Minority Interest": -25516000.0,
        "Reconciled Depreciation": 19344000.0,
        "Reconciled Cost Of Revenue": 76610000.0,
        "EBITDA": -8876000.0,
        "EBIT": -28220000.0,
        "Net Interest Income": -6646000.0,
        "Interest Expense": 6646000.0,
        "Normalized Income": -24325311.879768,
        "Net Income From Continuing And Discontinued Operation": -25516000.0,
        "Total Expenses": 100840000.0,
        "Total Operating Income As Reported": -39540000.0,
        "Diluted Average Shares": 164149348.0,
        "Basic Average Shares": 164149348.0,
        "Diluted EPS": -0.16,
        "Basic EPS": -0.16,
        "Diluted NI Availto Com Stockholders": -25516000.0,
        "Average Dilution Earnings": 0.0,
        "Net Income Common Stockholders": -25516000.0,
        "Net Income": -25516000.0,
        "Net Income Including Noncontrolling Interests": -25516000.0,
        "Net Income Continuous Operations": -25516000.0,
        "Tax Provision": -9350000.0,
        "Pretax Income": -34866000.0,
        "Other Income Expense": 9693000.0,
        "Other Non Operating Income Expenses": 11320000.0,
        "Special Income Charges": -1627000.0,
        "Other Special Charges": 1627000.0,
        "Net Non Operating Interest Income Expense": -6646000.0,
        "Interest Expense Non Operating": 6646000.0,
        "Operating Income": -37913000.0,
        "Operating Expense": 24230000.0,
        "Other Operating Expenses": 654000.0,
        "Research And Development": 2051000.0,
        "Selling General And Administration": 21525000.0,
        "Gross Profit": -13683000.0,
        "Cost Of Revenue": 76610000.0,
        "Total Revenue": 62927000.0,
        "Operating Revenue": 62232000.0
    },
    "2024-12-31": {
        "Tax Effect Of Unusual Items": 1795828.479727,
        "Tax Rate For Calcs": 0.342128,
        "Normalized EBITDA": -10330000.0,
        "Total Unusual Items": 5249000.0,
        "Total Unusual Items Excluding Goodwill": 5249000.0,
        "Net Income From Continuing Operation Net Minority Interest": -22342000.0,
        "Reconciled Depreciation": 22118000.0,
        "Reconciled Cost Of Revenue": 80381000.0,
        "EBITDA": -5081000.0,
        "EBIT": -27199000.0,
        "Net Interest Income": -6762000.0,
        "Interest Expense": 6762000.0,
        "Normalized Income": -25795171.520273,
        "Net Income From Continuing And Discontinued Operation": -22342000.0,
        "Total Expenses": 103551000.0,
        "Total Operating Income As Reported": -43962000.0,
        "Diluted Average Shares": 163379389.0,
        "Basic Average Shares": 163379389.0,
        "Diluted EPS": -0.14,
        "Basic EPS": -0.14,
        "Diluted NI Availto Com Stockholders": -21232000.0,
        "Average Dilution Earnings": 1110000.0,
        "Net Income Common Stockholders": -22342000.0,
        "Net Income": -22342000.0,
        "Net Income Including Noncontrolling Interests": -22342000.0,
        "Net Income Continuous Operations": -22342000.0,
        "Tax Provision": -11619000.0,
        "Pretax Income": -33961000.0,
        "Other Income Expense": 15366000.0,
        "Other Non Operating Income Expenses": 10117000.0,
        "Special Income Charges": 5249000.0,
        "Other Special Charges": -5249000.0,
        "Net Non Operating Interest Income Expense": -6762000.0,
        "Interest Expense Non Operating": 6762000.0,
        "Operating Income": -42565000.0,
        "Operating Expense": 23170000.0,
        "Other Operating Expenses": 2933000.0,
        "Research And Development": 1164000.0,
        "Selling General And Administration": 19073000.0,
        "Gross Profit": -19395000.0,
        "Cost Of Revenue": 80381000.0,
        "Total Revenue": 60986000.0,
        "Operating Revenue": 60533000.0
    },
    "2025-03-31": {
        "Tax Effect Of Unusual Items": -162992.0,
        "Tax Rate For Calcs": 0.167,
        "Normalized EBITDA": 2800000.0,
        "Total Unusual Items": -976000.0,
        "Total Unusual Items Excluding Goodwill": -976000.0,
        "Net Income From Continuing Operation Net Minority Interest": -22648000.0,
        "Reconciled Depreciation": 21384000.0,
        "Reconciled Cost Of Revenue": 70215000.0,
        "EBITDA": 1824000.0,
        "EBIT": -19560000.0,
        "Net Interest Income": -7615000.0,
        "Interest Expense": 7615000.0,
        "Normalized Income": -21834992.0,
        "Net Income From Continuing And Discontinued Operation": -22648000.0,
        "Total Expenses": 94612000.0,
        "Total Operating Income As Reported": -34778000.0,
        "Diluted Average Shares": 163764345.0,
        "Basic Average Shares": 163764345.0,
        "Diluted EPS": -0.14,
        "Basic EPS": -0.14,
        "Diluted NI Availto Com Stockholders": -22648000.0,
        "Average Dilution Earnings": 0.0,
        "Net Income Common Stockholders": -22648000.0,
        "Net Income": -22648000.0,
        "Net Income Including Noncontrolling Interests": -22648000.0,
        "Net Income Continuous Operations": -22648000.0,
        "Tax Provision": -4527000.0,
        "Pretax Income": -27175000.0,
        "Other Income Expense": 14242000.0,
        "Other Non Operating Income Expenses": 15218000.0,
        "Special Income Charges": -976000.0,
        "Other Special Charges": 976000.0,
        "Net Non Operating Interest Income Expense": -7615000.0,
        "Interest Expense Non Operating": 7615000.0,
        "Operating Income": -33802000.0,
        "Operating Expense": 24397000.0,
        "Other Operating Expenses": -243000.0,
        "Research And Development": 474000.0,
        "Selling General And Administration": 24166000.0,
        "Gross Profit": -9405000.0,
        "Cost Of Revenue": 70215000.0,
        "Total Revenue": 60810000.0,
        "Operating Revenue": 59627000.0
    },
    "2025-06-30": {
        "Tax Effect Of Unusual Items": -210797.0,
        "Tax Rate For Calcs": 0.277,
        "Normalized EBITDA": -15772000.0,
        "Total Unusual Items": -761000.0,
        "Total Unusual Items Excluding Goodwill": -761000.0,
        "Net Income From Continuing Operation Net Minority Interest": -30872000.0,
        "Reconciled Depreciation": 20777000.0,
        "Reconciled Cost Of Revenue": 71208000.0,
        "EBITDA": -16533000.0,
        "EBIT": -37310000.0,
        "Net Interest Income": -5414000.0,
        "Interest Expense": 5414000.0,
        "Normalized Income": -30321797.0,
        "Net Income From Continuing And Discontinued Operation": -30872000.0,
        "Total Expenses": 100514000.0,
        "Total Operating Income As Reported": -43882000.0,
        "Diluted Average Shares": 163834693.0,
        "Basic Average Shares": 163834693.0,
        "Diluted EPS": -0.19,
        "Basic EPS": -0.19,
        "Diluted NI Availto Com Stockholders": -30872000.0,
        "Average Dilution Earnings": 0.0,
        "Net Income Common Stockholders": -30872000.0,
        "Net Income": -30872000.0,
        "Net Income Including Noncontrolling Interests": -30872000.0,
        "Net Income Continuous Operations": -30872000.0,
        "Tax Provision": -11852000.0,
        "Pretax Income": -42724000.0,
        "Other Income Expense": 5811000.0,
        "Other Non Operating Income Expenses": 6572000.0,
        "Special Income Charges": -761000.0,
        "Other Special Charges": 761000.0,
        "Net Non Operating Interest Income Expense": -5414000.0,
        "Interest Expense Non Operating": 5414000.0,
        "Operating Income": -43121000.0,
        "Operating Expense": 29306000.0,
        "Other Operating Expenses": -619000.0,
        "Research And Development": 2496000.0,
        "Selling General And Administration": 27429000.0,
        "Gross Profit": -13815000.0,
        "Cost Of Revenue": 71208000.0,
        "Total Revenue": 57393000.0,
        "Operating Revenue": 56783000.0
    },
    "2025-09-30": {
        "Tax Effect Of Unusual Items": -402677.91621,
        "Tax Rate For Calcs": 0.284981,
        "Normalized EBITDA": -25956000.0,
        "Total Unusual Items": -1413000.0,
        "Total Unusual Items Excluding Goodwill": -1413000.0,
        "Net Income From Continuing Operation Net Minority Interest": -41780000.0,
        "Reconciled Depreciation": 22497000.0,
        "Reconciled Cost Of Revenue": 70974000.0,
        "EBITDA": -27369000.0,
        "EBIT": -49866000.0,
        "Net Interest Income": -8566000.0,
        "Interest Expense": 8566000.0,
        "Normalized Income": -40769677.91621,
        "Net Income From Continuing And Discontinued Operation": -41780000.0,
        "Total Expenses": 119163000.0,
        "Total Operating Income As Reported": -67023000.0,
        "Diluted Average Shares": 175034287.0,
        "Basic Average Shares": 175034287.0,
        "Diluted EPS": -0.24,
        "Basic EPS": -0.24,
        "Diluted NI Availto Com Stockholders": -41780000.0,
        "Average Dilution Earnings": 0.0,
        "Net Income Common Stockholders": -41780000.0,
        "Net Income": -41780000.0,
        "Net Income Including Noncontrolling Interests": -41780000.0,
        "Net Income Continuous Operations": -41780000.0,
        "Tax Provision": -16652000.0,
        "Pretax Income": -58432000.0,
        "Other Income Expense": 15744000.0,
        "Other Non Operating Income Expenses": 17157000.0,
        "Special Income Charges": -1413000.0,
        "Other Special Charges": 1413000.0,
        "Net Non Operating Interest Income Expense": -8566000.0,
        "Interest Expense Non Operating": 8566000.0,
        "Operating Income": -65610000.0,
        "Operating Expense": 48189000.0,
        "Other Operating Expenses": 758000.0,
        "Research And Development": 19026000.0,
        "Selling General And Administration": 28405000.0,
        "Gross Profit": -17421000.0,
        "Cost Of Revenue": 70974000.0,
        "Total Revenue": 53553000.0,
        "Operating Revenue": 52823000.0
    }
}