{
    "2023-03-31": {
        "Tax Effect Of Unusual Items": NaN,
        "Tax Rate For Calcs": NaN,
        "Normalized EBITDA": NaN,
        "Total Unusual Items": NaN,
        "Total Unusual Items Excluding Goodwill": NaN,
        "Net Income From Continuing Operation Net Minority Interest": NaN,
        "Reconciled Depreciation": NaN,
        "Reconciled Cost Of Revenue": NaN,
        "EBITDA": NaN,
        "EBIT": NaN,
        "Net Interest Income": NaN,
        "Interest Expense": NaN,
        "Interest Income": NaN,
        "Normalized Income": NaN,
        "Net Income From Continuing And Discontinued Operation": NaN,
        "Total Expenses": NaN,
        "Total Operating Income As Reported": NaN,
        "Diluted Average Shares": NaN,
        "Basic Average Shares": NaN,
        "Diluted EPS": NaN,
        "Basic EPS": NaN,
        "Diluted NI Availto Com Stockholders": NaN,
        "Net Income Common Stockholders": NaN,
        "Otherunder Preferred Stock Dividend": NaN,
        "Net Income": NaN,
        "Minority Interests": NaN,
        "Net Income Including Noncontrolling Interests": NaN,
        "Net Income Continuous Operations": NaN,
        "Tax Provision": NaN,
        "Pretax Income": NaN,
        "Other Income Expense": NaN,
        "Other Non Operating Income Expenses": NaN,
        "Special Income Charges": NaN,
        "Gain On Sale Of Ppe": NaN,
        "Other Special Charges": 9000000.0,
        "Earnings From Equity Interest": NaN,
        "Net Non Operating Interest Income Expense": NaN,
        "Total Other Finance Cost": NaN,
        "Interest Expense Non Operating": NaN,
        "Interest Income Non Operating": NaN,
        "Operating Income": NaN,
        "Operating Expense": NaN,
        "Other Taxes": NaN,
        "Selling General And Administration": NaN,
        "General And Administrative Expense": NaN,
        "Other Gand A": NaN,
        "Salaries And Wages": NaN,
        "Gross Profit": NaN,
        "Cost Of Revenue": NaN,
        "Total Revenue": NaN,
        "Operating Revenue": NaN
    },
    "2022-12-31": {
        "Tax Effect Of Unusual Items": NaN,
        "Tax Rate For Calcs": NaN,
        "Normalized EBITDA": NaN,
        "Total Unusual Items": NaN,
        "Total Unusual Items Excluding Goodwill": NaN,
        "Net Income From Continuing Operation Net Minority Interest": NaN,
        "Reconciled Depreciation": NaN,
        "Reconciled Cost Of Revenue": NaN,
        "EBITDA": NaN,
        "EBIT": NaN,
        "Net Interest Income": NaN,
        "Interest Expense": NaN,
        "Interest Income": NaN,
        "Normalized Income": NaN,
        "Net Income From Continuing And Discontinued Operation": NaN,
        "Total Expenses": NaN,
        "Total Operating Income As Reported": NaN,
        "Diluted Average Shares": NaN,
        "Basic Average Shares": NaN,
        "Diluted EPS": NaN,
        "Basic EPS": NaN,
        "Diluted NI Availto Com Stockholders": NaN,
        "Net Income Common Stockholders": NaN,
        "Otherunder Preferred Stock Dividend": NaN,
        "Net Income": NaN,
        "Minority Interests": NaN,
        "Net Income Including Noncontrolling Interests": NaN,
        "Net Income Discontinuous Operations": 72000000.0,
        "Net Income Continuous Operations": NaN,
        "Tax Provision": NaN,
        "Pretax Income": NaN,
        "Other Income Expense": NaN,
        "Other Non Operating Income Expenses": NaN,
        "Special Income Charges": NaN,
        "Gain On Sale Of Ppe": NaN,
        "Other Special Charges": NaN,
        "Earnings From Equity Interest": NaN,
        "Net Non Operating Interest Income Expense": NaN,
        "Total Other Finance Cost": NaN,
        "Interest Expense Non Operating": NaN,
        "Interest Income Non Operating": NaN,
        "Operating Income": NaN,
        "Operating Expense": NaN,
        "Other Operating Expenses": -105000000.0,
        "Other Taxes": NaN,
        "Selling General And Administration": NaN,
        "General And Administrative Expense": NaN,
        "Other Gand A": NaN,
        "Salaries And Wages": NaN,
        "Gross Profit": NaN,
        "Cost Of Revenue": NaN,
        "Total Revenue": NaN,
        "Operating Revenue": NaN
    },
    "2022-09-30": {
        "Tax Effect Of Unusual Items": NaN,
        "Tax Rate For Calcs": NaN,
        "Normalized EBITDA": NaN,
        "Total Unusual Items": NaN,
        "Total Unusual Items Excluding Goodwill": NaN,
        "Net Income From Continuing Operation Net Minority Interest": NaN,
        "Reconciled Depreciation": NaN,
        "Reconciled Cost Of Revenue": NaN,
        "EBITDA": NaN,
        "EBIT": NaN,
        "Net Interest Income": NaN,
        "Interest Expense": NaN,
        "Interest Income": NaN,
        "Normalized Income": NaN,
        "Net Income From Continuing And Discontinued Operation": NaN,
        "Total Expenses": NaN,
        "Total Operating Income As Reported": NaN,
        "Diluted Average Shares": NaN,
        "Basic Average Shares": NaN,
        "Diluted EPS": NaN,
        "Basic EPS": NaN,
        "Diluted NI Availto Com Stockholders": NaN,
        "Net Income Common Stockholders": NaN,
        "Otherunder Preferred Stock Dividend": NaN,
        "Net Income": NaN,
        "Minority Interests": NaN,
        "Net Income Including Noncontrolling Interests": NaN,
        "Net Income Discontinuous Operations": 0.0,
        "Net Income Continuous Operations": NaN,
        "Tax Provision": NaN,
        "Pretax Income": NaN,
        "Other Income Expense": NaN,
        "Other Non Operating Income Expenses": NaN,
        "Special Income Charges": NaN,
        "Gain On Sale Of Ppe": NaN,
        "Other Special Charges": 2000000.0,
        "Earnings From Equity Interest": NaN,
        "Net Non Operating Interest Income Expense": NaN,
        "Total Other Finance Cost": NaN,
        "Interest Expense Non Operating": NaN,
        "Interest Income Non Operating": NaN,
        "Operating Income": NaN,
        "Operating Expense": NaN,
        "Other Operating Expenses": -219000000.0,
        "Other Taxes": NaN,
        "Selling General And Administration": NaN,
        "General And Administrative Expense": NaN,
        "Other Gand A": NaN,
        "Salaries And Wages": -7000000.0,
        "Gross Profit": NaN,
        "Cost Of Revenue": NaN,
        "Total Revenue": NaN,
        "Operating Revenue": NaN
    },
    "2022-06-30": {
        "Tax Effect Of Unusual Items": 8752619.760479,
        "Tax Rate For Calcs": 0.224426,
        "Normalized EBITDA": 7846000000.0,
        "Total Unusual Items": 39000000.0,
        "Total Unusual Items Excluding Goodwill": 39000000.0,
        "Net Income From Continuing Operation Net Minority Interest": 5873000000.0,
        "Reconciled Depreciation": 819000000.0,
        "Reconciled Cost Of Revenue": 45026000000.0,
        "EBITDA": 7885000000.0,
        "EBIT": 7885000000.0,
        "Net Interest Income": -312000000.0,
        "Interest Expense": 312000000.0,
        "Interest Income": 18000000.0,
        "Normalized Income": 5842752619.760479,
        "Net Income From Continuing And Discontinued Operation": 5873000000.0,
        "Total Expenses": 45910000000.0,
        "Total Operating Income As Reported": 8328000000.0,
        "Diluted Average Shares": 536000000.0,
        "Basic Average Shares": 532000000.0,
        "Diluted EPS": 10.95,
        "Basic EPS": 11.03,
        "Diluted NI Availto Com Stockholders": 5873000000.0,
        "Net Income Common Stockholders": 5873000000.0,
        "Otherunder Preferred Stock Dividend": 3000000.0,
        "Net Income": 5873000000.0,
        "Minority Interests": -344000000.0,
        "Net Income Including Noncontrolling Interests": 6217000000.0,
        "Net Income Discontinuous Operations": 0.0,
        "Net Income Continuous Operations": 6217000000.0,
        "Tax Provision": 1799000000.0,
        "Pretax Income": 8016000000.0,
        "Other Income Expense": 443000000.0,
        "Other Non Operating Income Expenses": 257000000.0,
        "Special Income Charges": 39000000.0,
        "Gain On Sale Of Ppe": 39000000.0,
        "Other Special Charges": NaN,
        "Earnings From Equity Interest": 147000000.0,
        "Net Non Operating Interest Income Expense": -312000000.0,
        "Total Other Finance Cost": 312000000.0,
        "Interest Expense Non Operating": 312000000.0,
        "Interest Income Non Operating": 18000000.0,
        "Operating Income": 7885000000.0,
        "Operating Expense": 884000000.0,
        "Other Operating Expenses": -257000000.0,
        "Other Taxes": 190000000.0,
        "Selling General And Administration": 694000000.0,
        "Gross Profit": 8769000000.0,
        "Cost Of Revenue": 45026000000.0,
        "Total Revenue": 53795000000.0,
        "Operating Revenue": 53795000000.0
    },
    "2023-06-30": {
        "Tax Effect Of Unusual Items": NaN,
        "Tax Rate For Calcs": NaN,
        "Normalized EBITDA": NaN,
        "Total Unusual Items": NaN,
        "Total Unusual Items Excluding Goodwill": NaN,
        "Net Income From Continuing Operation Net Minority Interest": NaN,
        "Reconciled Depreciation": NaN,
        "Reconciled Cost Of Revenue": NaN,
        "EBITDA": NaN,
        "EBIT": NaN,
        "Net Interest Income": NaN,
        "Interest Expense": NaN,
        "Interest Income": NaN,
        "Normalized Income": NaN,
        "Net Income From Continuing And Discontinued Operation": NaN,
        "Total Expenses": NaN,
        "Total Operating Income As Reported": 3305000000.0,
        "Diluted Average Shares": NaN,
        "Basic Average Shares": NaN,
        "Diluted EPS": NaN,
        "Basic EPS": NaN,
        "Diluted NI Availto Com Stockholders": NaN,
        "Net Income Common Stockholders": NaN,
        "Otherunder Preferred Stock Dividend": NaN,
        "Net Income": NaN,
        "Minority Interests": NaN,
        "Net Income Including Noncontrolling Interests": NaN,
        "Net Income Continuous Operations": NaN,
        "Tax Provision": NaN,
        "Pretax Income": NaN,
        "Other Income Expense": NaN,
        "Other Non Operating Income Expenses": NaN,
        "Special Income Charges": NaN,
        "Gain On Sale Of Ppe": NaN,
        "Other Special Charges": NaN,
        "Earnings From Equity Interest": NaN,
        "Net Non Operating Interest Income Expense": NaN,
        "Total Other Finance Cost": NaN,
        "Interest Expense Non Operating": NaN,
        "Interest Income Non Operating": NaN,
        "Operating Income": NaN,
        "Operating Expense": NaN,
        "Other Taxes": NaN,
        "Selling General And Administration": NaN,
        "General And Administrative Expense": NaN,
        "Other Gand A": NaN,
        "Salaries And Wages": NaN,
        "Gross Profit": NaN,
        "Cost Of Revenue": NaN,
        "Total Revenue": NaN,
        "Operating Revenue": NaN
    },
    "2022-03-31": {
        "Diluted EPS": 1.49,
        "Total Revenue": NaN,
        "Gross Profit": NaN,
        "Operating Income": NaN,
        "EBIT": NaN,
        "Net Income": 845
    },
    "2021-12-31": {
        "Diluted EPS": 1.52,
        "Total Revenue": NaN,
        "Gross Profit": NaN,
        "Operating Income": NaN,
        "EBIT": NaN,
        "Net Income": 774
    },
    "2021-09-30": {
        "Diluted EPS": 1.09,
        "Total Revenue": NaN,
        "Gross Profit": NaN,
        "Operating Income": NaN,
        "EBIT": NaN,
        "Net Income": 694
    },
    "2021-06-30": {
        "Diluted EPS": 13.0,
        "Total Revenue": NaN,
        "Gross Profit": NaN,
        "Operating Income": 965,
        "EBIT": NaN,
        "Net Income": NaN
    },
    "2021-03-31": {
        "Diluted EPS": -0.37,
        "Total Revenue": NaN,
        "Gross Profit": NaN,
        "Operating Income": 217,
        "EBIT": NaN,
        "Net Income": -242
    },
    "2020-12-31": {
        "Diluted EPS": 0.47,
        "Total Revenue": NaN,
        "Gross Profit": 756,
        "Operating Income": 390,
        "EBIT": NaN,
        "Net Income": 285
    },
    "2020-09-30": {
        "Diluted EPS": -1.36,
        "Total Revenue": NaN,
        "Gross Profit": 735,
        "Operating Income": NaN,
        "EBIT": -208,
        "Net Income": -886
    },
    "2020-06-30": {
        "Diluted EPS": 0.01,
        "Total Revenue": NaN,
        "Gross Profit": 693,
        "Operating Income": 575,
        "EBIT": NaN,
        "Net Income": 9
    },
    "2020-03-31": {
        "Diluted EPS": -14.25,
        "Total Revenue": NaN,
        "Gross Profit": NaN,
        "Operating Income": NaN,
        "EBIT": NaN,
        "Net Income": NaN
    },
    "2019-12-31": {
        "Diluted EPS": 0.66,
        "Total Revenue": NaN,
        "Gross Profit": NaN,
        "Operating Income": 71,
        "EBIT": 935,
        "Net Income": 443
    },
    "2019-09-30": {
        "Diluted EPS": 1.66,
        "Total Revenue": NaN,
        "Gross Profit": NaN,
        "Operating Income": NaN,
        "EBIT": NaN,
        "Net Income": NaN
    },
    "2019-06-30": {
        "Diluted EPS": 1.66,
        "Total Revenue": NaN,
        "Gross Profit": NaN,
        "Operating Income": NaN,
        "EBIT": NaN,
        "Net Income": NaN
    },
    "2019-03-31": {
        "Diluted EPS": -0.01,
        "Total Revenue": NaN,
        "Gross Profit": NaN,
        "Operating Income": 669,
        "EBIT": NaN,
        "Net Income": -7
    },
    "2018-12-31": {
        "Diluted EPS": 1.31,
        "Total Revenue": NaN,
        "Gross Profit": NaN,
        "Operating Income": NaN,
        "EBIT": NaN,
        "Net Income": 951
    },
    "2018-09-30": {
        "Diluted EPS": 1.62,
        "Total Revenue": NaN,
        "Gross Profit": NaN,
        "Operating Income": NaN,
        "EBIT": NaN,
        "Net Income": 737
    },
    "2018-06-30": {
        "Diluted EPS": 2.27,
        "Total Revenue": NaN,
        "Gross Profit": NaN,
        "Operating Income": NaN,
        "EBIT": NaN,
        "Net Income": NaN
    },
    "2018-03-31": {
        "Diluted EPS": 0.08,
        "Total Revenue": NaN,
        "Gross Profit": NaN,
        "Operating Income": 440,
        "EBIT": 986,
        "Net Income": 37
    },
    "2017-12-31": {
        "Diluted EPS": 3.94,
        "Total Revenue": NaN,
        "Gross Profit": NaN,
        "Operating Income": NaN,
        "EBIT": NaN,
        "Net Income": NaN
    },
    "2017-09-30": {
        "Diluted EPS": 1.77,
        "Total Revenue": NaN,
        "Gross Profit": NaN,
        "Operating Income": NaN,
        "EBIT": NaN,
        "Net Income": 903
    },
    "2017-06-30": {
        "Diluted EPS": 0.93,
        "Total Revenue": NaN,
        "Gross Profit": NaN,
        "Operating Income": 982,
        "EBIT": NaN,
        "Net Income": 483
    },
    "2017-03-31": {
        "Diluted EPS": 0.06,
        "Total Revenue": NaN,
        "Gross Profit": NaN,
        "Operating Income": 291,
        "EBIT": 842,
        "Net Income": 30
    },
    "2016-12-31": {
        "Diluted EPS": 0.43,
        "Total Revenue": NaN,
        "Gross Profit": NaN,
        "Operating Income": 561,
        "EBIT": NaN,
        "Net Income": 227
    },
    "2016-09-30": {
        "Diluted EPS": 0.27,
        "Total Revenue": NaN,
        "Gross Profit": NaN,
        "Operating Income": 435,
        "EBIT": 960,
        "Net Income": 145
    },
    "2016-06-30": {
        "Diluted EPS": 1.51,
        "Total Revenue": NaN,
        "Gross Profit": NaN,
        "Operating Income": NaN,
        "EBIT": NaN,
        "Net Income": 801
    },
    "2016-03-31": {
        "Diluted EPS": 0.0,
        "Total Revenue": NaN,
        "Gross Profit": NaN,
        "Operating Income": 75,
        "EBIT": 580,
        "Net Income": 1
    },
    "2015-12-31": {
        "Diluted EPS": 0.37,
        "Total Revenue": NaN,
        "Gross Profit": NaN,
        "Operating Income": 338,
        "EBIT": 758,
        "Net Income": 187
    },
    "2015-09-30": {
        "Diluted EPS": 1.76,
        "Total Revenue": NaN,
        "Gross Profit": NaN,
        "Operating Income": NaN,
        "EBIT": NaN,
        "Net Income": 948
    },
    "2015-06-30": {
        "Diluted EPS": 1.51,
        "Total Revenue": NaN,
        "Gross Profit": NaN,
        "Operating Income": NaN,
        "EBIT": NaN,
        "Net Income": 826
    },
    "2015-03-31": {
        "Diluted EPS": 1.62,
        "Total Revenue": NaN,
        "Gross Profit": NaN,
        "Operating Income": NaN,
        "EBIT": NaN,
        "Net Income": 891
    },
    "2014-12-31": {
        "Diluted EPS": 1.4,
        "Total Revenue": NaN,
        "Gross Profit": NaN,
        "Operating Income": NaN,
        "EBIT": NaN,
        "Net Income": 799
    },
    "2014-09-30": {
        "Diluted EPS": 1.18,
        "Total Revenue": NaN,
        "Gross Profit": NaN,
        "Operating Income": NaN,
        "EBIT": NaN,
        "Net Income": 672
    },
    "2014-06-30": {
        "Diluted EPS": 1.48,
        "Total Revenue": NaN,
        "Gross Profit": NaN,
        "Operating Income": NaN,
        "EBIT": NaN,
        "Net Income": 854
    },
    "2014-03-31": {
        "Diluted EPS": 0.34,
        "Total Revenue": NaN,
        "Gross Profit": NaN,
        "Operating Income": 361,
        "EBIT": 681,
        "Net Income": 199
    },
    "2013-12-31": {
        "Diluted EPS": 1.05,
        "Total Revenue": NaN,
        "Gross Profit": NaN,
        "Operating Income": NaN,
        "EBIT": NaN,
        "Net Income": 622
    },
    "2013-09-30": {
        "Diluted EPS": 0.27,
        "Total Revenue": NaN,
        "Gross Profit": NaN,
        "Operating Income": 301,
        "EBIT": 600,
        "Net Income": 168
    },
    "2013-06-30": {
        "Diluted EPS": 0.92,
        "Total Revenue": NaN,
        "Gross Profit": NaN,
        "Operating Income": 960,
        "EBIT": NaN,
        "Net Income": 593
    },
    "2013-03-31": {
        "Diluted EPS": 1.09,
        "Total Revenue": NaN,
        "Gross Profit": NaN,
        "Operating Income": NaN,
        "EBIT": NaN,
        "Net Income": 725
    },
    "2012-12-31": {
        "Diluted EPS": 1.11,
        "Total Revenue": NaN,
        "Gross Profit": NaN,
        "Operating Income": NaN,
        "EBIT": NaN,
        "Net Income": 749
    },
    "2012-09-30": {
        "Diluted EPS": 1.8,
        "Total Revenue": NaN,
        "Gross Profit": NaN,
        "Operating Income": NaN,
        "EBIT": NaN,
        "Net Income": NaN
    },
    "2012-06-30": {
        "Diluted EPS": 1.19,
        "Total Revenue": NaN,
        "Gross Profit": NaN,
        "Operating Income": NaN,
        "EBIT": NaN,
        "Net Income": 814
    },
    "2012-03-31": {
        "Diluted EPS": 0.85,
        "Total Revenue": NaN,
        "Gross Profit": NaN,
        "Operating Income": 956,
        "EBIT": NaN,
        "Net Income": 596
    },
    "2011-12-31": {
        "Diluted EPS": -0.11,
        "Total Revenue": NaN,
        "Gross Profit": NaN,
        "Operating Income": -158,
        "EBIT": 72,
        "Net Income": -77
    },
    "2011-09-30": {
        "Diluted EPS": 1.58,
        "Total Revenue": NaN,
        "Gross Profit": NaN,
        "Operating Income": NaN,
        "EBIT": NaN,
        "Net Income": NaN
    },
    "2011-06-30": {
        "Diluted EPS": 1.12,
        "Total Revenue": NaN,
        "Gross Profit": NaN,
        "Operating Income": NaN,
        "EBIT": NaN,
        "Net Income": 802
    },
    "2011-03-31": {
        "Diluted EPS": 0.74,
        "Total Revenue": NaN,
        "Gross Profit": NaN,
        "Operating Income": 819,
        "EBIT": NaN,
        "Net Income": 529
    },
    "2010-12-31": {
        "Diluted EPS": 0.0,
        "Total Revenue": NaN,
        "Gross Profit": NaN,
        "Operating Income": NaN,
        "EBIT": NaN,
        "Net Income": NaN
    },
    "2010-09-30": {
        "Diluted EPS": 0.39,
        "Total Revenue": NaN,
        "Gross Profit": NaN,
        "Operating Income": 443,
        "EBIT": 677,
        "Net Income": 277
    },
    "2010-06-30": {
        "Diluted EPS": 0.57,
        "Total Revenue": NaN,
        "Gross Profit": NaN,
        "Operating Income": 636,
        "EBIT": 636,
        "Net Income": 405
    },
    "2009-12-31": {
        "Diluted EPS": 0.0,
        "Total Revenue": NaN,
        "Gross Profit": NaN,
        "Operating Income": NaN,
        "EBIT": NaN,
        "Net Income": NaN
    },
    "2023-09-30": {
        "Tax Effect Of Unusual Items": NaN,
        "Tax Rate For Calcs": NaN,
        "Normalized EBITDA": NaN,
        "Total Unusual Items": NaN,
        "Total Unusual Items Excluding Goodwill": NaN,
        "Net Income From Continuing Operation Net Minority Interest": NaN,
        "Reconciled Depreciation": NaN,
        "Reconciled Cost Of Revenue": NaN,
        "EBITDA": NaN,
        "EBIT": NaN,
        "Net Interest Income": NaN,
        "Interest Expense": NaN,
        "Interest Income": NaN,
        "Normalized Income": NaN,
        "Net Income From Continuing And Discontinued Operation": NaN,
        "Total Expenses": NaN,
        "Total Operating Income As Reported": 4753000000.0,
        "Diluted Average Shares": NaN,
        "Basic Average Shares": NaN,
        "Diluted EPS": NaN,
        "Basic EPS": NaN,
        "Diluted NI Availto Com Stockholders": NaN,
        "Net Income Common Stockholders": NaN,
        "Otherunder Preferred Stock Dividend": NaN,
        "Net Income": NaN,
        "Minority Interests": NaN,
        "Net Income Including Noncontrolling Interests": NaN,
        "Net Income Continuous Operations": NaN,
        "Tax Provision": NaN,
        "Pretax Income": NaN,
        "Other Income Expense": NaN,
        "Other Non Operating Income Expenses": NaN,
        "Special Income Charges": NaN,
        "Gain On Sale Of Ppe": NaN,
        "Other Special Charges": NaN,
        "Earnings From Equity Interest": NaN,
        "Net Non Operating Interest Income Expense": NaN,
        "Total Other Finance Cost": NaN,
        "Interest Expense Non Operating": NaN,
        "Interest Income Non Operating": NaN,
        "Operating Income": NaN,
        "Operating Expense": NaN,
        "Other Taxes": NaN,
        "Selling General And Administration": NaN,
        "General And Administrative Expense": NaN,
        "Other Gand A": NaN,
        "Salaries And Wages": -20000000.0,
        "Gross Profit": NaN,
        "Cost Of Revenue": NaN,
        "Total Revenue": NaN,
        "Operating Revenue": NaN
    },
    "2023-12-31": {
        "Tax Effect Of Unusual Items": NaN,
        "Tax Rate For Calcs": NaN,
        "Normalized EBITDA": NaN,
        "Total Unusual Items": NaN,
        "Total Unusual Items Excluding Goodwill": NaN,
        "Net Income From Continuing Operation Net Minority Interest": NaN,
        "Reconciled Depreciation": NaN,
        "Reconciled Cost Of Revenue": NaN,
        "EBITDA": NaN,
        "EBIT": NaN,
        "Net Interest Income": NaN,
        "Interest Expense": NaN,
        "Interest Income": NaN,
        "Normalized Income": NaN,
        "Net Income From Continuing And Discontinued Operation": NaN,
        "Total Expenses": NaN,
        "Total Operating Income As Reported": NaN,
        "Diluted Average Shares": NaN,
        "Basic Average Shares": NaN,
        "Diluted EPS": NaN,
        "Basic EPS": NaN,
        "Diluted NI Availto Com Stockholders": NaN,
        "Net Income Common Stockholders": NaN,
        "Otherunder Preferred Stock Dividend": 2000000.0,
        "Net Income": NaN,
        "Minority Interests": NaN,
        "Net Income Including Noncontrolling Interests": NaN,
        "Net Income Continuous Operations": NaN,
        "Tax Provision": NaN,
        "Pretax Income": NaN,
        "Other Income Expense": NaN,
        "Other Non Operating Income Expenses": NaN,
        "Special Income Charges": NaN,
        "Gain On Sale Of Ppe": NaN,
        "Other Special Charges": 0.0,
        "Earnings From Equity Interest": NaN,
        "Net Non Operating Interest Income Expense": NaN,
        "Total Other Finance Cost": NaN,
        "Interest Expense Non Operating": NaN,
        "Interest Income Non Operating": NaN,
        "Operating Income": NaN,
        "Operating Expense": NaN,
        "Other Taxes": NaN,
        "Selling General And Administration": NaN,
        "General And Administrative Expense": NaN,
        "Other Gand A": NaN,
        "Salaries And Wages": -21000000.0,
        "Gross Profit": NaN,
        "Cost Of Revenue": NaN,
        "Total Revenue": NaN,
        "Operating Revenue": NaN
    },
    "2024-03-31": {
        "Tax Effect Of Unusual Items": NaN,
        "Tax Rate For Calcs": NaN,
        "Normalized EBITDA": NaN,
        "Total Unusual Items": NaN,
        "Total Unusual Items Excluding Goodwill": NaN,
        "Net Income From Continuing Operation Net Minority Interest": NaN,
        "Reconciled Depreciation": NaN,
        "Reconciled Cost Of Revenue": NaN,
        "EBITDA": NaN,
        "EBIT": NaN,
        "Net Interest Income": NaN,
        "Interest Expense": NaN,
        "Interest Income": NaN,
        "Normalized Income": NaN,
        "Net Income From Continuing And Discontinued Operation": NaN,
        "Total Expenses": NaN,
        "Total Operating Income As Reported": 1784000000.0,
        "Diluted Average Shares": NaN,
        "Basic Average Shares": NaN,
        "Diluted EPS": NaN,
        "Basic EPS": NaN,
        "Diluted NI Availto Com Stockholders": NaN,
        "Net Income Common Stockholders": NaN,
        "Otherunder Preferred Stock Dividend": 1000000.0,
        "Net Income": NaN,
        "Minority Interests": NaN,
        "Net Income Including Noncontrolling Interests": NaN,
        "Net Income Continuous Operations": NaN,
        "Tax Provision": NaN,
        "Pretax Income": NaN,
        "Other Income Expense": NaN,
        "Other Non Operating Income Expenses": NaN,
        "Special Income Charges": NaN,
        "Gain On Sale Of Ppe": NaN,
        "Earnings From Equity Interest": NaN,
        "Net Non Operating Interest Income Expense": NaN,
        "Total Other Finance Cost": NaN,
        "Interest Expense Non Operating": NaN,
        "Interest Income Non Operating": NaN,
        "Operating Income": NaN,
        "Operating Expense": NaN,
        "Other Taxes": NaN,
        "Selling General And Administration": NaN,
        "General And Administrative Expense": NaN,
        "Other Gand A": NaN,
        "Salaries And Wages": -11000000.0,
        "Gross Profit": NaN,
        "Cost Of Revenue": NaN,
        "Total Revenue": NaN,
        "Operating Revenue": NaN
    },
    "2024-06-30": {
        "Tax Effect Of Unusual Items": NaN,
        "Tax Rate For Calcs": NaN,
        "Normalized EBITDA": NaN,
        "Total Unusual Items": NaN,
        "Total Unusual Items Excluding Goodwill": NaN,
        "Net Income From Continuing Operation Net Minority Interest": NaN,
        "Reconciled Depreciation": NaN,
        "Reconciled Cost Of Revenue": NaN,
        "EBITDA": NaN,
        "EBIT": NaN,
        "Net Interest Income": NaN,
        "Interest Expense": NaN,
        "Interest Income": NaN,
        "Normalized Income": NaN,
        "Net Income From Continuing And Discontinued Operation": NaN,
        "Total Expenses": NaN,
        "Total Operating Income As Reported": 2522000000.0,
        "Diluted Average Shares": NaN,
        "Basic Average Shares": NaN,
        "Diluted EPS": NaN,
        "Basic EPS": NaN,
        "Diluted NI Availto Com Stockholders": NaN,
        "Net Income Common Stockholders": NaN,
        "Otherunder Preferred Stock Dividend": NaN,
        "Net Income": NaN,
        "Minority Interests": NaN,
        "Net Income Including Noncontrolling Interests": NaN,
        "Net Income Continuous Operations": NaN,
        "Tax Provision": NaN,
        "Pretax Income": NaN,
        "Other Income Expense": NaN,
        "Other Non Operating Income Expenses": NaN,
        "Special Income Charges": NaN,
        "Gain On Sale Of Ppe": NaN,
        "Earnings From Equity Interest": NaN,
        "Net Non Operating Interest Income Expense": NaN,
        "Total Other Finance Cost": NaN,
        "Interest Expense Non Operating": NaN,
        "Interest Income Non Operating": NaN,
        "Operating Income": NaN,
        "Operating Expense": NaN,
        "Other Taxes": NaN,
        "Selling General And Administration": NaN,
        "General And Administrative Expense": NaN,
        "Other Gand A": NaN,
        "Salaries And Wages": -11000000.0,
        "Gross Profit": NaN,
        "Cost Of Revenue": NaN,
        "Total Revenue": NaN,
        "Operating Revenue": NaN
    },
    "2024-09-30": {
        "Tax Effect Of Unusual Items": -200354.609929,
        "Tax Rate For Calcs": 0.100177,
        "Normalized EBITDA": 2305000000.0,
        "Total Unusual Items": -2000000.0,
        "Total Unusual Items Excluding Goodwill": -2000000.0,
        "Net Income From Continuing Operation Net Minority Interest": 622000000.0,
        "Reconciled Depreciation": 846000000.0,
        "Reconciled Cost Of Revenue": 32990000000.0,
        "EBITDA": 2303000000.0,
        "EBIT": 1457000000.0,
        "Net Interest Income": -221000000.0,
        "Interest Expense": 329000000.0,
        "Interest Income": 102000000.0,
        "Normalized Income": 623799645.390071,
        "Net Income From Continuing And Discontinued Operation": 622000000.0,
        "Total Expenses": 34024000000.0,
        "Total Operating Income As Reported": 1349000000.0,
        "Diluted Average Shares": 332000000.0,
        "Basic Average Shares": 331000000.0,
        "Diluted EPS": 1.87,
        "Basic EPS": 1.88,
        "Diluted NI Availto Com Stockholders": 622000000.0,
        "Net Income Common Stockholders": 622000000.0,
        "Otherunder Preferred Stock Dividend": 0.0,
        "Net Income": 622000000.0,
        "Minority Interests": -393000000.0,
        "Net Income Including Noncontrolling Interests": 1015000000.0,
        "Net Income Continuous Operations": 1015000000.0,
        "Tax Provision": 113000000.0,
        "Pretax Income": 1128000000.0,
        "Other Income Expense": 266000000.0,
        "Other Non Operating Income Expenses": 49000000.0,
        "Special Income Charges": -2000000.0,
        "Gain On Sale Of Ppe": -2000000.0,
        "Earnings From Equity Interest": 219000000.0,
        "Net Non Operating Interest Income Expense": -221000000.0,
        "Total Other Finance Cost": -6000000.0,
        "Interest Expense Non Operating": 329000000.0,
        "Interest Income Non Operating": 102000000.0,
        "Operating Income": 1083000000.0,
        "Operating Expense": 1034000000.0,
        "Other Taxes": 219000000.0,
        "Selling General And Administration": 815000000.0,
        "General And Administrative Expense": 815000000.0,
        "Other Gand A": 815000000.0,
        "Salaries And Wages": -8000000.0,
        "Gross Profit": 2117000000.0,
        "Cost Of Revenue": 32990000000.0,
        "Total Revenue": 35107000000.0,
        "Operating Revenue": 35107000000.0
    },
    "2024-12-31": {
        "Tax Effect Of Unusual Items": 1362723.214286,
        "Tax Rate For Calcs": 0.123884,
        "Normalized EBITDA": 2055000000.0,
        "Total Unusual Items": 11000000.0,
        "Total Unusual Items Excluding Goodwill": 11000000.0,
        "Net Income From Continuing Operation Net Minority Interest": 371000000.0,
        "Reconciled Depreciation": 826000000.0,
        "Reconciled Cost Of Revenue": 31384000000.0,
        "EBITDA": 2066000000.0,
        "EBIT": 1240000000.0,
        "Net Interest Income": -245000000.0,
        "Interest Expense": 344000000.0,
        "Interest Income": 197000000.0,
        "Normalized Income": 361362723.214286,
        "Net Income From Continuing And Discontinued Operation": 371000000.0,
        "Total Expenses": 32325000000.0,
        "Total Operating Income As Reported": NaN,
        "Diluted Average Shares": 321000000.0,
        "Basic Average Shares": 320000000.0,
        "Diluted EPS": 1.15,
        "Basic EPS": 1.16,
        "Diluted NI Availto Com Stockholders": 370000000.0,
        "Net Income Common Stockholders": 370000000.0,
        "Otherunder Preferred Stock Dividend": 1000000.0,
        "Net Income": 371000000.0,
        "Minority Interests": -414000000.0,
        "Net Income Including Noncontrolling Interests": 785000000.0,
        "Net Income Continuous Operations": 785000000.0,
        "Tax Provision": 111000000.0,
        "Pretax Income": 896000000.0,
        "Other Income Expense": 329000000.0,
        "Other Non Operating Income Expenses": 66000000.0,
        "Special Income Charges": 11000000.0,
        "Gain On Sale Of Ppe": 11000000.0,
        "Earnings From Equity Interest": 252000000.0,
        "Net Non Operating Interest Income Expense": -245000000.0,
        "Total Other Finance Cost": 98000000.0,
        "Interest Expense Non Operating": 344000000.0,
        "Interest Income Non Operating": 197000000.0,
        "Operating Income": 812000000.0,
        "Operating Expense": 941000000.0,
        "Other Taxes": 137000000.0,
        "Selling General And Administration": 804000000.0,
        "General And Administrative Expense": 804000000.0,
        "Other Gand A": 804000000.0,
        "Salaries And Wages": NaN,
        "Gross Profit": 1753000000.0,
        "Cost Of Revenue": 31384000000.0,
        "Total Revenue": 33137000000.0,
        "Operating Revenue": 33137000000.0
    },
    "2025-03-31": {
        "Tax Effect Of Unusual Items": 0.0,
        "Tax Rate For Calcs": 0.096606,
        "Normalized EBITDA": 1510000000.0,
        "Total Unusual Items": 0.0,
        "Total Unusual Items Excluding Goodwill": 0.0,
        "Net Income From Continuing Operation Net Minority Interest": -74000000.0,
        "Reconciled Depreciation": 793000000.0,
        "Reconciled Cost Of Revenue": 30153000000.0,
        "EBITDA": 1510000000.0,
        "EBIT": 717000000.0,
        "Net Interest Income": -299000000.0,
        "Interest Expense": 334000000.0,
        "Interest Income": 46000000.0,
        "Normalized Income": -74000000.0,
        "Net Income From Continuing And Discontinued Operation": -74000000.0,
        "Total Expenses": 31163000000.0,
        "Total Operating Income As Reported": 687000000.0,
        "Diluted Average Shares": 313000000.0,
        "Basic Average Shares": 313000000.0,
        "Diluted EPS": -0.24,
        "Basic EPS": -0.24,
        "Diluted NI Availto Com Stockholders": -74000000.0,
        "Net Income Common Stockholders": -74000000.0,
        "Otherunder Preferred Stock Dividend": 0.0,
        "Net Income": -74000000.0,
        "Minority Interests": -420000000.0,
        "Net Income Including Noncontrolling Interests": 346000000.0,
        "Net Income Continuous Operations": 346000000.0,
        "Tax Provision": 37000000.0,
        "Pretax Income": 383000000.0,
        "Other Income Expense": 328000000.0,
        "Other Non Operating Income Expenses": 98000000.0,
        "Special Income Charges": 0.0,
        "Gain On Sale Of Ppe": 0.0,
        "Earnings From Equity Interest": 230000000.0,
        "Net Non Operating Interest Income Expense": -299000000.0,
        "Total Other Finance Cost": 11000000.0,
        "Interest Expense Non Operating": 334000000.0,
        "Interest Income Non Operating": 46000000.0,
        "Operating Income": 354000000.0,
        "Operating Expense": 1010000000.0,
        "Other Taxes": 227000000.0,
        "Selling General And Administration": 783000000.0,
        "General And Administrative Expense": 783000000.0,
        "Other Gand A": 783000000.0,
        "Salaries And Wages": NaN,
        "Gross Profit": 1364000000.0,
        "Cost Of Revenue": 30153000000.0,
        "Total Revenue": 31517000000.0,
        "Operating Revenue": 31517000000.0
    },
    "2025-06-30": {
        "Tax Effect Of Unusual Items": 856230.031949,
        "Tax Rate For Calcs": 0.142705,
        "Normalized EBITDA": 3004000000.0,
        "Total Unusual Items": 6000000.0,
        "Total Unusual Items Excluding Goodwill": 6000000.0,
        "Net Income From Continuing Operation Net Minority Interest": 1216000000.0,
        "Reconciled Depreciation": 789000000.0,
        "Reconciled Cost Of Revenue": 30814000000.0,
        "EBITDA": 3010000000.0,
        "EBIT": 2221000000.0,
        "Net Interest Income": -319000000.0,
        "Interest Expense": 343000000.0,
        "Interest Income": 31000000.0,
        "Normalized Income": 1210856230.031949,
        "Net Income From Continuing And Discontinued Operation": 1216000000.0,
        "Total Expenses": 31904000000.0,
        "Total Operating Income As Reported": NaN,
        "Diluted Average Shares": 307000000.0,
        "Basic Average Shares": 307000000.0,
        "Diluted EPS": 3.96,
        "Basic EPS": 3.96,
        "Diluted NI Availto Com Stockholders": 1216000000.0,
        "Net Income Common Stockholders": 1216000000.0,
        "Otherunder Preferred Stock Dividend": NaN,
        "Net Income": 1216000000.0,
        "Minority Interests": -394000000.0,
        "Net Income Including Noncontrolling Interests": 1610000000.0,
        "Net Income Continuous Operations": 1610000000.0,
        "Tax Provision": 268000000.0,
        "Pretax Income": 1878000000.0,
        "Other Income Expense": 302000000.0,
        "Other Non Operating Income Expenses": 84000000.0,
        "Special Income Charges": 6000000.0,
        "Gain On Sale Of Ppe": 6000000.0,
        "Earnings From Equity Interest": 212000000.0,
        "Net Non Operating Interest Income Expense": -319000000.0,
        "Total Other Finance Cost": 7000000.0,
        "Interest Expense Non Operating": 343000000.0,
        "Interest Income Non Operating": 31000000.0,
        "Operating Income": 1895000000.0,
        "Operating Expense": 1090000000.0,
        "Other Taxes": 223000000.0,
        "Selling General And Administration": 867000000.0,
        "General And Administrative Expense": 867000000.0,
        "Other Gand A": 867000000.0,
        "Salaries And Wages": NaN,
        "Gross Profit": 2985000000.0,
        "Cost Of Revenue": 30814000000.0,
        "Total Revenue": 33799000000.0,
        "Operating Revenue": 33799000000.0
    },
    "2025-09-30": {
        "Tax Effect Of Unusual Items": -382854.764877,
        "Tax Rate For Calcs": 0.191427,
        "Normalized EBITDA": 3587000000.0,
        "Total Unusual Items": -2000000.0,
        "Total Unusual Items Excluding Goodwill": -2000000.0,
        "Net Income From Continuing Operation Net Minority Interest": 1370000000.0,
        "Reconciled Depreciation": 841000000.0,
        "Reconciled Cost Of Revenue": 32041000000.0,
        "EBITDA": 3585000000.0,
        "EBIT": 2744000000.0,
        "Net Interest Income": -304000000.0,
        "Interest Expense": 341000000.0,
        "Interest Income": 41000000.0,
        "Normalized Income": 1371617145.235123,
        "Net Income From Continuing And Discontinued Operation": 1370000000.0,
        "Total Expenses": 33136000000.0,
        "Total Operating Income As Reported": NaN,
        "Diluted Average Shares": 304000000.0,
        "Basic Average Shares": 303000000.0,
        "Diluted EPS": 4.51,
        "Basic EPS": 4.51,
        "Diluted NI Availto Com Stockholders": 1368000000.0,
        "Net Income Common Stockholders": 1368000000.0,
        "Otherunder Preferred Stock Dividend": 2000000.0,
        "Net Income": 1370000000.0,
        "Minority Interests": -573000000.0,
        "Net Income Including Noncontrolling Interests": 1943000000.0,
        "Net Income Continuous Operations": 1943000000.0,
        "Tax Provision": 460000000.0,
        "Pretax Income": 2403000000.0,
        "Other Income Expense": 1034000000.0,
        "Other Non Operating Income Expenses": 60000000.0,
        "Special Income Charges": -2000000.0,
        "Gain On Sale Of Ppe": -2000000.0,
        "Earnings From Equity Interest": 976000000.0,
        "Net Non Operating Interest Income Expense": -304000000.0,
        "Total Other Finance Cost": 4000000.0,
        "Interest Expense Non Operating": 341000000.0,
        "Interest Income Non Operating": 41000000.0,
        "Operating Income": 1673000000.0,
        "Operating Expense": 1095000000.0,
        "Other Taxes": 232000000.0,
        "Selling General And Administration": 863000000.0,
        "General And Administrative Expense": 863000000.0,
        "Other Gand A": 863000000.0,
        "Salaries And Wages": NaN,
        "Gross Profit": 2768000000.0,
        "Cost Of Revenue": 32041000000.0,
        "Total Revenue": 34809000000.0,
        "Operating Revenue": 34809000000.0
    }
}