{
    "2023-03-31": {
        "Tax Effect Of Unusual Items": 0.0,
        "Tax Rate For Calcs": 0.091868,
        "Normalized EBITDA": -85453000.0,
        "Net Income From Continuing Operation Net Minority Interest": -68801000.0,
        "Reconciled Depreciation": 1980000.0,
        "Reconciled Cost Of Revenue": 128179000.0,
        "EBITDA": -85453000.0,
        "EBIT": -87433000.0,
        "Normalized Income": -68801000.0,
        "Net Income From Continuing And Discontinued Operation": -68801000.0,
        "Total Expenses": 304776000.0,
        "Rent Expense Supplemental": 1154000.0,
        "Total Operating Income As Reported": -87433000.0,
        "Diluted Average Shares": 539744130.0,
        "Basic Average Shares": 539744130.0,
        "Diluted EPS": -0.13,
        "Basic EPS": -0.13,
        "Diluted NI Availto Com Stockholders": -68801000.0,
        "Net Income Common Stockholders": -68801000.0,
        "Net Income": -68801000.0,
        "Net Income Including Noncontrolling Interests": -68801000.0,
        "Net Income Continuous Operations": -68801000.0,
        "Tax Provision": -6960000.0,
        "Pretax Income": -75761000.0,
        "Other Income Expense": 11672000.0,
        "Other Non Operating Income Expenses": 11672000.0,
        "Operating Income": -87433000.0,
        "Operating Expense": 176597000.0,
        "Other Operating Expenses": 19826000.0,
        "Depreciation Amortization Depletion Income Statement": 1980000.0,
        "Depreciation And Amortization In Income Statement": 1980000.0,
        "Selling General And Administration": 154791000.0,
        "Selling And Marketing Expense": 441000.0,
        "General And Administrative Expense": 154350000.0,
        "Other Gand A": 5437000.0,
        "Rent And Landing Fees": 1154000.0,
        "Salaries And Wages": 147759000.0,
        "Gross Profit": 89164000.0,
        "Cost Of Revenue": 128179000.0,
        "Total Revenue": 217343000.0,
        "Operating Revenue": 210333000.0
    },
    "2022-12-31": {
        "Tax Effect Of Unusual Items": 0.0,
        "Tax Rate For Calcs": 0.21,
        "Normalized EBITDA": -53304000.0,
        "Net Income From Continuing Operation Net Minority Interest": -26326000.0,
        "Reconciled Depreciation": 1019000.0,
        "Reconciled Cost Of Revenue": 116681000.0,
        "EBITDA": -53304000.0,
        "EBIT": -54323000.0,
        "Normalized Income": -26326000.0,
        "Net Income From Continuing And Discontinued Operation": -26326000.0,
        "Total Expenses": 258128000.0,
        "Rent Expense Supplemental": 1126000.0,
        "Total Operating Income As Reported": -54323000.0,
        "Diluted Average Shares": 544752220.0,
        "Basic Average Shares": 544752220.0,
        "Diluted EPS": -0.05,
        "Basic EPS": -0.05,
        "Diluted NI Availto Com Stockholders": -26326000.0,
        "Net Income Common Stockholders": -26326000.0,
        "Net Income": -26326000.0,
        "Net Income Including Noncontrolling Interests": -26326000.0,
        "Net Income Continuous Operations": -26326000.0,
        "Tax Provision": 471000.0,
        "Pretax Income": -25855000.0,
        "Other Income Expense": 28468000.0,
        "Other Non Operating Income Expenses": 28468000.0,
        "Operating Income": -54323000.0,
        "Operating Expense": 141447000.0,
        "Other Operating Expenses": 20154000.0,
        "Depreciation Amortization Depletion Income Statement": 1019000.0,
        "Depreciation And Amortization In Income Statement": 1019000.0,
        "Selling General And Administration": 120274000.0,
        "Selling And Marketing Expense": 1862000.0,
        "General And Administrative Expense": 118412000.0,
        "Other Gand A": 6295000.0,
        "Rent And Landing Fees": 1126000.0,
        "Salaries And Wages": 110991000.0,
        "Gross Profit": 87124000.0,
        "Cost Of Revenue": 116681000.0,
        "Total Revenue": 203805000.0,
        "Operating Revenue": 203805000.0
    },
    "2022-09-30": {
        "Tax Effect Of Unusual Items": 0.0,
        "Tax Rate For Calcs": 0.4,
        "Normalized EBITDA": -58561000.0,
        "Net Income From Continuing Operation Net Minority Interest": -53168000.0,
        "Reconciled Depreciation": 934000.0,
        "Reconciled Cost Of Revenue": 111520000.0,
        "EBITDA": -58561000.0,
        "EBIT": -59496000.0,
        "Normalized Income": -53168000.0,
        "Net Income From Continuing And Discontinued Operation": -53168000.0,
        "Total Expenses": 251117000.0,
        "Rent Expense Supplemental": 1125000.0,
        "Total Operating Income As Reported": -59496000.0,
        "Diluted Average Shares": 548990212.0,
        "Basic Average Shares": 548990212.0,
        "Diluted EPS": -0.1,
        "Basic EPS": -0.1,
        "Diluted NI Availto Com Stockholders": -53168000.0,
        "Net Income Common Stockholders": -53168000.0,
        "Net Income": -53168000.0,
        "Net Income Including Noncontrolling Interests": -53168000.0,
        "Net Income Continuous Operations": -53168000.0,
        "Tax Provision": 5000.0,
        "Pretax Income": -53163000.0,
        "Other Income Expense": 6333000.0,
        "Other Non Operating Income Expenses": 6333000.0,
        "Operating Income": -59496000.0,
        "Operating Expense": 139598000.0,
        "Other Operating Expenses": 10921000.0,
        "Depreciation Amortization Depletion Income Statement": 935000.0,
        "Depreciation And Amortization In Income Statement": 935000.0,
        "Selling General And Administration": 127742000.0,
        "Selling And Marketing Expense": 688000.0,
        "General And Administrative Expense": 127054000.0,
        "Other Gand A": 20042000.0,
        "Rent And Landing Fees": 1125000.0,
        "Salaries And Wages": 105887000.0,
        "Gross Profit": 80102000.0,
        "Cost Of Revenue": 111519000.0,
        "Total Revenue": 191621000.0,
        "Operating Revenue": 191621000.0
    },
    "2022-06-30": {
        "Tax Effect Of Unusual Items": 0.0,
        "Tax Rate For Calcs": 0.005054,
        "Normalized EBITDA": -45796000.0,
        "Net Income From Continuing Operation Net Minority Interest": -44688000.0,
        "Reconciled Depreciation": 921000.0,
        "Reconciled Cost Of Revenue": 108629000.0,
        "EBITDA": -45796000.0,
        "EBIT": -46717000.0,
        "Normalized Income": -44688000.0,
        "Net Income From Continuing And Discontinued Operation": -44688000.0,
        "Total Expenses": 233395000.0,
        "Rent Expense Supplemental": 1148000.0,
        "Total Operating Income As Reported": -46717000.0,
        "Diluted Average Shares": 544704146.0,
        "Basic Average Shares": 544704146.0,
        "Diluted EPS": -0.08,
        "Basic EPS": -0.08,
        "Diluted NI Availto Com Stockholders": -44688000.0,
        "Net Income Common Stockholders": -44688000.0,
        "Net Income": -44688000.0,
        "Net Income Including Noncontrolling Interests": -44688000.0,
        "Net Income Continuous Operations": -44688000.0,
        "Tax Provision": -227000.0,
        "Pretax Income": -44915000.0,
        "Other Income Expense": 1802000.0,
        "Other Non Operating Income Expenses": 1802000.0,
        "Operating Income": -46717000.0,
        "Operating Expense": 124766000.0,
        "Other Operating Expenses": 4995000.0,
        "Depreciation Amortization Depletion Income Statement": 921000.0,
        "Depreciation And Amortization In Income Statement": 921000.0,
        "Selling General And Administration": 118850000.0,
        "Selling And Marketing Expense": 886000.0,
        "General And Administrative Expense": 117964000.0,
        "Other Gand A": 18948000.0,
        "Rent And Landing Fees": 1148000.0,
        "Salaries And Wages": 97868000.0,
        "Gross Profit": 78049000.0,
        "Cost Of Revenue": 108629000.0,
        "Total Revenue": 186678000.0,
        "Operating Revenue": 186678000.0
    },
    "2023-06-30": {
        "Tax Effect Of Unusual Items": 0.0,
        "Tax Rate For Calcs": 0.21,
        "Normalized EBITDA": -66927000.0,
        "Net Income From Continuing Operation Net Minority Interest": -58797000.0,
        "Reconciled Depreciation": 2494000.0,
        "Reconciled Cost Of Revenue": 146506000.0,
        "EBITDA": -66927000.0,
        "EBIT": -69421000.0,
        "Normalized Income": -58797000.0,
        "Net Income From Continuing And Discontinued Operation": -58797000.0,
        "Total Expenses": 300536000.0,
        "Rent Expense Supplemental": 1057000.0,
        "Total Operating Income As Reported": -69421000.0,
        "Diluted Average Shares": 538267000.0,
        "Basic Average Shares": 538267000.0,
        "Diluted EPS": -0.11,
        "Basic EPS": -0.11,
        "Diluted NI Availto Com Stockholders": -58797000.0,
        "Net Income Common Stockholders": -58797000.0,
        "Net Income": -58797000.0,
        "Net Income Including Noncontrolling Interests": -58797000.0,
        "Net Income Continuous Operations": -58797000.0,
        "Tax Provision": 138000.0,
        "Pretax Income": -58659000.0,
        "Other Income Expense": 10762000.0,
        "Other Non Operating Income Expenses": 10762000.0,
        "Operating Income": -69421000.0,
        "Operating Expense": 154030000.0,
        "Other Operating Expenses": 18257000.0,
        "Depreciation Amortization Depletion Income Statement": 2494000.0,
        "Depreciation And Amortization In Income Statement": 2494000.0,
        "Selling General And Administration": 133279000.0,
        "Selling And Marketing Expense": 561000.0,
        "General And Administrative Expense": 132718000.0,
        "Other Gand A": 4873000.0,
        "Rent And Landing Fees": 1057000.0,
        "Salaries And Wages": 126788000.0,
        "Gross Profit": 84609000.0,
        "Cost Of Revenue": 146506000.0,
        "Total Revenue": 231115000.0,
        "Operating Revenue": 226198000.0
    },
    "2023-09-30": {
        "Tax Effect Of Unusual Items": NaN,
        "Tax Rate For Calcs": NaN,
        "Normalized EBITDA": NaN,
        "Net Income From Continuing Operation Net Minority Interest": NaN,
        "Reconciled Depreciation": NaN,
        "Reconciled Cost Of Revenue": NaN,
        "EBITDA": NaN,
        "EBIT": NaN,
        "Normalized Income": NaN,
        "Net Income From Continuing And Discontinued Operation": NaN,
        "Total Expenses": NaN,
        "Rent Expense Supplemental": NaN,
        "Total Operating Income As Reported": NaN,
        "Diluted Average Shares": 529489000.0,
        "Basic Average Shares": 529489000.0,
        "Diluted EPS": -0.1,
        "Basic EPS": -0.1,
        "Diluted NI Availto Com Stockholders": NaN,
        "Net Income Common Stockholders": NaN,
        "Net Income": NaN,
        "Net Income Including Noncontrolling Interests": NaN,
        "Net Income Continuous Operations": NaN,
        "Tax Provision": NaN,
        "Pretax Income": NaN,
        "Other Income Expense": NaN,
        "Other Non Operating Income Expenses": NaN,
        "Operating Income": NaN,
        "Operating Expense": NaN,
        "Other Operating Expenses": NaN,
        "Depreciation Amortization Depletion Income Statement": NaN,
        "Depreciation And Amortization In Income Statement": NaN,
        "Selling General And Administration": NaN,
        "Selling And Marketing Expense": NaN,
        "General And Administrative Expense": NaN,
        "Other Gand A": NaN,
        "Rent And Landing Fees": NaN,
        "Salaries And Wages": NaN,
        "Gross Profit": NaN,
        "Cost Of Revenue": NaN,
        "Total Revenue": NaN,
        "Operating Revenue": NaN
    },
    "2023-12-31": {
        "Tax Effect Of Unusual Items": 0.0,
        "Tax Rate For Calcs": 0.024853,
        "Normalized EBITDA": -53177000.0,
        "Net Income From Continuing Operation Net Minority Interest": -40375000.0,
        "Reconciled Depreciation": 3159000.0,
        "Reconciled Cost Of Revenue": 35589000.0,
        "EBITDA": -53177000.0,
        "EBIT": -56336000.0,
        "Normalized Income": -40375000.0,
        "Net Income From Continuing And Discontinued Operation": -40375000.0,
        "Total Expenses": 175158000.0,
        "Rent Expense Supplemental": 1076000.0,
        "Total Operating Income As Reported": -56336000.0,
        "Diluted Average Shares": 522330627.0,
        "Basic Average Shares": 522330627.0,
        "Diluted EPS": -0.08,
        "Basic EPS": -0.08,
        "Diluted NI Availto Com Stockholders": -40375000.0,
        "Net Income Common Stockholders": -40375000.0,
        "Net Income": -40375000.0,
        "Net Income Including Noncontrolling Interests": -40375000.0,
        "Net Income Continuous Operations": -40375000.0,
        "Tax Provision": -1029000.0,
        "Pretax Income": -41404000.0,
        "Other Income Expense": 14932000.0,
        "Other Non Operating Income Expenses": 14932000.0,
        "Operating Income": -56336000.0,
        "Operating Expense": 139569000.0,
        "Other Operating Expenses": 17742000.0,
        "Depreciation Amortization Depletion Income Statement": 3159000.0,
        "Depreciation And Amortization In Income Statement": 3159000.0,
        "Selling General And Administration": 118668000.0,
        "Selling And Marketing Expense": 1218000.0,
        "General And Administrative Expense": 117450000.0,
        "Other Gand A": 7172000.0,
        "Rent And Landing Fees": 1076000.0,
        "Salaries And Wages": 109202000.0,
        "Gross Profit": 83233000.0,
        "Cost Of Revenue": 35589000.0,
        "Total Revenue": 118822000.0,
        "Operating Revenue": 97204000.0
    },
    "2024-03-31": {
        "Tax Effect Of Unusual Items": 0.0,
        "Tax Rate For Calcs": 0.21,
        "Normalized EBITDA": -46315000.0,
        "Net Income From Continuing Operation Net Minority Interest": -36060000.0,
        "Reconciled Depreciation": 3537000.0,
        "Reconciled Cost Of Revenue": 33807000.0,
        "EBITDA": -46315000.0,
        "EBIT": -49852000.0,
        "Normalized Income": -36060000.0,
        "Net Income From Continuing And Discontinued Operation": -36060000.0,
        "Total Expenses": 167820000.0,
        "Rent Expense Supplemental": 1094000.0,
        "Total Operating Income As Reported": -49852000.0,
        "Diluted Average Shares": 517987361.0,
        "Basic Average Shares": 517987361.0,
        "Diluted EPS": -0.07,
        "Basic EPS": -0.07,
        "Diluted NI Availto Com Stockholders": -36060000.0,
        "Net Income Common Stockholders": -36060000.0,
        "Net Income": -36060000.0,
        "Net Income Including Noncontrolling Interests": -36060000.0,
        "Net Income Continuous Operations": -36060000.0,
        "Tax Provision": 134000.0,
        "Pretax Income": -35926000.0,
        "Other Income Expense": 13926000.0,
        "Other Non Operating Income Expenses": 13926000.0,
        "Operating Income": -49852000.0,
        "Operating Expense": 134013000.0,
        "Other Operating Expenses": 17023000.0,
        "Depreciation Amortization Depletion Income Statement": 3537000.0,
        "Depreciation And Amortization In Income Statement": 3537000.0,
        "Selling General And Administration": 113453000.0,
        "Selling And Marketing Expense": 378000.0,
        "General And Administrative Expense": 113075000.0,
        "Other Gand A": 3870000.0,
        "Rent And Landing Fees": 1094000.0,
        "Salaries And Wages": 108111000.0,
        "Gross Profit": 84161000.0,
        "Cost Of Revenue": 33807000.0,
        "Total Revenue": 117968000.0,
        "Operating Revenue": 113935000.0
    },
    "2024-06-30": {
        "Tax Effect Of Unusual Items": 0.0,
        "Tax Rate For Calcs": 0.001258,
        "Normalized EBITDA": 108998000.0,
        "Net Income From Continuing Operation Net Minority Interest": 119108000.0,
        "Reconciled Depreciation": 3956000.0,
        "Reconciled Cost Of Revenue": 45917000.0,
        "EBITDA": 108998000.0,
        "EBIT": 105042000.0,
        "Normalized Income": 119108000.0,
        "Net Income From Continuing And Discontinued Operation": 119108000.0,
        "Total Expenses": 20228000.0,
        "Rent Expense Supplemental": 1204000.0,
        "Total Operating Income As Reported": 105042000.0,
        "Diluted Average Shares": 524401000.0,
        "Basic Average Shares": 515959000.0,
        "Diluted EPS": 0.23,
        "Basic EPS": 0.23,
        "Diluted NI Availto Com Stockholders": 119108000.0,
        "Net Income Common Stockholders": 119108000.0,
        "Net Income": 119108000.0,
        "Net Income Including Noncontrolling Interests": 119108000.0,
        "Net Income Continuous Operations": 119108000.0,
        "Tax Provision": 150000.0,
        "Pretax Income": 119258000.0,
        "Other Income Expense": 14216000.0,
        "Other Non Operating Income Expenses": 14216000.0,
        "Operating Income": 105042000.0,
        "Operating Expense": -25689000.0,
        "Other Operating Expenses": 18187000.0,
        "Depreciation Amortization Depletion Income Statement": 3956000.0,
        "Depreciation And Amortization In Income Statement": 3956000.0,
        "Selling General And Administration": -47832000.0,
        "Selling And Marketing Expense": 728000.0,
        "General And Administrative Expense": -48560000.0,
        "Other Gand A": 4808000.0,
        "Rent And Landing Fees": 1204000.0,
        "Salaries And Wages": -54572000.0,
        "Gross Profit": 79353000.0,
        "Cost Of Revenue": 45917000.0,
        "Total Revenue": 125270000.0,
        "Operating Revenue": 119271000.0
    },
    "2024-09-30": {
        "Tax Effect Of Unusual Items": 0.0,
        "Tax Rate For Calcs": 0.21,
        "Normalized EBITDA": -37783000.0,
        "Net Income From Continuing Operation Net Minority Interest": -28643000.0,
        "Reconciled Depreciation": 4448000.0,
        "Reconciled Cost Of Revenue": 37835000.0,
        "EBITDA": -37783000.0,
        "EBIT": -42231000.0,
        "Normalized Income": -28643000.0,
        "Net Income From Continuing And Discontinued Operation": -28643000.0,
        "Total Expenses": 170198000.0,
        "Rent Expense Supplemental": 1178000.0,
        "Total Operating Income As Reported": -42231000.0,
        "Diluted Average Shares": 507160000.0,
        "Basic Average Shares": 507160000.0,
        "Diluted EPS": -0.06,
        "Basic EPS": -0.06,
        "Diluted NI Availto Com Stockholders": -28643000.0,
        "Net Income Common Stockholders": -28643000.0,
        "Net Income": -28643000.0,
        "Net Income Including Noncontrolling Interests": -28643000.0,
        "Net Income Continuous Operations": -28643000.0,
        "Tax Provision": 115000.0,
        "Pretax Income": -28528000.0,
        "Other Income Expense": 13703000.0,
        "Other Non Operating Income Expenses": 13703000.0,
        "Operating Income": -42231000.0,
        "Operating Expense": 132363000.0,
        "Other Operating Expenses": 20432000.0,
        "Depreciation Amortization Depletion Income Statement": 4448000.0,
        "Depreciation And Amortization In Income Statement": 4448000.0,
        "Selling General And Administration": 107483000.0,
        "Selling And Marketing Expense": 582000.0,
        "General And Administrative Expense": 106901000.0,
        "Other Gand A": 4759000.0,
        "Rent And Landing Fees": 1178000.0,
        "Salaries And Wages": 100964000.0,
        "Gross Profit": 90132000.0,
        "Cost Of Revenue": 37835000.0,
        "Total Revenue": 127967000.0,
        "Operating Revenue": 121800000.0
    },
    "2024-12-31": {
        "Tax Effect Of Unusual Items": 0.0,
        "Tax Rate For Calcs": 0.21,
        "Normalized EBITDA": -31906000.0,
        "Net Income From Continuing Operation Net Minority Interest": -27118000.0,
        "Reconciled Depreciation": 5519000.0,
        "Reconciled Cost Of Revenue": 37587000.0,
        "EBITDA": -31906000.0,
        "EBIT": -37425000.0,
        "Normalized Income": -27118000.0,
        "Net Income From Continuing And Discontinued Operation": -27118000.0,
        "Total Expenses": 173215000.0,
        "Rent Expense Supplemental": 2519000.0,
        "Total Operating Income As Reported": -37425000.0,
        "Diluted Average Shares": NaN,
        "Basic Average Shares": NaN,
        "Diluted EPS": NaN,
        "Basic EPS": NaN,
        "Diluted NI Availto Com Stockholders": -27118000.0,
        "Net Income Common Stockholders": -27118000.0,
        "Net Income": -27118000.0,
        "Net Income Including Noncontrolling Interests": -27118000.0,
        "Net Income Continuous Operations": -27118000.0,
        "Tax Provision": 394000.0,
        "Pretax Income": -26724000.0,
        "Other Income Expense": 10701000.0,
        "Other Non Operating Income Expenses": 10701000.0,
        "Operating Income": -37425000.0,
        "Operating Expense": 135628000.0,
        "Other Operating Expenses": 21197000.0,
        "Depreciation Amortization Depletion Income Statement": 5519000.0,
        "Depreciation And Amortization In Income Statement": 5519000.0,
        "Selling General And Administration": 108912000.0,
        "Selling And Marketing Expense": 1298000.0,
        "General And Administrative Expense": 107614000.0,
        "Other Gand A": 6620000.0,
        "Rent And Landing Fees": 2519000.0,
        "Salaries And Wages": 98475000.0,
        "Gross Profit": 98203000.0,
        "Cost Of Revenue": 37587000.0,
        "Total Revenue": 135790000.0,
        "Operating Revenue": 126660000.0
    }
}