{
    "2023-03-31": {
        "Tax Effect Of Unusual Items": 0.0,
        "Tax Rate For Calcs": 0.0,
        "Normalized EBITDA": -7176246.0,
        "Total Unusual Items": -15509.0,
        "Total Unusual Items Excluding Goodwill": -15509.0,
        "Net Income From Continuing Operation Net Minority Interest": -8872849.0,
        "Reconciled Depreciation": 1296084.0,
        "Reconciled Cost Of Revenue": 6156353.0,
        "EBITDA": -7191755.0,
        "EBIT": -8487839.0,
        "Net Interest Income": -385010.0,
        "Interest Expense": 385010.0,
        "Normalized Income": -8857340.0,
        "Net Income From Continuing And Discontinued Operation": -8872849.0,
        "Total Expenses": 18194827.0,
        "Total Operating Income As Reported": -8522782.0,
        "Diluted Average Shares": 5290661.0,
        "Basic Average Shares": 5290661.0,
        "Diluted EPS": -1.68,
        "Basic EPS": -1.68,
        "Diluted NI Availto Com Stockholders": -8872849.0,
        "Net Income Common Stockholders": -8872849.0,
        "Net Income": -8872849.0,
        "Net Income Including Noncontrolling Interests": -8872849.0,
        "Net Income Continuous Operations": -8872849.0,
        "Tax Provision": 0.0,
        "Pretax Income": -8872849.0,
        "Other Income Expense": 34943.0,
        "Other Non Operating Income Expenses": 50452.0,
        "Special Income Charges": NaN,
        "Gain On Sale Of Ppe": NaN,
        "Gain On Sale Of Security": -15509.0,
        "Net Non Operating Interest Income Expense": -385010.0,
        "Interest Expense Non Operating": 385010.0,
        "Operating Income": -8522782.0,
        "Operating Expense": 11786026.0,
        "Other Operating Expenses": 2836645.0,
        "Depreciation Amortization Depletion Income Statement": 1043636.0,
        "Depreciation And Amortization In Income Statement": 1043636.0,
        "Research And Development": 500209.0,
        "Selling General And Administration": 7405536.0,
        "Selling And Marketing Expense": 2179117.0,
        "General And Administrative Expense": 5226419.0,
        "Other Gand A": 5226419.0,
        "Gross Profit": 3263244.0,
        "Cost Of Revenue": 6408801.0,
        "Total Revenue": 9672045.0,
        "Operating Revenue": 9672045.0
    },
    "2022-12-31": {
        "Tax Effect Of Unusual Items": NaN,
        "Tax Rate For Calcs": NaN,
        "Normalized EBITDA": NaN,
        "Total Unusual Items": NaN,
        "Total Unusual Items Excluding Goodwill": NaN,
        "Net Income From Continuing Operation Net Minority Interest": NaN,
        "Reconciled Depreciation": NaN,
        "Reconciled Cost Of Revenue": NaN,
        "EBITDA": NaN,
        "EBIT": NaN,
        "Net Interest Income": NaN,
        "Interest Expense": NaN,
        "Normalized Income": NaN,
        "Net Income From Continuing And Discontinued Operation": NaN,
        "Total Expenses": NaN,
        "Total Operating Income As Reported": NaN,
        "Diluted Average Shares": 5177549.0,
        "Basic Average Shares": 5177549.0,
        "Diluted EPS": -1.64,
        "Basic EPS": -1.64,
        "Diluted NI Availto Com Stockholders": NaN,
        "Net Income Common Stockholders": NaN,
        "Net Income": NaN,
        "Net Income Including Noncontrolling Interests": NaN,
        "Net Income Continuous Operations": NaN,
        "Tax Provision": NaN,
        "Pretax Income": NaN,
        "Other Income Expense": NaN,
        "Other Non Operating Income Expenses": NaN,
        "Special Income Charges": -212959.0,
        "Gain On Sale Of Ppe": -212959.0,
        "Gain On Sale Of Security": NaN,
        "Net Non Operating Interest Income Expense": NaN,
        "Interest Expense Non Operating": NaN,
        "Operating Income": NaN,
        "Operating Expense": NaN,
        "Other Operating Expenses": NaN,
        "Depreciation Amortization Depletion Income Statement": NaN,
        "Depreciation And Amortization In Income Statement": NaN,
        "Research And Development": NaN,
        "Selling General And Administration": NaN,
        "Selling And Marketing Expense": NaN,
        "General And Administrative Expense": NaN,
        "Other Gand A": NaN,
        "Gross Profit": NaN,
        "Cost Of Revenue": NaN,
        "Total Revenue": NaN,
        "Operating Revenue": NaN
    },
    "2022-09-30": {
        "Tax Effect Of Unusual Items": NaN,
        "Tax Rate For Calcs": NaN,
        "Normalized EBITDA": NaN,
        "Total Unusual Items": NaN,
        "Total Unusual Items Excluding Goodwill": NaN,
        "Net Income From Continuing Operation Net Minority Interest": NaN,
        "Reconciled Depreciation": NaN,
        "Reconciled Cost Of Revenue": NaN,
        "EBITDA": NaN,
        "EBIT": NaN,
        "Net Interest Income": NaN,
        "Interest Expense": NaN,
        "Normalized Income": NaN,
        "Net Income From Continuing And Discontinued Operation": NaN,
        "Total Expenses": NaN,
        "Total Operating Income As Reported": NaN,
        "Diluted Average Shares": NaN,
        "Basic Average Shares": NaN,
        "Diluted EPS": NaN,
        "Basic EPS": NaN,
        "Diluted NI Availto Com Stockholders": NaN,
        "Net Income Common Stockholders": NaN,
        "Net Income": NaN,
        "Net Income Including Noncontrolling Interests": NaN,
        "Net Income Continuous Operations": NaN,
        "Tax Provision": NaN,
        "Pretax Income": NaN,
        "Other Income Expense": NaN,
        "Other Non Operating Income Expenses": NaN,
        "Special Income Charges": 0.0,
        "Gain On Sale Of Ppe": 0.0,
        "Gain On Sale Of Security": NaN,
        "Net Non Operating Interest Income Expense": NaN,
        "Interest Expense Non Operating": NaN,
        "Operating Income": NaN,
        "Operating Expense": NaN,
        "Other Operating Expenses": NaN,
        "Depreciation Amortization Depletion Income Statement": NaN,
        "Depreciation And Amortization In Income Statement": NaN,
        "Research And Development": NaN,
        "Selling General And Administration": NaN,
        "Selling And Marketing Expense": NaN,
        "General And Administrative Expense": NaN,
        "Other Gand A": NaN,
        "Gross Profit": NaN,
        "Cost Of Revenue": NaN,
        "Total Revenue": NaN,
        "Operating Revenue": NaN
    },
    "2022-06-30": {
        "Tax Effect Of Unusual Items": 0.0,
        "Tax Rate For Calcs": 0.0,
        "Normalized EBITDA": -5837000.0,
        "Total Unusual Items": -51000.0,
        "Total Unusual Items Excluding Goodwill": -51000.0,
        "Net Income From Continuing Operation Net Minority Interest": -6665000.0,
        "Reconciled Depreciation": 776000.0,
        "Reconciled Cost Of Revenue": 4152000.0,
        "EBITDA": -5888000.0,
        "EBIT": -6664000.0,
        "Net Interest Income": -1000.0,
        "Interest Expense": 1000.0,
        "Normalized Income": -6614000.0,
        "Net Income From Continuing And Discontinued Operation": -6665000.0,
        "Total Expenses": 12160000.0,
        "Total Operating Income As Reported": -6663000.0,
        "Diluted Average Shares": 4961836.0,
        "Basic Average Shares": 4961836.0,
        "Diluted EPS": -1.34,
        "Basic EPS": -1.34,
        "Diluted NI Availto Com Stockholders": -6665000.0,
        "Net Income Common Stockholders": -6665000.0,
        "Net Income": -6665000.0,
        "Net Income Including Noncontrolling Interests": -6665000.0,
        "Net Income Continuous Operations": -6665000.0,
        "Tax Provision": 0.0,
        "Pretax Income": -6665000.0,
        "Other Income Expense": -61000.0,
        "Other Non Operating Income Expenses": -10000.0,
        "Special Income Charges": -60000.0,
        "Gain On Sale Of Ppe": -60000.0,
        "Gain On Sale Of Security": 9000.0,
        "Net Non Operating Interest Income Expense": -1000.0,
        "Interest Expense Non Operating": 1000.0,
        "Operating Income": -6603000.0,
        "Operating Expense": 8008000.0,
        "Other Operating Expenses": 1386000.0,
        "Depreciation Amortization Depletion Income Statement": 776000.0,
        "Depreciation And Amortization In Income Statement": 776000.0,
        "Research And Development": 1309000.0,
        "Selling General And Administration": 4537000.0,
        "Selling And Marketing Expense": 2217000.0,
        "General And Administrative Expense": 2320000.0,
        "Other Gand A": 2320000.0,
        "Gross Profit": 1405000.0,
        "Cost Of Revenue": 4152000.0,
        "Total Revenue": 5557000.0,
        "Operating Revenue": 5557000.0
    },
    "2022-03-31": {
        "Diluted EPS": -1.12,
        "Total Revenue": 6,
        "Gross Profit": 2,
        "Operating Income": -6,
        "EBIT": -5,
        "Net Income": -5
    },
    "2021-12-31": {
        "Diluted EPS": -0.76,
        "Total Revenue": 6,
        "Gross Profit": 2,
        "Operating Income": -6,
        "EBIT": -5,
        "Net Income": -6
    },
    "2021-09-30": {
        "Diluted EPS": -1.88,
        "Total Revenue": 5,
        "Gross Profit": 1,
        "Operating Income": -5,
        "EBIT": -4,
        "Net Income": -5
    },
    "2021-06-30": {
        "Diluted EPS": -1.52,
        "Total Revenue": 4,
        "Gross Profit": 1,
        "Operating Income": -4,
        "EBIT": -4,
        "Net Income": -4
    },
    "2021-03-31": {
        "Diluted EPS": -2.2,
        "Total Revenue": NaN,
        "Gross Profit": NaN,
        "Operating Income": -1,
        "EBIT": -1,
        "Net Income": -2
    },
    "2020-12-31": {
        "Diluted EPS": 0.0,
        "Total Revenue": NaN,
        "Gross Profit": NaN,
        "Operating Income": NaN,
        "EBIT": NaN,
        "Net Income": NaN
    },
    "2020-09-30": {
        "Diluted EPS": -1.48,
        "Total Revenue": NaN,
        "Gross Profit": NaN,
        "Operating Income": -1,
        "EBIT": -1,
        "Net Income": -1
    },
    "2020-06-30": {
        "Diluted EPS": 0.0,
        "Total Revenue": NaN,
        "Gross Profit": NaN,
        "Operating Income": NaN,
        "EBIT": NaN,
        "Net Income": NaN
    },
    "2019-12-31": {
        "Diluted EPS": 0.0,
        "Total Revenue": NaN,
        "Gross Profit": NaN,
        "Operating Income": NaN,
        "EBIT": NaN,
        "Net Income": NaN
    },
    "2023-06-30": {
        "Tax Effect Of Unusual Items": 0.0,
        "Tax Rate For Calcs": 0.0,
        "Normalized EBITDA": -5077380.0,
        "Total Unusual Items": -346692.0,
        "Total Unusual Items Excluding Goodwill": -346692.0,
        "Net Income From Continuing Operation Net Minority Interest": -7556620.0,
        "Reconciled Depreciation": 1799269.0,
        "Reconciled Cost Of Revenue": 5633365.0,
        "EBITDA": -5424072.0,
        "EBIT": -7223341.0,
        "Net Interest Income": -333279.0,
        "Interest Expense": 333279.0,
        "Normalized Income": -7209928.0,
        "Net Income From Continuing And Discontinued Operation": -7556620.0,
        "Total Expenses": 16974080.0,
        "Total Operating Income As Reported": -7270688.0,
        "Diluted Average Shares": 6844778.0,
        "Basic Average Shares": 6844778.0,
        "Diluted EPS": -1.1,
        "Basic EPS": -1.1,
        "Diluted NI Availto Com Stockholders": -7556620.0,
        "Net Income Common Stockholders": -7556620.0,
        "Net Income": -7556620.0,
        "Net Income Including Noncontrolling Interests": -7556620.0,
        "Net Income Continuous Operations": -7556620.0,
        "Tax Provision": 0.0,
        "Pretax Income": -7556620.0,
        "Other Income Expense": -296241.0,
        "Other Non Operating Income Expenses": 50451.0,
        "Special Income Charges": -343588.0,
        "Gain On Sale Of Ppe": -343588.0,
        "Gain On Sale Of Security": -3104.0,
        "Net Non Operating Interest Income Expense": -333279.0,
        "Interest Expense Non Operating": 333279.0,
        "Operating Income": -6927100.0,
        "Operating Expense": 10544392.0,
        "Other Operating Expenses": 1819632.0,
        "Depreciation Amortization Depletion Income Statement": 1002946.0,
        "Depreciation And Amortization In Income Statement": 1002946.0,
        "Research And Development": 523432.0,
        "Selling General And Administration": 7198382.0,
        "Selling And Marketing Expense": 1473311.0,
        "General And Administrative Expense": 5725071.0,
        "Other Gand A": 5725071.0,
        "Gross Profit": 3617292.0,
        "Cost Of Revenue": 6429688.0,
        "Total Revenue": 10046980.0,
        "Operating Revenue": 10046980.0
    },
    "2023-09-30": {
        "Tax Effect Of Unusual Items": 0.0,
        "Tax Rate For Calcs": 0.0,
        "Normalized EBITDA": -5723863.0,
        "Total Unusual Items": -20398.0,
        "Total Unusual Items Excluding Goodwill": -20398.0,
        "Net Income From Continuing Operation Net Minority Interest": -7295380.0,
        "Reconciled Depreciation": 1167363.0,
        "Reconciled Cost Of Revenue": 5451306.0,
        "EBITDA": -5744261.0,
        "EBIT": -6911624.0,
        "Net Interest Income": -383756.0,
        "Interest Expense": 383756.0,
        "Normalized Income": -7274982.0,
        "Net Income From Continuing And Discontinued Operation": -7295380.0,
        "Total Expenses": 15750831.0,
        "Total Operating Income As Reported": -7028283.0,
        "Diluted Average Shares": 7479401.0,
        "Basic Average Shares": 7479401.0,
        "Diluted EPS": -0.98,
        "Basic EPS": -0.98,
        "Diluted NI Availto Com Stockholders": -7295380.0,
        "Net Income Common Stockholders": -7295380.0,
        "Net Income": -7295380.0,
        "Net Income Including Noncontrolling Interests": -7295380.0,
        "Net Income Continuous Operations": -7295380.0,
        "Tax Provision": 0.0,
        "Pretax Income": -7295380.0,
        "Other Income Expense": 110055.0,
        "Other Non Operating Income Expenses": 130453.0,
        "Special Income Charges": -6604.0,
        "Gain On Sale Of Ppe": -6604.0,
        "Gain On Sale Of Security": -13794.0,
        "Net Non Operating Interest Income Expense": -383756.0,
        "Interest Expense Non Operating": 383756.0,
        "Operating Income": -7021679.0,
        "Operating Expense": 10059553.0,
        "Other Operating Expenses": 2036690.0,
        "Depreciation Amortization Depletion Income Statement": 927391.0,
        "Depreciation And Amortization In Income Statement": 927391.0,
        "Research And Development": 267269.0,
        "Selling General And Administration": 6828203.0,
        "Selling And Marketing Expense": 1842018.0,
        "General And Administrative Expense": 4986185.0,
        "Other Gand A": 4986185.0,
        "Gross Profit": 3037874.0,
        "Cost Of Revenue": 5691278.0,
        "Total Revenue": 8729152.0,
        "Operating Revenue": 8729152.0
    },
    "2023-12-31": {
        "Tax Effect Of Unusual Items": -68095.210807,
        "Tax Rate For Calcs": 0.054566,
        "Normalized EBITDA": -2508143.0,
        "Total Unusual Items": -1247941.0,
        "Total Unusual Items Excluding Goodwill": -1247941.0,
        "Net Income From Continuing Operation Net Minority Interest": -5027051.0,
        "Reconciled Depreciation": 1135701.0,
        "Reconciled Cost Of Revenue": 5496508.0,
        "EBITDA": -3756084.0,
        "EBIT": -4891785.0,
        "Net Interest Income": -425404.0,
        "Interest Expense": 425404.0,
        "Normalized Income": -3847205.210807,
        "Net Income From Continuing And Discontinued Operation": -5027051.0,
        "Total Expenses": 12608230.0,
        "Total Operating Income As Reported": -5155229.0,
        "Diluted Average Shares": NaN,
        "Basic Average Shares": NaN,
        "Diluted EPS": NaN,
        "Basic EPS": NaN,
        "Diluted NI Availto Com Stockholders": -5027051.0,
        "Net Income Common Stockholders": -5027051.0,
        "Net Income": -5027051.0,
        "Net Income Including Noncontrolling Interests": -5027051.0,
        "Net Income Continuous Operations": -5027051.0,
        "Tax Provision": -290138.0,
        "Pretax Income": -5317189.0,
        "Other Income Expense": -990429.0,
        "Other Non Operating Income Expenses": 257512.0,
        "Special Income Charges": -1253873.0,
        "Gain On Sale Of Ppe": 15086.0,
        "Gain On Sale Of Security": 5932.0,
        "Net Non Operating Interest Income Expense": -425404.0,
        "Interest Expense Non Operating": 425404.0,
        "Operating Income": -3901356.0,
        "Operating Expense": 6898881.0,
        "Other Operating Expenses": 1613481.0,
        "Depreciation Amortization Depletion Income Statement": 922860.0,
        "Depreciation And Amortization In Income Statement": 922860.0,
        "Research And Development": 20785.0,
        "Selling General And Administration": 4341755.0,
        "Selling And Marketing Expense": 1102535.0,
        "General And Administrative Expense": 3239220.0,
        "Other Gand A": 3239220.0,
        "Gross Profit": 2997525.0,
        "Cost Of Revenue": 5709349.0,
        "Total Revenue": 8706874.0,
        "Operating Revenue": 8706874.0
    },
    "2024-03-31": {
        "Tax Effect Of Unusual Items": 0.0,
        "Tax Rate For Calcs": 0.0,
        "Normalized EBITDA": -2932000.0,
        "Total Unusual Items": -3000.0,
        "Total Unusual Items Excluding Goodwill": -3000.0,
        "Net Income From Continuing Operation Net Minority Interest": -4346000.0,
        "Reconciled Depreciation": 1013000.0,
        "Reconciled Cost Of Revenue": 4809000.0,
        "EBITDA": -2935000.0,
        "EBIT": -3948000.0,
        "Net Interest Income": -398000.0,
        "Interest Expense": 398000.0,
        "Normalized Income": -4343000.0,
        "Net Income From Continuing And Discontinued Operation": -4346000.0,
        "Total Expenses": 11450000.0,
        "Total Operating Income As Reported": -4065000.0,
        "Diluted Average Shares": 9405775.0,
        "Basic Average Shares": 9405775.0,
        "Diluted EPS": -0.46,
        "Basic EPS": -0.46,
        "Diluted NI Availto Com Stockholders": -4346000.0,
        "Net Income Common Stockholders": -4346000.0,
        "Net Income": -4346000.0,
        "Net Income Including Noncontrolling Interests": -4346000.0,
        "Net Income Continuous Operations": -4346000.0,
        "Tax Provision": 0.0,
        "Pretax Income": -4346000.0,
        "Other Income Expense": 117000.0,
        "Other Non Operating Income Expenses": 120000.0,
        "Special Income Charges": NaN,
        "Gain On Sale Of Ppe": NaN,
        "Gain On Sale Of Security": -3000.0,
        "Net Non Operating Interest Income Expense": -398000.0,
        "Interest Expense Non Operating": 398000.0,
        "Operating Income": -4065000.0,
        "Operating Expense": 6579000.0,
        "Other Operating Expenses": 1598000.0,
        "Depreciation Amortization Depletion Income Statement": 951000.0,
        "Depreciation And Amortization In Income Statement": 951000.0,
        "Research And Development": 7000.0,
        "Selling General And Administration": 4023000.0,
        "Selling And Marketing Expense": 602000.0,
        "General And Administrative Expense": 3421000.0,
        "Other Gand A": 3421000.0,
        "Gross Profit": 2514000.0,
        "Cost Of Revenue": 4871000.0,
        "Total Revenue": 7385000.0,
        "Operating Revenue": 7385000.0
    }
}