{
    "2022-12-31": {
        "Diluted EPS": 0.0,
        "Total Revenue": NaN,
        "Gross Profit": NaN,
        "Operating Income": NaN,
        "EBIT": NaN,
        "Net Income": NaN
    },
    "2022-06-30": {
        "Diluted EPS": 0.0,
        "Total Revenue": NaN,
        "Gross Profit": NaN,
        "Operating Income": NaN,
        "Net Income": NaN
    },
    "2021-12-31": {
        "Diluted EPS": 0.0,
        "Total Revenue": NaN,
        "Gross Profit": NaN,
        "Operating Income": NaN,
        "EBIT": NaN,
        "Net Income": NaN
    },
    "2021-06-30": {
        "Diluted EPS": 0.0,
        "Total Revenue": NaN,
        "Gross Profit": NaN,
        "Operating Income": NaN,
        "EBIT": NaN,
        "Net Income": NaN
    },
    "2020-12-31": {
        "Diluted EPS": 0.0,
        "Total Revenue": NaN,
        "Gross Profit": NaN,
        "Operating Income": NaN,
        "EBIT": NaN,
        "Net Income": NaN
    },
    "2020-06-30": {
        "Diluted EPS": 0.0,
        "Total Revenue": NaN,
        "Gross Profit": NaN,
        "Operating Income": NaN,
        "EBIT": NaN,
        "Net Income": NaN
    },
    "2019-12-31": {
        "Diluted EPS": 0.0,
        "Total Revenue": NaN,
        "Gross Profit": NaN,
        "Operating Income": NaN,
        "EBIT": NaN,
        "Net Income": NaN
    },
    "2019-06-30": {
        "Diluted EPS": 0.0,
        "Total Revenue": NaN,
        "Gross Profit": NaN,
        "Operating Income": NaN,
        "EBIT": NaN,
        "Net Income": NaN
    },
    "2018-12-31": {
        "Diluted EPS": 0.0,
        "Total Revenue": NaN,
        "Gross Profit": NaN,
        "Operating Income": NaN,
        "EBIT": NaN,
        "Net Income": NaN
    },
    "2024-03-31": {
        "Tax Effect Of Unusual Items": NaN,
        "Tax Rate For Calcs": NaN,
        "Normalized EBITDA": NaN,
        "Total Unusual Items": NaN,
        "Total Unusual Items Excluding Goodwill": NaN,
        "Net Income From Continuing Operation Net Minority Interest": NaN,
        "Reconciled Depreciation": NaN,
        "Reconciled Cost Of Revenue": 0.0,
        "EBITDA": NaN,
        "EBIT": NaN,
        "Net Interest Income": NaN,
        "Interest Expense": NaN,
        "Interest Income": NaN,
        "Normalized Income": NaN,
        "Net Income From Continuing And Discontinued Operation": NaN,
        "Total Expenses": NaN,
        "Total Operating Income As Reported": NaN,
        "Diluted Average Shares": 140052698.0,
        "Basic Average Shares": 140052698.0,
        "Diluted EPS": -0.05,
        "Basic EPS": -0.05,
        "Diluted NI Availto Com Stockholders": NaN,
        "Net Income Common Stockholders": NaN,
        "Net Income": NaN,
        "Net Income Including Noncontrolling Interests": NaN,
        "Net Income Continuous Operations": NaN,
        "Tax Provision": NaN,
        "Pretax Income": NaN,
        "Other Income Expense": NaN,
        "Gain On Sale Of Security": NaN,
        "Net Non Operating Interest Income Expense": NaN,
        "Interest Expense Non Operating": NaN,
        "Interest Income Non Operating": NaN,
        "Operating Income": NaN,
        "Operating Expense": NaN,
        "Other Operating Expenses": NaN,
        "Research And Development": NaN,
        "Selling General And Administration": NaN,
        "General And Administrative Expense": NaN,
        "Other Gand A": NaN,
        "Gross Profit": 0.0,
        "Cost Of Revenue": 0.0,
        "Total Revenue": NaN,
        "Operating Revenue": NaN
    },
    "2023-06-30": {
        "Tax Effect Of Unusual Items": NaN,
        "Tax Rate For Calcs": NaN,
        "Normalized EBITDA": NaN,
        "Total Unusual Items": NaN,
        "Total Unusual Items Excluding Goodwill": NaN,
        "Net Income From Continuing Operation Net Minority Interest": NaN,
        "Reconciled Depreciation": NaN,
        "Reconciled Cost Of Revenue": NaN,
        "EBITDA": NaN,
        "EBIT": NaN,
        "Net Interest Income": NaN,
        "Interest Expense": NaN,
        "Interest Income": NaN,
        "Normalized Income": NaN,
        "Net Income From Continuing And Discontinued Operation": NaN,
        "Total Expenses": NaN,
        "Total Operating Income As Reported": NaN,
        "Diluted Average Shares": 125684213.0,
        "Basic Average Shares": 125684213.0,
        "Diluted EPS": -0.013932,
        "Basic EPS": -0.013932,
        "Diluted NI Availto Com Stockholders": NaN,
        "Net Income Common Stockholders": NaN,
        "Net Income": NaN,
        "Net Income Including Noncontrolling Interests": NaN,
        "Net Income Continuous Operations": NaN,
        "Tax Provision": NaN,
        "Pretax Income": NaN,
        "Other Income Expense": NaN,
        "Other Non Operating Income Expenses": NaN,
        "Gain On Sale Of Security": NaN,
        "Net Non Operating Interest Income Expense": NaN,
        "Interest Expense Non Operating": NaN,
        "Interest Income Non Operating": NaN,
        "Operating Income": NaN,
        "Operating Expense": NaN,
        "Other Operating Expenses": NaN,
        "Research And Development": NaN,
        "Selling General And Administration": NaN,
        "General And Administrative Expense": NaN,
        "Other Gand A": NaN,
        "Gross Profit": NaN,
        "Cost Of Revenue": NaN,
        "Total Revenue": NaN,
        "Operating Revenue": NaN
    },
    "2023-03-31": {
        "Tax Effect Of Unusual Items": NaN,
        "Tax Rate For Calcs": NaN,
        "Normalized EBITDA": NaN,
        "Total Unusual Items": NaN,
        "Total Unusual Items Excluding Goodwill": NaN,
        "Net Income From Continuing Operation Net Minority Interest": NaN,
        "Reconciled Depreciation": NaN,
        "Reconciled Cost Of Revenue": NaN,
        "EBITDA": NaN,
        "EBIT": NaN,
        "Net Interest Income": NaN,
        "Interest Expense": NaN,
        "Interest Income": NaN,
        "Normalized Income": NaN,
        "Net Income From Continuing And Discontinued Operation": NaN,
        "Total Expenses": NaN,
        "Total Operating Income As Reported": NaN,
        "Diluted Average Shares": NaN,
        "Basic Average Shares": NaN,
        "Diluted EPS": NaN,
        "Basic EPS": NaN,
        "Diluted NI Availto Com Stockholders": NaN,
        "Net Income Common Stockholders": NaN,
        "Net Income": NaN,
        "Net Income Including Noncontrolling Interests": NaN,
        "Net Income Continuous Operations": NaN,
        "Tax Provision": NaN,
        "Pretax Income": NaN,
        "Other Income Expense": NaN,
        "Other Non Operating Income Expenses": -6000.0,
        "Gain On Sale Of Security": NaN,
        "Net Non Operating Interest Income Expense": NaN,
        "Interest Expense Non Operating": NaN,
        "Interest Income Non Operating": NaN,
        "Operating Income": NaN,
        "Operating Expense": NaN,
        "Other Operating Expenses": NaN,
        "Research And Development": NaN,
        "Selling General And Administration": NaN,
        "General And Administrative Expense": NaN,
        "Other Gand A": NaN,
        "Gross Profit": NaN,
        "Cost Of Revenue": NaN,
        "Total Revenue": NaN,
        "Operating Revenue": NaN
    },
    "2024-06-30": {
        "Tax Effect Of Unusual Items": 0.0,
        "Tax Rate For Calcs": 0.0,
        "Normalized EBITDA": -11629000.0,
        "Total Unusual Items": -38000.0,
        "Total Unusual Items Excluding Goodwill": -38000.0,
        "Net Income From Continuing Operation Net Minority Interest": -12255000.0,
        "Reconciled Depreciation": 257000.0,
        "Reconciled Cost Of Revenue": 0.0,
        "EBITDA": -11667000.0,
        "EBIT": -11924000.0,
        "Net Interest Income": 228000.0,
        "Interest Expense": 331000.0,
        "Interest Income": 559000.0,
        "Normalized Income": -12217000.0,
        "Net Income From Continuing And Discontinued Operation": -12255000.0,
        "Total Expenses": 12445000.0,
        "Total Operating Income As Reported": -12814000.0,
        "Diluted Average Shares": 142354161.0,
        "Basic Average Shares": 142354161.0,
        "Diluted EPS": -0.1,
        "Basic EPS": -0.1,
        "Diluted NI Availto Com Stockholders": -12255000.0,
        "Net Income Common Stockholders": -12255000.0,
        "Net Income": -12255000.0,
        "Net Income Including Noncontrolling Interests": -12255000.0,
        "Net Income Continuous Operations": -12255000.0,
        "Tax Provision": 0.0,
        "Pretax Income": -12255000.0,
        "Other Income Expense": -38000.0,
        "Gain On Sale Of Security": -38000.0,
        "Net Non Operating Interest Income Expense": 228000.0,
        "Interest Expense Non Operating": 331000.0,
        "Interest Income Non Operating": 559000.0,
        "Operating Income": -12445000.0,
        "Operating Expense": 12445000.0,
        "Other Operating Expenses": -369000.0,
        "Research And Development": 4946000.0,
        "Selling General And Administration": 7868000.0,
        "General And Administrative Expense": 7868000.0,
        "Other Gand A": 7868000.0,
        "Gross Profit": 0.0,
        "Cost Of Revenue": 0.0,
        "Total Revenue": 0.0,
        "Operating Revenue": 0.0
    },
    "2024-09-30": {
        "Tax Effect Of Unusual Items": 0.0,
        "Tax Rate For Calcs": 0.0,
        "Normalized EBITDA": -7882000.0,
        "Total Unusual Items": -6484000.0,
        "Total Unusual Items Excluding Goodwill": -6484000.0,
        "Net Income From Continuing Operation Net Minority Interest": -15001000.0,
        "Reconciled Depreciation": 282000.0,
        "Reconciled Cost Of Revenue": 0.0,
        "EBITDA": -14366000.0,
        "EBIT": -14648000.0,
        "Net Interest Income": 630000.0,
        "Interest Expense": 353000.0,
        "Interest Income": 983000.0,
        "Normalized Income": -8517000.0,
        "Net Income From Continuing And Discontinued Operation": -15001000.0,
        "Total Expenses": 9147000.0,
        "Total Operating Income As Reported": -9373000.0,
        "Diluted Average Shares": 154029318.0,
        "Basic Average Shares": 154029318.0,
        "Diluted EPS": -0.1,
        "Basic EPS": -0.1,
        "Diluted NI Availto Com Stockholders": -15001000.0,
        "Net Income Common Stockholders": -15001000.0,
        "Net Income": -15001000.0,
        "Net Income Including Noncontrolling Interests": -15001000.0,
        "Net Income Continuous Operations": -15001000.0,
        "Tax Provision": 0.0,
        "Pretax Income": -15001000.0,
        "Other Income Expense": -6484000.0,
        "Gain On Sale Of Security": -6484000.0,
        "Net Non Operating Interest Income Expense": 630000.0,
        "Interest Expense Non Operating": 353000.0,
        "Interest Income Non Operating": 983000.0,
        "Operating Income": -9147000.0,
        "Operating Expense": 9147000.0,
        "Other Operating Expenses": -226000.0,
        "Research And Development": 3170000.0,
        "Selling General And Administration": 6203000.0,
        "General And Administrative Expense": 6203000.0,
        "Other Gand A": 6203000.0,
        "Gross Profit": 0.0,
        "Cost Of Revenue": 0.0,
        "Total Revenue": 0.0,
        "Operating Revenue": 0.0
    },
    "2023-12-31": {
        "Tax Effect Of Unusual Items": NaN,
        "Tax Rate For Calcs": NaN,
        "Normalized EBITDA": NaN,
        "Total Unusual Items": NaN,
        "Total Unusual Items Excluding Goodwill": NaN,
        "Net Income From Continuing Operation Net Minority Interest": NaN,
        "Reconciled Depreciation": NaN,
        "Reconciled Cost Of Revenue": NaN,
        "EBITDA": NaN,
        "EBIT": NaN,
        "Net Interest Income": NaN,
        "Interest Expense": NaN,
        "Interest Income": NaN,
        "Normalized Income": NaN,
        "Net Income From Continuing And Discontinued Operation": NaN,
        "Total Expenses": NaN,
        "Total Operating Income As Reported": NaN,
        "Diluted Average Shares": NaN,
        "Basic Average Shares": NaN,
        "Diluted EPS": NaN,
        "Basic EPS": NaN,
        "Diluted NI Availto Com Stockholders": NaN,
        "Net Income Common Stockholders": NaN,
        "Net Income": NaN,
        "Net Income Including Noncontrolling Interests": NaN,
        "Net Income Continuous Operations": NaN,
        "Tax Provision": NaN,
        "Pretax Income": NaN,
        "Other Income Expense": NaN,
        "Other Non Operating Income Expenses": -4000.0,
        "Gain On Sale Of Security": NaN,
        "Net Non Operating Interest Income Expense": NaN,
        "Interest Expense Non Operating": NaN,
        "Interest Income Non Operating": NaN,
        "Operating Income": NaN,
        "Operating Expense": NaN,
        "Other Operating Expenses": NaN,
        "Research And Development": NaN,
        "Selling General And Administration": NaN,
        "General And Administrative Expense": NaN,
        "Other Gand A": NaN,
        "Gross Profit": NaN,
        "Cost Of Revenue": NaN,
        "Total Revenue": NaN,
        "Operating Revenue": NaN
    },
    "2023-09-30": {
        "Tax Effect Of Unusual Items": NaN,
        "Tax Rate For Calcs": NaN,
        "Normalized EBITDA": NaN,
        "Total Unusual Items": NaN,
        "Total Unusual Items Excluding Goodwill": NaN,
        "Net Income From Continuing Operation Net Minority Interest": NaN,
        "Reconciled Depreciation": NaN,
        "Reconciled Cost Of Revenue": NaN,
        "EBITDA": NaN,
        "EBIT": NaN,
        "Net Interest Income": NaN,
        "Interest Expense": NaN,
        "Interest Income": NaN,
        "Normalized Income": NaN,
        "Net Income From Continuing And Discontinued Operation": NaN,
        "Total Expenses": NaN,
        "Total Operating Income As Reported": NaN,
        "Diluted Average Shares": 136994838.0,
        "Basic Average Shares": 136994838.0,
        "Diluted EPS": -0.05,
        "Basic EPS": -0.05,
        "Diluted NI Availto Com Stockholders": NaN,
        "Net Income Common Stockholders": NaN,
        "Net Income": NaN,
        "Net Income Including Noncontrolling Interests": NaN,
        "Net Income Continuous Operations": NaN,
        "Tax Provision": NaN,
        "Pretax Income": NaN,
        "Other Income Expense": NaN,
        "Other Non Operating Income Expenses": NaN,
        "Gain On Sale Of Security": NaN,
        "Net Non Operating Interest Income Expense": NaN,
        "Interest Expense Non Operating": NaN,
        "Interest Income Non Operating": NaN,
        "Operating Income": NaN,
        "Operating Expense": NaN,
        "Other Operating Expenses": NaN,
        "Research And Development": NaN,
        "Selling General And Administration": NaN,
        "General And Administrative Expense": NaN,
        "Other Gand A": NaN,
        "Gross Profit": NaN,
        "Cost Of Revenue": NaN,
        "Total Revenue": NaN,
        "Operating Revenue": NaN
    },
    "2024-12-31": {
        "Tax Effect Of Unusual Items": 0.0,
        "Tax Rate For Calcs": 0.0,
        "Normalized EBITDA": -13544000.0,
        "Total Unusual Items": 7147000.0,
        "Total Unusual Items Excluding Goodwill": 7147000.0,
        "Net Income From Continuing Operation Net Minority Interest": -7046000.0,
        "Reconciled Depreciation": 274000.0,
        "Reconciled Cost Of Revenue": 0.0,
        "EBITDA": -6397000.0,
        "EBIT": -6671000.0,
        "Net Interest Income": 506000.0,
        "Interest Expense": 375000.0,
        "Interest Income": 881000.0,
        "Normalized Income": -14193000.0,
        "Net Income From Continuing And Discontinued Operation": -7046000.0,
        "Total Expenses": 14699000.0,
        "Total Operating Income As Reported": -15275000.0,
        "Diluted Average Shares": NaN,
        "Basic Average Shares": NaN,
        "Diluted EPS": NaN,
        "Basic EPS": NaN,
        "Diluted NI Availto Com Stockholders": -7046000.0,
        "Net Income Common Stockholders": -7046000.0,
        "Net Income": -7046000.0,
        "Net Income Including Noncontrolling Interests": -7046000.0,
        "Net Income Continuous Operations": -7046000.0,
        "Tax Provision": 0.0,
        "Pretax Income": -7046000.0,
        "Other Income Expense": 7147000.0,
        "Gain On Sale Of Security": 7147000.0,
        "Net Non Operating Interest Income Expense": 506000.0,
        "Interest Expense Non Operating": 375000.0,
        "Interest Income Non Operating": 881000.0,
        "Operating Income": -14699000.0,
        "Operating Expense": 14699000.0,
        "Other Operating Expenses": -576000.0,
        "Research And Development": 8821000.0,
        "Selling General And Administration": 6454000.0,
        "General And Administrative Expense": 6454000.0,
        "Other Gand A": 6454000.0,
        "Gross Profit": 0.0,
        "Cost Of Revenue": 0.0,
        "Total Revenue": 0.0,
        "Operating Revenue": 0.0
    },
    "2025-03-31": {
        "Tax Effect Of Unusual Items": 0.0,
        "Tax Rate For Calcs": 0.0,
        "Normalized EBITDA": -10088000.0,
        "Total Unusual Items": -2349000.0,
        "Total Unusual Items Excluding Goodwill": -2349000.0,
        "Net Income From Continuing Operation Net Minority Interest": -12887000.0,
        "Reconciled Depreciation": 270000.0,
        "Reconciled Cost Of Revenue": NaN,
        "EBITDA": -12437000.0,
        "EBIT": -12707000.0,
        "Net Interest Income": 479000.0,
        "Interest Expense": 180000.0,
        "Interest Income": 659000.0,
        "Normalized Income": -10538000.0,
        "Net Income From Continuing And Discontinued Operation": -12887000.0,
        "Total Expenses": 11017000.0,
        "Total Operating Income As Reported": -11202000.0,
        "Diluted Average Shares": 156855877.0,
        "Basic Average Shares": 156855877.0,
        "Diluted EPS": -0.1,
        "Basic EPS": -0.1,
        "Diluted NI Availto Com Stockholders": -12887000.0,
        "Net Income Common Stockholders": -12887000.0,
        "Net Income": -12887000.0,
        "Net Income Including Noncontrolling Interests": -12887000.0,
        "Net Income Continuous Operations": -12887000.0,
        "Tax Provision": 0.0,
        "Pretax Income": -12887000.0,
        "Other Income Expense": -2349000.0,
        "Gain On Sale Of Security": -2349000.0,
        "Net Non Operating Interest Income Expense": 479000.0,
        "Interest Expense Non Operating": 180000.0,
        "Interest Income Non Operating": 659000.0,
        "Operating Income": -11017000.0,
        "Operating Expense": 11017000.0,
        "Other Operating Expenses": -185000.0,
        "Research And Development": 3930000.0,
        "Selling General And Administration": 7272000.0,
        "General And Administrative Expense": 7272000.0,
        "Other Gand A": 7272000.0,
        "Gross Profit": NaN,
        "Cost Of Revenue": NaN,
        "Total Revenue": 0.0,
        "Operating Revenue": 0.0
    },
    "2025-06-30": {
        "Tax Effect Of Unusual Items": 0.0,
        "Tax Rate For Calcs": 0.0,
        "Normalized EBITDA": -8867000.0,
        "Total Unusual Items": -5427000.0,
        "Total Unusual Items Excluding Goodwill": -5427000.0,
        "Net Income From Continuing Operation Net Minority Interest": -14616000.0,
        "Reconciled Depreciation": 298000.0,
        "Reconciled Cost Of Revenue": 132000.0,
        "EBITDA": -14294000.0,
        "EBIT": -14592000.0,
        "Net Interest Income": 565000.0,
        "Interest Expense": 24000.0,
        "Interest Income": 589000.0,
        "Normalized Income": -9189000.0,
        "Net Income From Continuing And Discontinued Operation": -14616000.0,
        "Total Expenses": 10254000.0,
        "Total Operating Income As Reported": -10499000.0,
        "Diluted Average Shares": 159887066.0,
        "Basic Average Shares": 159887066.0,
        "Diluted EPS": -0.1,
        "Basic EPS": -0.1,
        "Diluted NI Availto Com Stockholders": -14616000.0,
        "Net Income Common Stockholders": -14616000.0,
        "Net Income": -14616000.0,
        "Net Income Including Noncontrolling Interests": -14616000.0,
        "Net Income Continuous Operations": -14616000.0,
        "Tax Provision": 0.0,
        "Pretax Income": -14616000.0,
        "Other Income Expense": -5427000.0,
        "Gain On Sale Of Security": -5427000.0,
        "Net Non Operating Interest Income Expense": 565000.0,
        "Interest Expense Non Operating": 24000.0,
        "Interest Income Non Operating": 589000.0,
        "Operating Income": -9754000.0,
        "Operating Expense": 10122000.0,
        "Other Operating Expenses": -745000.0,
        "Research And Development": 5373000.0,
        "Selling General And Administration": 5494000.0,
        "General And Administrative Expense": 5494000.0,
        "Other Gand A": 5494000.0,
        "Gross Profit": 368000.0,
        "Cost Of Revenue": 132000.0,
        "Total Revenue": 500000.0,
        "Operating Revenue": 500000.0
    }
}