{
    "2023-03-31": {
        "Tax Effect Of Unusual Items": NaN,
        "Tax Rate For Calcs": NaN,
        "Normalized EBITDA": NaN,
        "Total Unusual Items": NaN,
        "Total Unusual Items Excluding Goodwill": NaN,
        "Net Income From Continuing Operation Net Minority Interest": NaN,
        "Reconciled Depreciation": NaN,
        "EBITDA": NaN,
        "EBIT": NaN,
        "Net Interest Income": NaN,
        "Interest Income": NaN,
        "Normalized Income": NaN,
        "Net Income From Continuing And Discontinued Operation": NaN,
        "Total Expenses": NaN,
        "Total Operating Income As Reported": NaN,
        "Diluted Average Shares": 46323772.0,
        "Basic Average Shares": 46323772.0,
        "Diluted EPS": -0.86,
        "Basic EPS": -0.86,
        "Diluted NI Availto Com Stockholders": NaN,
        "Net Income Common Stockholders": NaN,
        "Net Income": NaN,
        "Net Income Including Noncontrolling Interests": NaN,
        "Net Income Continuous Operations": NaN,
        "Tax Provision": NaN,
        "Pretax Income": NaN,
        "Other Income Expense": NaN,
        "Gain On Sale Of Security": NaN,
        "Net Non Operating Interest Income Expense": NaN,
        "Total Other Finance Cost": -1995000.0,
        "Interest Income Non Operating": NaN,
        "Operating Income": NaN,
        "Operating Expense": NaN,
        "Research And Development": NaN,
        "Selling General And Administration": NaN,
        "General And Administrative Expense": NaN,
        "Other Gand A": NaN,
        "Total Revenue": NaN,
        "Operating Revenue": NaN
    },
    "2022-12-31": {
        "Tax Effect Of Unusual Items": NaN,
        "Tax Rate For Calcs": NaN,
        "Normalized EBITDA": NaN,
        "Total Unusual Items": NaN,
        "Total Unusual Items Excluding Goodwill": NaN,
        "Net Income From Continuing Operation Net Minority Interest": NaN,
        "Reconciled Depreciation": NaN,
        "EBITDA": NaN,
        "EBIT": NaN,
        "Net Interest Income": NaN,
        "Interest Income": NaN,
        "Normalized Income": NaN,
        "Net Income From Continuing And Discontinued Operation": NaN,
        "Total Expenses": NaN,
        "Total Operating Income As Reported": NaN,
        "Diluted Average Shares": NaN,
        "Basic Average Shares": NaN,
        "Diluted EPS": NaN,
        "Basic EPS": NaN,
        "Diluted NI Availto Com Stockholders": NaN,
        "Net Income Common Stockholders": NaN,
        "Net Income": NaN,
        "Net Income Including Noncontrolling Interests": NaN,
        "Net Income Continuous Operations": NaN,
        "Tax Provision": NaN,
        "Pretax Income": NaN,
        "Other Income Expense": NaN,
        "Other Non Operating Income Expenses": 0.0,
        "Gain On Sale Of Security": NaN,
        "Net Non Operating Interest Income Expense": NaN,
        "Total Other Finance Cost": NaN,
        "Interest Income Non Operating": NaN,
        "Operating Income": NaN,
        "Operating Expense": NaN,
        "Research And Development": NaN,
        "Selling General And Administration": NaN,
        "General And Administrative Expense": NaN,
        "Other Gand A": NaN,
        "Total Revenue": NaN,
        "Operating Revenue": NaN
    },
    "2022-09-30": {
        "Tax Effect Of Unusual Items": NaN,
        "Tax Rate For Calcs": NaN,
        "Normalized EBITDA": NaN,
        "Total Unusual Items": NaN,
        "Total Unusual Items Excluding Goodwill": NaN,
        "Net Income From Continuing Operation Net Minority Interest": NaN,
        "Reconciled Depreciation": NaN,
        "EBITDA": NaN,
        "EBIT": NaN,
        "Net Interest Income": NaN,
        "Interest Income": NaN,
        "Normalized Income": NaN,
        "Net Income From Continuing And Discontinued Operation": NaN,
        "Total Expenses": NaN,
        "Total Operating Income As Reported": NaN,
        "Diluted Average Shares": 46056719.0,
        "Basic Average Shares": 46056719.0,
        "Diluted EPS": -0.53,
        "Basic EPS": -0.53,
        "Diluted NI Availto Com Stockholders": NaN,
        "Net Income Common Stockholders": NaN,
        "Net Income": NaN,
        "Net Income Including Noncontrolling Interests": NaN,
        "Net Income Continuous Operations": NaN,
        "Tax Provision": NaN,
        "Pretax Income": NaN,
        "Other Income Expense": NaN,
        "Other Non Operating Income Expenses": NaN,
        "Gain On Sale Of Security": NaN,
        "Net Non Operating Interest Income Expense": NaN,
        "Total Other Finance Cost": -866000.0,
        "Interest Income Non Operating": NaN,
        "Operating Income": NaN,
        "Operating Expense": NaN,
        "Research And Development": NaN,
        "Selling General And Administration": NaN,
        "General And Administrative Expense": NaN,
        "Other Gand A": NaN,
        "Total Revenue": NaN,
        "Operating Revenue": NaN
    },
    "2022-06-30": {
        "Tax Effect Of Unusual Items": 9842800.0,
        "Tax Rate For Calcs": 0.4,
        "Normalized EBITDA": -55392000.0,
        "Total Unusual Items": 24607000.0,
        "Total Unusual Items Excluding Goodwill": 24607000.0,
        "Net Income From Continuing Operation Net Minority Interest": -5714000.0,
        "Reconciled Depreciation": 322000.0,
        "EBITDA": -30785000.0,
        "EBIT": -31107000.0,
        "Net Interest Income": 316000.0,
        "Interest Income": NaN,
        "Normalized Income": -20478200.0,
        "Net Income From Continuing And Discontinued Operation": -5714000.0,
        "Total Expenses": 43791000.0,
        "Total Operating Income As Reported": -31107000.0,
        "Diluted Average Shares": 43636337.0,
        "Basic Average Shares": 43636337.0,
        "Diluted EPS": -0.13,
        "Basic EPS": -0.13,
        "Diluted NI Availto Com Stockholders": -5714000.0,
        "Net Income Common Stockholders": -5714000.0,
        "Net Income": -5714000.0,
        "Net Income Including Noncontrolling Interests": -5714000.0,
        "Net Income Continuous Operations": -5714000.0,
        "Tax Provision": 131000.0,
        "Pretax Income": -5583000.0,
        "Other Income Expense": 25208000.0,
        "Other Non Operating Income Expenses": 601000.0,
        "Gain On Sale Of Security": 24607000.0,
        "Net Non Operating Interest Income Expense": 316000.0,
        "Total Other Finance Cost": -316000.0,
        "Interest Income Non Operating": NaN,
        "Operating Income": -31107000.0,
        "Operating Expense": 43791000.0,
        "Research And Development": 31096000.0,
        "Selling General And Administration": 12695000.0,
        "General And Administrative Expense": 12695000.0,
        "Other Gand A": 12695000.0,
        "Total Revenue": 12684000.0,
        "Operating Revenue": 12684000.0
    },
    "2022-03-31": {
        "Diluted EPS": -0.43,
        "Total Revenue": 12,
        "Gross Profit": 12,
        "Operating Income": -27,
        "EBIT": -27,
        "Net Income": -19
    },
    "2021-12-31": {
        "Diluted EPS": -0.35,
        "Total Revenue": 15,
        "Gross Profit": 15,
        "Operating Income": -23,
        "EBIT": -23,
        "Net Income": -14
    },
    "2021-09-30": {
        "Diluted EPS": -0.39,
        "Total Revenue": 14,
        "Gross Profit": 14,
        "Operating Income": -23,
        "EBIT": -22,
        "Net Income": -15
    },
    "2021-06-30": {
        "Diluted EPS": -0.71,
        "Total Revenue": 12,
        "Gross Profit": 12,
        "Operating Income": -23,
        "EBIT": -22,
        "Net Income": -27
    },
    "2021-03-31": {
        "Diluted EPS": -0.28,
        "Total Revenue": 8,
        "Gross Profit": 8,
        "Operating Income": -22,
        "EBIT": -21,
        "Net Income": -10
    },
    "2020-12-31": {
        "Diluted EPS": -1.06,
        "Total Revenue": 9,
        "Gross Profit": 9,
        "Operating Income": -23,
        "EBIT": -22,
        "Net Income": -28
    },
    "2020-09-30": {
        "Diluted EPS": -0.64,
        "Total Revenue": 9,
        "Gross Profit": 9,
        "Operating Income": -18,
        "EBIT": -18,
        "Net Income": -23
    },
    "2020-06-30": {
        "Diluted EPS": -0.54,
        "Total Revenue": 6,
        "Gross Profit": 6,
        "Operating Income": -16,
        "EBIT": -15,
        "Net Income": -18
    },
    "2020-03-31": {
        "Diluted EPS": -0.68,
        "Total Revenue": 6,
        "Gross Profit": 6,
        "Operating Income": -20,
        "EBIT": -19,
        "Net Income": -17
    },
    "2019-12-31": {
        "Diluted EPS": -0.83,
        "Total Revenue": 8,
        "Gross Profit": 8,
        "Operating Income": -23,
        "EBIT": -23,
        "Net Income": -25
    },
    "2019-09-30": {
        "Diluted EPS": -0.55,
        "Total Revenue": 8,
        "Gross Profit": 8,
        "Operating Income": -13,
        "EBIT": -13,
        "Net Income": -9
    },
    "2019-06-30": {
        "Diluted EPS": -0.52,
        "Total Revenue": 6,
        "Gross Profit": 6,
        "Operating Income": -13,
        "EBIT": -12,
        "Net Income": -13
    },
    "2019-03-31": {
        "Diluted EPS": -0.38,
        "Total Revenue": 9,
        "Gross Profit": 9,
        "Operating Income": -10,
        "EBIT": -9,
        "Net Income": -7
    },
    "2018-12-31": {
        "Diluted EPS": 0.01,
        "Total Revenue": 11,
        "Gross Profit": 11,
        "Operating Income": -10,
        "EBIT": -10,
        "Net Income": 0
    },
    "2018-09-30": {
        "Diluted EPS": -0.55,
        "Total Revenue": 8,
        "Gross Profit": 8,
        "Operating Income": -14,
        "EBIT": -14,
        "Net Income": -12
    },
    "2018-06-30": {
        "Diluted EPS": -0.24,
        "Total Revenue": 8,
        "Gross Profit": 8,
        "Operating Income": -14,
        "EBIT": -14,
        "Net Income": -5
    },
    "2018-03-31": {
        "Diluted EPS": -0.49,
        "Total Revenue": 12,
        "Gross Profit": 12,
        "Operating Income": -7,
        "EBIT": -7,
        "Net Income": -10
    },
    "2017-12-31": {
        "Diluted EPS": -0.89,
        "Total Revenue": 4,
        "Gross Profit": 4,
        "Operating Income": -14,
        "EBIT": -14,
        "Net Income": -17
    },
    "2017-09-30": {
        "Diluted EPS": -0.95,
        "Total Revenue": 4,
        "Gross Profit": 4,
        "Operating Income": -12,
        "EBIT": -12,
        "Net Income": -18
    },
    "2017-06-30": {
        "Diluted EPS": -1.23,
        "Total Revenue": 4,
        "Gross Profit": 4,
        "Operating Income": -11,
        "EBIT": -11,
        "Net Income": -24
    },
    "2017-03-31": {
        "Diluted EPS": -1.23,
        "Total Revenue": 2,
        "Gross Profit": 2,
        "Operating Income": -11,
        "EBIT": -11,
        "Net Income": -23
    },
    "2016-12-31": {
        "Diluted EPS": -2.46,
        "Total Revenue": 0,
        "Gross Profit": 0,
        "Operating Income": -14,
        "EBIT": -13,
        "Net Income": -35
    },
    "2016-09-30": {
        "Diluted EPS": -0.35,
        "Total Revenue": 1,
        "Gross Profit": 1,
        "Operating Income": -6,
        "EBIT": -5,
        "Net Income": -6
    },
    "2016-06-30": {
        "Diluted EPS": -0.45,
        "Total Revenue": 1,
        "Gross Profit": 1,
        "Operating Income": -6,
        "EBIT": -5,
        "Net Income": -6
    },
    "2016-03-31": {
        "Diluted EPS": -0.7,
        "Total Revenue": 1,
        "Gross Profit": 1,
        "Operating Income": -6,
        "EBIT": -6,
        "Net Income": -6
    },
    "2015-12-31": {
        "Diluted EPS": -0.85,
        "Total Revenue": 0,
        "Gross Profit": 0,
        "Operating Income": 0,
        "EBIT": 0,
        "Net Income": -7
    },
    "2015-09-30": {
        "Diluted EPS": -0.82,
        "Total Revenue": 0,
        "Gross Profit": 0,
        "Operating Income": 0,
        "EBIT": 0,
        "Net Income": -7
    },
    "2015-06-30": {
        "Diluted EPS": -1.38,
        "Total Revenue": 1,
        "Gross Profit": 1,
        "Operating Income": 1,
        "EBIT": 1,
        "Net Income": -6
    },
    "2015-03-31": {
        "Diluted EPS": -1.34,
        "Total Revenue": 0,
        "Gross Profit": 0,
        "Operating Income": 0,
        "EBIT": 0,
        "Net Income": -5
    },
    "2023-06-30": {
        "Tax Effect Of Unusual Items": NaN,
        "Tax Rate For Calcs": NaN,
        "Normalized EBITDA": NaN,
        "Total Unusual Items": NaN,
        "Total Unusual Items Excluding Goodwill": NaN,
        "Net Income From Continuing Operation Net Minority Interest": NaN,
        "Reconciled Depreciation": NaN,
        "EBITDA": NaN,
        "EBIT": NaN,
        "Net Interest Income": NaN,
        "Interest Income": 2795000.0,
        "Normalized Income": NaN,
        "Net Income From Continuing And Discontinued Operation": NaN,
        "Total Expenses": NaN,
        "Total Operating Income As Reported": NaN,
        "Diluted Average Shares": 48321708.0,
        "Basic Average Shares": 48321708.0,
        "Diluted EPS": -0.66,
        "Basic EPS": -0.66,
        "Diluted NI Availto Com Stockholders": NaN,
        "Net Income Common Stockholders": NaN,
        "Net Income": NaN,
        "Net Income Including Noncontrolling Interests": NaN,
        "Net Income Continuous Operations": NaN,
        "Tax Provision": NaN,
        "Pretax Income": NaN,
        "Other Income Expense": NaN,
        "Gain On Sale Of Security": NaN,
        "Net Non Operating Interest Income Expense": NaN,
        "Total Other Finance Cost": NaN,
        "Interest Income Non Operating": 2795000.0,
        "Operating Income": NaN,
        "Operating Expense": NaN,
        "Research And Development": NaN,
        "Selling General And Administration": NaN,
        "General And Administrative Expense": NaN,
        "Other Gand A": NaN,
        "Total Revenue": NaN,
        "Operating Revenue": NaN
    },
    "2023-09-30": {
        "Tax Effect Of Unusual Items": NaN,
        "Tax Rate For Calcs": NaN,
        "Normalized EBITDA": NaN,
        "Total Unusual Items": NaN,
        "Total Unusual Items Excluding Goodwill": NaN,
        "Net Income From Continuing Operation Net Minority Interest": NaN,
        "Reconciled Depreciation": NaN,
        "EBITDA": NaN,
        "EBIT": NaN,
        "Net Interest Income": NaN,
        "Interest Income": 4522000.0,
        "Normalized Income": NaN,
        "Net Income From Continuing And Discontinued Operation": NaN,
        "Total Expenses": NaN,
        "Total Operating Income As Reported": NaN,
        "Diluted Average Shares": 53869762.0,
        "Basic Average Shares": 53869762.0,
        "Diluted EPS": -0.43,
        "Basic EPS": -0.43,
        "Diluted NI Availto Com Stockholders": NaN,
        "Net Income Common Stockholders": NaN,
        "Net Income": NaN,
        "Net Income Including Noncontrolling Interests": NaN,
        "Net Income Continuous Operations": NaN,
        "Tax Provision": NaN,
        "Pretax Income": NaN,
        "Other Income Expense": NaN,
        "Other Non Operating Income Expenses": NaN,
        "Gain On Sale Of Security": NaN,
        "Net Non Operating Interest Income Expense": NaN,
        "Total Other Finance Cost": -4522000.0,
        "Interest Income Non Operating": 4522000.0,
        "Operating Income": NaN,
        "Operating Expense": NaN,
        "Research And Development": NaN,
        "Selling General And Administration": NaN,
        "General And Administrative Expense": NaN,
        "Other Gand A": NaN,
        "Total Revenue": NaN,
        "Operating Revenue": NaN
    },
    "2023-12-31": {
        "Tax Effect Of Unusual Items": NaN,
        "Tax Rate For Calcs": NaN,
        "Normalized EBITDA": NaN,
        "Total Unusual Items": NaN,
        "Total Unusual Items Excluding Goodwill": NaN,
        "Net Income From Continuing Operation Net Minority Interest": NaN,
        "Reconciled Depreciation": NaN,
        "EBITDA": NaN,
        "EBIT": NaN,
        "Net Interest Income": NaN,
        "Interest Income": NaN,
        "Normalized Income": NaN,
        "Net Income From Continuing And Discontinued Operation": NaN,
        "Total Expenses": NaN,
        "Total Operating Income As Reported": NaN,
        "Diluted Average Shares": NaN,
        "Basic Average Shares": NaN,
        "Diluted EPS": NaN,
        "Basic EPS": NaN,
        "Diluted NI Availto Com Stockholders": NaN,
        "Net Income Common Stockholders": NaN,
        "Net Income": NaN,
        "Net Income Including Noncontrolling Interests": NaN,
        "Net Income Continuous Operations": NaN,
        "Tax Provision": NaN,
        "Pretax Income": NaN,
        "Other Income Expense": NaN,
        "Other Non Operating Income Expenses": NaN,
        "Gain On Sale Of Security": NaN,
        "Net Non Operating Interest Income Expense": NaN,
        "Total Other Finance Cost": -5198000.0,
        "Interest Income Non Operating": NaN,
        "Operating Income": NaN,
        "Operating Expense": NaN,
        "Research And Development": NaN,
        "Selling General And Administration": NaN,
        "General And Administrative Expense": NaN,
        "Other Gand A": NaN,
        "Total Revenue": NaN,
        "Operating Revenue": NaN
    },
    "2024-03-31": {
        "Tax Effect Of Unusual Items": 2201772.0,
        "Tax Rate For Calcs": 0.258,
        "Normalized EBITDA": -54736000.0,
        "Total Unusual Items": 8534000.0,
        "Total Unusual Items Excluding Goodwill": 8534000.0,
        "Net Income From Continuing Operation Net Minority Interest": -34456000.0,
        "Reconciled Depreciation": 607000.0,
        "EBITDA": -46202000.0,
        "EBIT": -46809000.0,
        "Net Interest Income": 4917000.0,
        "Interest Income": NaN,
        "Normalized Income": -40788228.0,
        "Net Income From Continuing And Discontinued Operation": -34456000.0,
        "Total Expenses": 54698000.0,
        "Total Operating Income As Reported": -46809000.0,
        "Diluted Average Shares": 58085416.0,
        "Basic Average Shares": 58085416.0,
        "Diluted EPS": -0.59,
        "Basic EPS": -0.59,
        "Diluted NI Availto Com Stockholders": -34456000.0,
        "Net Income Common Stockholders": -34456000.0,
        "Net Income": -34456000.0,
        "Net Income Including Noncontrolling Interests": -34456000.0,
        "Net Income Continuous Operations": -34456000.0,
        "Tax Provision": 1098000.0,
        "Pretax Income": -33358000.0,
        "Other Income Expense": 8534000.0,
        "Other Non Operating Income Expenses": NaN,
        "Gain On Sale Of Security": 8534000.0,
        "Net Non Operating Interest Income Expense": 4917000.0,
        "Total Other Finance Cost": -4917000.0,
        "Interest Income Non Operating": NaN,
        "Operating Income": -46809000.0,
        "Operating Expense": 54698000.0,
        "Research And Development": 38584000.0,
        "Selling General And Administration": 16114000.0,
        "General And Administrative Expense": 16114000.0,
        "Other Gand A": 16114000.0,
        "Total Revenue": 7889000.0,
        "Operating Revenue": 7889000.0
    },
    "2024-06-30": {
        "Tax Effect Of Unusual Items": 2455902.0,
        "Tax Rate For Calcs": 0.258,
        "Normalized EBITDA": -73253000.0,
        "Total Unusual Items": 9519000.0,
        "Total Unusual Items Excluding Goodwill": 9519000.0,
        "Net Income From Continuing Operation Net Minority Interest": -50042000.0,
        "Reconciled Depreciation": 640000.0,
        "EBITDA": -63734000.0,
        "EBIT": -64374000.0,
        "Net Interest Income": 7130000.0,
        "Interest Income": 7130000.0,
        "Normalized Income": -57105098.0,
        "Net Income From Continuing And Discontinued Operation": -50042000.0,
        "Total Expenses": 71706000.0,
        "Total Operating Income As Reported": -64374000.0,
        "Diluted Average Shares": 61851260.0,
        "Basic Average Shares": 61851260.0,
        "Diluted EPS": -0.81,
        "Basic EPS": -0.81,
        "Diluted NI Availto Com Stockholders": -50042000.0,
        "Net Income Common Stockholders": -50042000.0,
        "Net Income": -50042000.0,
        "Net Income Including Noncontrolling Interests": -50042000.0,
        "Net Income Continuous Operations": -50042000.0,
        "Tax Provision": 2317000.0,
        "Pretax Income": -47725000.0,
        "Other Income Expense": 9519000.0,
        "Other Non Operating Income Expenses": NaN,
        "Gain On Sale Of Security": 9519000.0,
        "Net Non Operating Interest Income Expense": 7130000.0,
        "Total Other Finance Cost": NaN,
        "Interest Income Non Operating": 7130000.0,
        "Operating Income": -64374000.0,
        "Operating Expense": 71706000.0,
        "Research And Development": 49119000.0,
        "Selling General And Administration": 22587000.0,
        "General And Administrative Expense": 22587000.0,
        "Other Gand A": 22587000.0,
        "Total Revenue": 7332000.0,
        "Operating Revenue": 7332000.0
    },
    "2024-09-30": {
        "Tax Effect Of Unusual Items": -9017100.0,
        "Tax Rate For Calcs": 0.258,
        "Normalized EBITDA": -36647000.0,
        "Total Unusual Items": -34950000.0,
        "Total Unusual Items Excluding Goodwill": -34950000.0,
        "Net Income From Continuing Operation Net Minority Interest": -99905000.0,
        "Reconciled Depreciation": 635000.0,
        "EBITDA": -71597000.0,
        "EBIT": -72232000.0,
        "Net Interest Income": 10254000.0,
        "Interest Income": 10254000.0,
        "Normalized Income": -73972100.0,
        "Net Income From Continuing And Discontinued Operation": -99905000.0,
        "Total Expenses": 84004000.0,
        "Total Operating Income As Reported": -72232000.0,
        "Diluted Average Shares": 68254120.0,
        "Basic Average Shares": 68254120.0,
        "Diluted EPS": -1.46,
        "Basic EPS": -1.46,
        "Diluted NI Availto Com Stockholders": -99905000.0,
        "Net Income Common Stockholders": -99905000.0,
        "Net Income": -99905000.0,
        "Net Income Including Noncontrolling Interests": -99905000.0,
        "Net Income Continuous Operations": -99905000.0,
        "Tax Provision": 2977000.0,
        "Pretax Income": -96928000.0,
        "Other Income Expense": -34950000.0,
        "Other Non Operating Income Expenses": NaN,
        "Gain On Sale Of Security": -34950000.0,
        "Net Non Operating Interest Income Expense": 10254000.0,
        "Total Other Finance Cost": NaN,
        "Interest Income Non Operating": 10254000.0,
        "Operating Income": -72232000.0,
        "Operating Expense": 84004000.0,
        "Research And Development": 63239000.0,
        "Selling General And Administration": 20765000.0,
        "General And Administrative Expense": 20765000.0,
        "Other Gand A": 20765000.0,
        "Total Revenue": 11772000.0,
        "Operating Revenue": 11772000.0
    },
    "2024-12-31": {
        "Tax Effect Of Unusual Items": 13158000.0,
        "Tax Rate For Calcs": 0.258,
        "Normalized EBITDA": -139063000.0,
        "Total Unusual Items": 51000000.0,
        "Total Unusual Items Excluding Goodwill": 51000000.0,
        "Net Income From Continuing Operation Net Minority Interest": -30923000.0,
        "Reconciled Depreciation": 589000.0,
        "EBITDA": -88063000.0,
        "EBIT": -88652000.0,
        "Net Interest Income": 8488000.0,
        "Interest Income": NaN,
        "Normalized Income": -68765000.0,
        "Net Income From Continuing And Discontinued Operation": -30923000.0,
        "Total Expenses": 97792000.0,
        "Total Operating Income As Reported": -88652000.0,
        "Diluted Average Shares": NaN,
        "Basic Average Shares": NaN,
        "Diluted EPS": NaN,
        "Basic EPS": NaN,
        "Diluted NI Availto Com Stockholders": -30923000.0,
        "Net Income Common Stockholders": -30923000.0,
        "Net Income": -30923000.0,
        "Net Income Including Noncontrolling Interests": -30923000.0,
        "Net Income Continuous Operations": -30923000.0,
        "Tax Provision": 1759000.0,
        "Pretax Income": -29164000.0,
        "Other Income Expense": 51000000.0,
        "Other Non Operating Income Expenses": NaN,
        "Gain On Sale Of Security": 51000000.0,
        "Net Non Operating Interest Income Expense": 8488000.0,
        "Total Other Finance Cost": NaN,
        "Interest Income Non Operating": NaN,
        "Operating Income": -88652000.0,
        "Operating Expense": 97792000.0,
        "Research And Development": 74426000.0,
        "Selling General And Administration": 23366000.0,
        "General And Administrative Expense": 23366000.0,
        "Other Gand A": 23366000.0,
        "Total Revenue": 9140000.0,
        "Operating Revenue": 9140000.0
    },
    "2025-03-31": {
        "Tax Effect Of Unusual Items": -6273528.0,
        "Tax Rate For Calcs": 0.258,
        "Normalized EBITDA": -50843000.0,
        "Total Unusual Items": -24316000.0,
        "Total Unusual Items Excluding Goodwill": -24316000.0,
        "Net Income From Continuing Operation Net Minority Interest": -96474000.0,
        "Reconciled Depreciation": 581000.0,
        "EBITDA": -75159000.0,
        "EBIT": -75740000.0,
        "Net Interest Income": 7203000.0,
        "Interest Income": NaN,
        "Normalized Income": -78431528.0,
        "Net Income From Continuing And Discontinued Operation": -96474000.0,
        "Total Expenses": 102228000.0,
        "Total Operating Income As Reported": -75740000.0,
        "Diluted Average Shares": 69017576.0,
        "Basic Average Shares": 69017576.0,
        "Diluted EPS": -1.4,
        "Basic EPS": -1.4,
        "Diluted NI Availto Com Stockholders": -96474000.0,
        "Net Income Common Stockholders": -96474000.0,
        "Net Income": -96474000.0,
        "Net Income Including Noncontrolling Interests": -96474000.0,
        "Net Income Continuous Operations": -96474000.0,
        "Tax Provision": 1855000.0,
        "Pretax Income": -94619000.0,
        "Other Income Expense": -26082000.0,
        "Other Non Operating Income Expenses": -1766000.0,
        "Gain On Sale Of Security": -24316000.0,
        "Net Non Operating Interest Income Expense": 7203000.0,
        "Total Other Finance Cost": -7203000.0,
        "Interest Income Non Operating": NaN,
        "Operating Income": -75740000.0,
        "Operating Expense": 102228000.0,
        "Research And Development": 80116000.0,
        "Selling General And Administration": 22112000.0,
        "General And Administrative Expense": 22112000.0,
        "Other Gand A": 22112000.0,
        "Total Revenue": 26488000.0,
        "Operating Revenue": 26488000.0
    }
}