{
    "2023-06-30": {
        "Tax Effect Of Unusual Items": 20855987.382214,
        "Tax Rate For Calcs": 0.187892,
        "Normalized EBITDA": 28972000000.0,
        "Total Unusual Items": 111000000.0,
        "Total Unusual Items Excluding Goodwill": 111000000.0,
        "Net Income From Continuing Operation Net Minority Interest": 20081000000.0,
        "Reconciled Depreciation": 3874000000.0,
        "Reconciled Cost Of Revenue": 16795000000.0,
        "EBITDA": 29083000000.0,
        "EBIT": 25209000000.0,
        "Net Interest Income": 423000000.0,
        "Interest Expense": 482000000.0,
        "Interest Income": 905000000.0,
        "Normalized Income": 19990855987.382214,
        "Net Income From Continuing And Discontinued Operation": 20081000000.0,
        "Total Expenses": 31935000000.0,
        "Total Operating Income As Reported": 24254000000.0,
        "Diluted Average Shares": 7467000000.0,
        "Basic Average Shares": 7434000000.0,
        "Diluted EPS": 2.69,
        "Basic EPS": 2.7,
        "Diluted NI Availto Com Stockholders": 20081000000.0,
        "Net Income Common Stockholders": 20081000000.0,
        "Net Income": 20081000000.0,
        "Net Income Including Noncontrolling Interests": 20081000000.0,
        "Net Income Continuous Operations": 20081000000.0,
        "Tax Provision": 4646000000.0,
        "Pretax Income": 24727000000.0,
        "Other Income Expense": 50000000.0,
        "Other Non Operating Income Expenses": -61000000.0,
        "Special Income Charges": NaN,
        "Write Off": NaN,
        "Gain On Sale Of Security": 141000000.0,
        "Net Non Operating Interest Income Expense": 423000000.0,
        "Interest Expense Non Operating": 482000000.0,
        "Interest Income Non Operating": 905000000.0,
        "Operating Income": 24254000000.0,
        "Operating Expense": 15140000000.0,
        "Research And Development": 6739000000.0,
        "Selling General And Administration": 8401000000.0,
        "Selling And Marketing Expense": 6204000000.0,
        "General And Administrative Expense": 2197000000.0,
        "Other Gand A": 2197000000.0,
        "Gross Profit": 39394000000.0,
        "Cost Of Revenue": 16795000000.0,
        "Total Revenue": 56189000000.0,
        "Operating Revenue": 56189000000.0
    },
    "2023-03-31": {
        "Tax Effect Of Unusual Items": NaN,
        "Tax Rate For Calcs": NaN,
        "Normalized EBITDA": NaN,
        "Total Unusual Items": NaN,
        "Total Unusual Items Excluding Goodwill": NaN,
        "Net Income From Continuing Operation Net Minority Interest": NaN,
        "Reconciled Depreciation": NaN,
        "Reconciled Cost Of Revenue": NaN,
        "EBITDA": NaN,
        "EBIT": NaN,
        "Net Interest Income": NaN,
        "Interest Expense": NaN,
        "Interest Income": NaN,
        "Normalized Income": NaN,
        "Net Income From Continuing And Discontinued Operation": NaN,
        "Total Expenses": NaN,
        "Total Operating Income As Reported": NaN,
        "Diluted Average Shares": NaN,
        "Basic Average Shares": NaN,
        "Diluted EPS": NaN,
        "Basic EPS": NaN,
        "Diluted NI Availto Com Stockholders": NaN,
        "Net Income Common Stockholders": NaN,
        "Net Income": NaN,
        "Net Income Including Noncontrolling Interests": NaN,
        "Net Income Continuous Operations": NaN,
        "Tax Provision": NaN,
        "Pretax Income": NaN,
        "Other Income Expense": NaN,
        "Other Non Operating Income Expenses": NaN,
        "Special Income Charges": 0.0,
        "Write Off": 0.0,
        "Gain On Sale Of Security": NaN,
        "Net Non Operating Interest Income Expense": NaN,
        "Interest Expense Non Operating": NaN,
        "Interest Income Non Operating": NaN,
        "Operating Income": NaN,
        "Operating Expense": NaN,
        "Research And Development": NaN,
        "Selling General And Administration": NaN,
        "Selling And Marketing Expense": NaN,
        "General And Administrative Expense": NaN,
        "Other Gand A": NaN,
        "Gross Profit": NaN,
        "Cost Of Revenue": NaN,
        "Total Revenue": NaN,
        "Operating Revenue": NaN
    },
    "2022-12-31": {
        "Tax Effect Of Unusual Items": NaN,
        "Tax Rate For Calcs": NaN,
        "Normalized EBITDA": NaN,
        "Total Unusual Items": NaN,
        "Total Unusual Items Excluding Goodwill": NaN,
        "Net Income From Continuing Operation Net Minority Interest": NaN,
        "Reconciled Depreciation": NaN,
        "Reconciled Cost Of Revenue": NaN,
        "EBITDA": NaN,
        "EBIT": NaN,
        "Net Interest Income": NaN,
        "Interest Expense": NaN,
        "Interest Income": NaN,
        "Normalized Income": NaN,
        "Net Income From Continuing And Discontinued Operation": NaN,
        "Total Expenses": NaN,
        "Total Operating Income As Reported": NaN,
        "Diluted Average Shares": NaN,
        "Basic Average Shares": NaN,
        "Diluted EPS": NaN,
        "Basic EPS": NaN,
        "Diluted NI Availto Com Stockholders": NaN,
        "Net Income Common Stockholders": NaN,
        "Net Income": NaN,
        "Net Income Including Noncontrolling Interests": NaN,
        "Net Income Continuous Operations": NaN,
        "Tax Provision": NaN,
        "Pretax Income": NaN,
        "Other Income Expense": NaN,
        "Other Non Operating Income Expenses": NaN,
        "Special Income Charges": -4000000.0,
        "Write Off": 4000000.0,
        "Gain On Sale Of Security": NaN,
        "Net Non Operating Interest Income Expense": NaN,
        "Interest Expense Non Operating": NaN,
        "Interest Income Non Operating": NaN,
        "Operating Income": NaN,
        "Operating Expense": NaN,
        "Research And Development": NaN,
        "Selling General And Administration": NaN,
        "Selling And Marketing Expense": NaN,
        "General And Administrative Expense": NaN,
        "Other Gand A": NaN,
        "Gross Profit": NaN,
        "Cost Of Revenue": NaN,
        "Total Revenue": NaN,
        "Operating Revenue": NaN
    },
    "2022-09-30": {
        "Tax Effect Of Unusual Items": -10640000.0,
        "Tax Rate For Calcs": 0.19,
        "Normalized EBITDA": 24918000000.0,
        "Total Unusual Items": -56000000.0,
        "Total Unusual Items Excluding Goodwill": -56000000.0,
        "Net Income From Continuing Operation Net Minority Interest": 17556000000.0,
        "Reconciled Depreciation": 2790000000.0,
        "Reconciled Cost Of Revenue": 15452000000.0,
        "EBITDA": 24862000000.0,
        "EBIT": 22072000000.0,
        "Net Interest Income": 141000000.0,
        "Interest Expense": 500000000.0,
        "Interest Income": 641000000.0,
        "Normalized Income": 17601360000.0,
        "Net Income From Continuing And Discontinued Operation": 17556000000.0,
        "Total Expenses": 28604000000.0,
        "Total Operating Income As Reported": 21518000000.0,
        "Diluted Average Shares": 7485000000.0,
        "Basic Average Shares": 7457000000.0,
        "Diluted EPS": 2.35,
        "Basic EPS": 2.35,
        "Diluted NI Availto Com Stockholders": 17556000000.0,
        "Net Income Common Stockholders": 17556000000.0,
        "Net Income": 17556000000.0,
        "Net Income Including Noncontrolling Interests": 17556000000.0,
        "Net Income Continuous Operations": 17556000000.0,
        "Tax Provision": 4016000000.0,
        "Pretax Income": 21572000000.0,
        "Other Income Expense": -87000000.0,
        "Other Non Operating Income Expenses": -31000000.0,
        "Gain On Sale Of Security": -56000000.0,
        "Net Non Operating Interest Income Expense": 141000000.0,
        "Interest Expense Non Operating": 500000000.0,
        "Interest Income Non Operating": 641000000.0,
        "Operating Income": 21518000000.0,
        "Operating Expense": 13152000000.0,
        "Research And Development": 6628000000.0,
        "Selling General And Administration": 6524000000.0,
        "Selling And Marketing Expense": 5126000000.0,
        "General And Administrative Expense": 1398000000.0,
        "Other Gand A": 1398000000.0,
        "Gross Profit": 34670000000.0,
        "Cost Of Revenue": 15452000000.0,
        "Total Revenue": 50122000000.0,
        "Operating Revenue": 50122000000.0
    },
    "2022-06-30": {
        "Tax Effect Of Unusual Items": 0.0,
        "Tax Rate For Calcs": 0.182896,
        "Normalized EBITDA": 24513000000.0,
        "Total Unusual Items": -80000000.0,
        "Total Unusual Items Excluding Goodwill": -80000000.0,
        "Net Income From Continuing Operation Net Minority Interest": 16740000000.0,
        "Reconciled Depreciation": 3979000000.0,
        "Reconciled Cost Of Revenue": 16429000000.0,
        "EBITDA": 24513000000.0,
        "EBIT": 20534000000.0,
        "Net Interest Income": 56000000.0,
        "Interest Expense": 496000000.0,
        "Interest Income": 552000000.0,
        "Normalized Income": 16740000000.0,
        "Net Income From Continuing And Discontinued Operation": 16740000000.0,
        "Total Expenses": 31331000000.0,
        "Total Operating Income As Reported": 20534000000.0,
        "Diluted Average Shares": 7504000000.0,
        "Basic Average Shares": 7472000000.0,
        "Diluted EPS": 2.23,
        "Basic EPS": 2.24,
        "Diluted NI Availto Com Stockholders": 16740000000.0,
        "Net Income Common Stockholders": 16740000000.0,
        "Net Income": 16740000000.0,
        "Net Income Including Noncontrolling Interests": 16740000000.0,
        "Net Income Continuous Operations": 16740000000.0,
        "Tax Provision": 3747000000.0,
        "Pretax Income": 20487000000.0,
        "Other Income Expense": -47000000.0,
        "Other Non Operating Income Expenses": -47000000.0,
        "Gain On Sale Of Security": 21000000.0,
        "Net Non Operating Interest Income Expense": 56000000.0,
        "Interest Expense Non Operating": 496000000.0,
        "Interest Income Non Operating": 552000000.0,
        "Operating Income": 20534000000.0,
        "Operating Expense": 14902000000.0,
        "Research And Development": 6849000000.0,
        "Selling General And Administration": 8053000000.0,
        "Selling And Marketing Expense": 6304000000.0,
        "General And Administrative Expense": 1749000000.0,
        "Other Gand A": 1749000000.0,
        "Gross Profit": 35436000000.0,
        "Cost Of Revenue": 16429000000.0,
        "Total Revenue": 51865000000.0,
        "Operating Revenue": 51865000000.0
    },
    "2022-03-31": {
        "Diluted EPS": 2.22,
        "Total Revenue": NaN,
        "Gross Profit": NaN,
        "Operating Income": NaN,
        "EBIT": NaN,
        "Net Income": NaN
    },
    "2021-12-31": {
        "Diluted EPS": 2.48,
        "Total Revenue": NaN,
        "Gross Profit": NaN,
        "Operating Income": NaN,
        "EBIT": NaN,
        "Net Income": NaN
    },
    "2021-09-30": {
        "Diluted EPS": 2.71,
        "Total Revenue": NaN,
        "Gross Profit": NaN,
        "Operating Income": NaN,
        "EBIT": NaN,
        "Net Income": NaN
    },
    "2021-06-30": {
        "Diluted EPS": 2.17,
        "Total Revenue": NaN,
        "Gross Profit": NaN,
        "Operating Income": NaN,
        "EBIT": NaN,
        "Net Income": NaN
    },
    "2021-03-31": {
        "Diluted EPS": 2.03,
        "Total Revenue": NaN,
        "Gross Profit": NaN,
        "Operating Income": NaN,
        "EBIT": NaN,
        "Net Income": NaN
    },
    "2020-12-31": {
        "Diluted EPS": 2.03,
        "Total Revenue": NaN,
        "Gross Profit": NaN,
        "Operating Income": NaN,
        "EBIT": NaN,
        "Net Income": NaN
    },
    "2020-09-30": {
        "Diluted EPS": 1.82,
        "Total Revenue": NaN,
        "Gross Profit": NaN,
        "Operating Income": NaN,
        "EBIT": NaN,
        "Net Income": NaN
    },
    "2020-06-30": {
        "Diluted EPS": 1.47,
        "Total Revenue": NaN,
        "Gross Profit": NaN,
        "Operating Income": NaN,
        "EBIT": NaN,
        "Net Income": NaN
    },
    "2020-03-31": {
        "Diluted EPS": 1.4,
        "Total Revenue": NaN,
        "Gross Profit": NaN,
        "Operating Income": NaN,
        "EBIT": NaN,
        "Net Income": NaN
    },
    "2019-12-31": {
        "Diluted EPS": 1.51,
        "Total Revenue": NaN,
        "Gross Profit": NaN,
        "Operating Income": NaN,
        "EBIT": NaN,
        "Net Income": NaN
    },
    "2019-09-30": {
        "Diluted EPS": 1.38,
        "Total Revenue": NaN,
        "Gross Profit": NaN,
        "Operating Income": NaN,
        "EBIT": NaN,
        "Net Income": NaN
    },
    "2019-06-30": {
        "Diluted EPS": 1.7,
        "Total Revenue": NaN,
        "Gross Profit": NaN,
        "Operating Income": NaN,
        "EBIT": NaN,
        "Net Income": NaN
    },
    "2019-03-31": {
        "Diluted EPS": 1.14,
        "Total Revenue": NaN,
        "Gross Profit": NaN,
        "Operating Income": NaN,
        "EBIT": NaN,
        "Net Income": NaN
    },
    "2018-12-31": {
        "Diluted EPS": 1.08,
        "Total Revenue": NaN,
        "Gross Profit": NaN,
        "Operating Income": NaN,
        "EBIT": NaN,
        "Net Income": NaN
    },
    "2018-09-30": {
        "Diluted EPS": 1.14,
        "Total Revenue": NaN,
        "Gross Profit": NaN,
        "Operating Income": NaN,
        "EBIT": NaN,
        "Net Income": NaN
    },
    "2018-06-30": {
        "Diluted EPS": 1.16,
        "Total Revenue": NaN,
        "Gross Profit": NaN,
        "Operating Income": NaN,
        "EBIT": NaN,
        "Net Income": NaN
    },
    "2018-03-31": {
        "Diluted EPS": 0.95,
        "Total Revenue": NaN,
        "Gross Profit": NaN,
        "Operating Income": NaN,
        "EBIT": NaN,
        "Net Income": NaN
    },
    "2017-12-31": {
        "Diluted EPS": -0.82,
        "Total Revenue": NaN,
        "Gross Profit": NaN,
        "Operating Income": NaN,
        "EBIT": NaN,
        "Net Income": NaN
    },
    "2017-09-30": {
        "Diluted EPS": 0.84,
        "Total Revenue": NaN,
        "Gross Profit": NaN,
        "Operating Income": NaN,
        "EBIT": NaN,
        "Net Income": NaN
    },
    "2017-06-30": {
        "Diluted EPS": 1.03,
        "Total Revenue": NaN,
        "Gross Profit": NaN,
        "Operating Income": NaN,
        "EBIT": NaN,
        "Net Income": NaN
    },
    "2017-03-31": {
        "Diluted EPS": 0.7,
        "Total Revenue": NaN,
        "Gross Profit": NaN,
        "Operating Income": NaN,
        "EBIT": NaN,
        "Net Income": NaN
    },
    "2016-12-31": {
        "Diluted EPS": 0.8,
        "Total Revenue": NaN,
        "Gross Profit": NaN,
        "Operating Income": NaN,
        "EBIT": NaN,
        "Net Income": NaN
    },
    "2016-09-30": {
        "Diluted EPS": 0.72,
        "Total Revenue": NaN,
        "Gross Profit": NaN,
        "Operating Income": NaN,
        "EBIT": NaN,
        "Net Income": NaN
    },
    "2016-06-30": {
        "Diluted EPS": 0.86,
        "Total Revenue": NaN,
        "Gross Profit": NaN,
        "Operating Income": NaN,
        "EBIT": NaN,
        "Net Income": NaN
    },
    "2016-03-31": {
        "Diluted EPS": 0.47,
        "Total Revenue": NaN,
        "Gross Profit": NaN,
        "Operating Income": NaN,
        "EBIT": NaN,
        "Net Income": NaN
    },
    "2015-12-31": {
        "Diluted EPS": 0.62,
        "Total Revenue": NaN,
        "Gross Profit": NaN,
        "Operating Income": NaN,
        "EBIT": NaN,
        "Net Income": NaN
    },
    "2015-09-30": {
        "Diluted EPS": 0.61,
        "Total Revenue": NaN,
        "Gross Profit": NaN,
        "Operating Income": NaN,
        "EBIT": NaN,
        "Net Income": NaN
    },
    "2015-06-30": {
        "Diluted EPS": -0.38,
        "Total Revenue": NaN,
        "Gross Profit": NaN,
        "Operating Income": NaN,
        "EBIT": NaN,
        "Net Income": NaN
    },
    "2015-03-31": {
        "Diluted EPS": 0.61,
        "Total Revenue": NaN,
        "Gross Profit": NaN,
        "Operating Income": NaN,
        "EBIT": NaN,
        "Net Income": NaN
    },
    "2014-12-31": {
        "Diluted EPS": 0.71,
        "Total Revenue": NaN,
        "Gross Profit": NaN,
        "Operating Income": NaN,
        "EBIT": NaN,
        "Net Income": NaN
    },
    "2014-09-30": {
        "Diluted EPS": 0.54,
        "Total Revenue": NaN,
        "Gross Profit": NaN,
        "Operating Income": NaN,
        "EBIT": NaN,
        "Net Income": NaN
    },
    "2014-06-30": {
        "Diluted EPS": 0.55,
        "Total Revenue": NaN,
        "Gross Profit": NaN,
        "Operating Income": NaN,
        "EBIT": NaN,
        "Net Income": NaN
    },
    "2014-03-31": {
        "Diluted EPS": 0.68,
        "Total Revenue": NaN,
        "Gross Profit": NaN,
        "Operating Income": NaN,
        "EBIT": NaN,
        "Net Income": NaN
    },
    "2013-12-31": {
        "Diluted EPS": 0.78,
        "Total Revenue": NaN,
        "Gross Profit": NaN,
        "Operating Income": NaN,
        "EBIT": NaN,
        "Net Income": NaN
    },
    "2013-09-30": {
        "Diluted EPS": 0.62,
        "Total Revenue": NaN,
        "Gross Profit": NaN,
        "Operating Income": NaN,
        "EBIT": NaN,
        "Net Income": NaN
    },
    "2013-06-30": {
        "Diluted EPS": 0.57,
        "Total Revenue": NaN,
        "Gross Profit": NaN,
        "Operating Income": NaN,
        "EBIT": NaN,
        "Net Income": NaN
    },
    "2013-03-31": {
        "Diluted EPS": 0.72,
        "Total Revenue": NaN,
        "Gross Profit": NaN,
        "Operating Income": NaN,
        "EBIT": NaN,
        "Net Income": NaN
    },
    "2012-12-31": {
        "Diluted EPS": 0.76,
        "Total Revenue": NaN,
        "Gross Profit": NaN,
        "Operating Income": NaN,
        "EBIT": NaN,
        "Net Income": NaN
    },
    "2012-09-30": {
        "Diluted EPS": 0.53,
        "Total Revenue": NaN,
        "Gross Profit": NaN,
        "Operating Income": NaN,
        "EBIT": NaN,
        "Net Income": NaN
    },
    "2012-06-30": {
        "Diluted EPS": -0.06,
        "Total Revenue": NaN,
        "Gross Profit": NaN,
        "Operating Income": 192,
        "EBIT": NaN,
        "Net Income": -492
    },
    "2012-03-31": {
        "Diluted EPS": 0.6,
        "Total Revenue": NaN,
        "Gross Profit": NaN,
        "Operating Income": NaN,
        "EBIT": NaN,
        "Net Income": NaN
    },
    "2011-12-31": {
        "Diluted EPS": 0.78,
        "Total Revenue": NaN,
        "Gross Profit": NaN,
        "Operating Income": NaN,
        "EBIT": NaN,
        "Net Income": NaN
    },
    "2011-09-30": {
        "Diluted EPS": 0.68,
        "Total Revenue": NaN,
        "Gross Profit": NaN,
        "Operating Income": NaN,
        "EBIT": NaN,
        "Net Income": NaN
    },
    "2011-06-30": {
        "Diluted EPS": 0.69,
        "Total Revenue": NaN,
        "Gross Profit": NaN,
        "Operating Income": NaN,
        "EBIT": NaN,
        "Net Income": NaN
    },
    "2011-03-31": {
        "Diluted EPS": 0.61,
        "Total Revenue": NaN,
        "Gross Profit": NaN,
        "Operating Income": NaN,
        "EBIT": NaN,
        "Net Income": NaN
    },
    "2010-12-31": {
        "Diluted EPS": 0.77,
        "Total Revenue": NaN,
        "Gross Profit": NaN,
        "Operating Income": NaN,
        "EBIT": NaN,
        "Net Income": NaN
    },
    "2010-09-30": {
        "Diluted EPS": 0.62,
        "Total Revenue": NaN,
        "Gross Profit": NaN,
        "Operating Income": NaN,
        "EBIT": NaN,
        "Net Income": NaN
    },
    "2010-06-30": {
        "Diluted EPS": 0.51,
        "Total Revenue": NaN,
        "Gross Profit": NaN,
        "Operating Income": NaN,
        "EBIT": NaN,
        "Net Income": NaN
    },
    "2010-03-31": {
        "Diluted EPS": 0.45,
        "Total Revenue": NaN,
        "Gross Profit": NaN,
        "Operating Income": NaN,
        "EBIT": NaN,
        "Net Income": NaN
    },
    "2009-12-31": {
        "Diluted EPS": 0.74,
        "Total Revenue": NaN,
        "Gross Profit": NaN,
        "Operating Income": NaN,
        "EBIT": NaN,
        "Net Income": NaN
    },
    "2009-09-30": {
        "Diluted EPS": 0.4,
        "Total Revenue": NaN,
        "Gross Profit": NaN,
        "Operating Income": NaN,
        "EBIT": NaN,
        "Net Income": NaN
    },
    "2009-06-30": {
        "Diluted EPS": 0.34,
        "Total Revenue": NaN,
        "Gross Profit": NaN,
        "Operating Income": NaN,
        "EBIT": NaN,
        "Net Income": NaN
    },
    "2009-03-31": {
        "Diluted EPS": 0.33,
        "Total Revenue": NaN,
        "Gross Profit": NaN,
        "Operating Income": NaN,
        "EBIT": NaN,
        "Net Income": NaN
    },
    "2023-09-30": {
        "Tax Effect Of Unusual Items": -20700000.0,
        "Tax Rate For Calcs": 0.18,
        "Normalized EBITDA": 31845000000.0,
        "Total Unusual Items": -115000000.0,
        "Total Unusual Items Excluding Goodwill": -115000000.0,
        "Net Income From Continuing Operation Net Minority Interest": 22291000000.0,
        "Reconciled Depreciation": 3921000000.0,
        "Reconciled Cost Of Revenue": 16302000000.0,
        "EBITDA": 31730000000.0,
        "EBIT": 27809000000.0,
        "Net Interest Income": 641000000.0,
        "Interest Expense": 525000000.0,
        "Interest Income": 1166000000.0,
        "Normalized Income": 22385300000.0,
        "Net Income From Continuing And Discontinued Operation": 22291000000.0,
        "Total Expenses": 29622000000.0,
        "Total Operating Income As Reported": 26895000000.0,
        "Diluted Average Shares": 7462000000.0,
        "Basic Average Shares": 7429000000.0,
        "Diluted EPS": 2.99,
        "Basic EPS": 3.0,
        "Diluted NI Availto Com Stockholders": 22291000000.0,
        "Net Income Common Stockholders": 22291000000.0,
        "Net Income": 22291000000.0,
        "Net Income Including Noncontrolling Interests": 22291000000.0,
        "Net Income Continuous Operations": 22291000000.0,
        "Tax Provision": 4993000000.0,
        "Pretax Income": 27284000000.0,
        "Other Income Expense": -252000000.0,
        "Other Non Operating Income Expenses": -137000000.0,
        "Special Income Charges": -6000000.0,
        "Write Off": 6000000.0,
        "Gain On Sale Of Security": -109000000.0,
        "Net Non Operating Interest Income Expense": 641000000.0,
        "Interest Expense Non Operating": 525000000.0,
        "Interest Income Non Operating": 1166000000.0,
        "Operating Income": 26895000000.0,
        "Operating Expense": 13320000000.0,
        "Research And Development": 6659000000.0,
        "Selling General And Administration": 6661000000.0,
        "Selling And Marketing Expense": 5187000000.0,
        "General And Administrative Expense": 1474000000.0,
        "Other Gand A": 1474000000.0,
        "Gross Profit": 40215000000.0,
        "Cost Of Revenue": 16302000000.0,
        "Total Revenue": 56517000000.0,
        "Operating Revenue": 56517000000.0
    },
    "2023-12-31": {
        "Tax Effect Of Unusual Items": NaN,
        "Tax Rate For Calcs": NaN,
        "Normalized EBITDA": NaN,
        "Total Unusual Items": NaN,
        "Total Unusual Items Excluding Goodwill": NaN,
        "Net Income From Continuing Operation Net Minority Interest": NaN,
        "Reconciled Depreciation": NaN,
        "Reconciled Cost Of Revenue": NaN,
        "EBITDA": NaN,
        "EBIT": NaN,
        "Net Interest Income": NaN,
        "Interest Expense": NaN,
        "Interest Income": NaN,
        "Normalized Income": NaN,
        "Net Income From Continuing And Discontinued Operation": NaN,
        "Total Expenses": NaN,
        "Total Operating Income As Reported": NaN,
        "Diluted Average Shares": 7468000000.0,
        "Basic Average Shares": 7432000000.0,
        "Diluted EPS": 2.93,
        "Basic EPS": 2.94,
        "Diluted NI Availto Com Stockholders": NaN,
        "Net Income Common Stockholders": NaN,
        "Net Income": NaN,
        "Net Income Including Noncontrolling Interests": NaN,
        "Net Income Continuous Operations": NaN,
        "Tax Provision": NaN,
        "Pretax Income": NaN,
        "Other Income Expense": NaN,
        "Other Non Operating Income Expenses": NaN,
        "Special Income Charges": NaN,
        "Write Off": NaN,
        "Gain On Sale Of Security": NaN,
        "Net Non Operating Interest Income Expense": NaN,
        "Interest Expense Non Operating": NaN,
        "Interest Income Non Operating": NaN,
        "Operating Income": NaN,
        "Operating Expense": NaN,
        "Research And Development": NaN,
        "Selling General And Administration": NaN,
        "Selling And Marketing Expense": NaN,
        "General And Administrative Expense": NaN,
        "Other Gand A": NaN,
        "Gross Profit": NaN,
        "Cost Of Revenue": NaN,
        "Total Revenue": NaN,
        "Operating Revenue": NaN
    },
    "2024-03-31": {
        "Tax Effect Of Unusual Items": -33660000.0,
        "Tax Rate For Calcs": 0.18,
        "Normalized EBITDA": 33741000000.0,
        "Total Unusual Items": -187000000.0,
        "Total Unusual Items Excluding Goodwill": -187000000.0,
        "Net Income From Continuing Operation Net Minority Interest": 21939000000.0,
        "Reconciled Depreciation": 6027000000.0,
        "Reconciled Cost Of Revenue": 18505000000.0,
        "EBITDA": 33554000000.0,
        "EBIT": 27527000000.0,
        "Net Interest Income": -181000000.0,
        "Interest Expense": 800000000.0,
        "Interest Income": 619000000.0,
        "Normalized Income": 22092340000.0,
        "Net Income From Continuing And Discontinued Operation": 21939000000.0,
        "Total Expenses": 34277000000.0,
        "Total Operating Income As Reported": 27581000000.0,
        "Diluted Average Shares": 7472000000.0,
        "Basic Average Shares": 7431000000.0,
        "Diluted EPS": 2.94,
        "Basic EPS": 2.95,
        "Diluted NI Availto Com Stockholders": 21939000000.0,
        "Net Income Common Stockholders": 21939000000.0,
        "Net Income": 21939000000.0,
        "Net Income Including Noncontrolling Interests": 21939000000.0,
        "Net Income Continuous Operations": 21939000000.0,
        "Tax Provision": 4788000000.0,
        "Pretax Income": 26727000000.0,
        "Other Income Expense": -673000000.0,
        "Other Non Operating Income Expenses": -486000000.0,
        "Special Income Charges": -17000000.0,
        "Write Off": 17000000.0,
        "Gain On Sale Of Security": -170000000.0,
        "Net Non Operating Interest Income Expense": -181000000.0,
        "Interest Expense Non Operating": 800000000.0,
        "Interest Income Non Operating": 619000000.0,
        "Operating Income": 27581000000.0,
        "Operating Expense": 15772000000.0,
        "Research And Development": 7653000000.0,
        "Selling General And Administration": 8119000000.0,
        "Selling And Marketing Expense": 6207000000.0,
        "General And Administrative Expense": 1912000000.0,
        "Other Gand A": 1912000000.0,
        "Gross Profit": 43353000000.0,
        "Cost Of Revenue": 18505000000.0,
        "Total Revenue": 61858000000.0,
        "Operating Revenue": 61858000000.0
    },
    "2024-06-30": {
        "Tax Effect Of Unusual Items": -16263853.211009,
        "Tax Rate For Calcs": 0.191339,
        "Normalized EBITDA": 34416000000.0,
        "Total Unusual Items": -85000000.0,
        "Total Unusual Items Excluding Goodwill": -85000000.0,
        "Net Income From Continuing Operation Net Minority Interest": 22036000000.0,
        "Reconciled Depreciation": 6380000000.0,
        "Reconciled Cost Of Revenue": 19684000000.0,
        "EBITDA": 34331000000.0,
        "EBIT": 27951000000.0,
        "Net Interest Income": -63000000.0,
        "Interest Expense": 701000000.0,
        "Interest Income": 638000000.0,
        "Normalized Income": 22104736146.78899,
        "Net Income From Continuing And Discontinued Operation": 22036000000.0,
        "Total Expenses": 36802000000.0,
        "Total Operating Income As Reported": 27925000000.0,
        "Diluted Average Shares": 7472000000.0,
        "Basic Average Shares": 7433000000.0,
        "Diluted EPS": 2.95,
        "Basic EPS": 2.96,
        "Diluted NI Availto Com Stockholders": 22036000000.0,
        "Net Income Common Stockholders": 22036000000.0,
        "Net Income": 22036000000.0,
        "Net Income Including Noncontrolling Interests": 22036000000.0,
        "Net Income Continuous Operations": 22036000000.0,
        "Tax Provision": 5214000000.0,
        "Pretax Income": 27250000000.0,
        "Other Income Expense": -612000000.0,
        "Other Non Operating Income Expenses": -527000000.0,
        "Special Income Charges": -22000000.0,
        "Write Off": 22000000.0,
        "Gain On Sale Of Security": -63000000.0,
        "Net Non Operating Interest Income Expense": -63000000.0,
        "Interest Expense Non Operating": 701000000.0,
        "Interest Income Non Operating": 638000000.0,
        "Operating Income": 27925000000.0,
        "Operating Expense": 17118000000.0,
        "Research And Development": 8056000000.0,
        "Selling General And Administration": 9062000000.0,
        "Selling And Marketing Expense": 6816000000.0,
        "General And Administrative Expense": 2246000000.0,
        "Other Gand A": 2246000000.0,
        "Gross Profit": 45043000000.0,
        "Cost Of Revenue": 19684000000.0,
        "Total Revenue": 64727000000.0,
        "Operating Revenue": 64727000000.0
    },
    "2024-09-30": {
        "Tax Effect Of Unusual Items": 57190000.0,
        "Tax Rate For Calcs": 0.19,
        "Normalized EBITDA": 37933000000.0,
        "Total Unusual Items": 301000000.0,
        "Total Unusual Items Excluding Goodwill": 301000000.0,
        "Net Income From Continuing Operation Net Minority Interest": 24667000000.0,
        "Reconciled Depreciation": 7383000000.0,
        "Reconciled Cost Of Revenue": 20099000000.0,
        "EBITDA": 38234000000.0,
        "EBIT": 30851000000.0,
        "Net Interest Income": 99000000.0,
        "Interest Expense": 582000000.0,
        "Interest Income": 681000000.0,
        "Normalized Income": 24423190000.0,
        "Net Income From Continuing And Discontinued Operation": 24667000000.0,
        "Total Expenses": 35033000000.0,
        "Total Operating Income As Reported": 30552000000.0,
        "Diluted Average Shares": 7470000000.0,
        "Basic Average Shares": 7433000000.0,
        "Diluted EPS": 3.3,
        "Basic EPS": 3.32,
        "Diluted NI Availto Com Stockholders": 24667000000.0,
        "Net Income Common Stockholders": 24667000000.0,
        "Net Income": 24667000000.0,
        "Net Income Including Noncontrolling Interests": 24667000000.0,
        "Net Income Continuous Operations": 24667000000.0,
        "Tax Provision": 5602000000.0,
        "Pretax Income": 30269000000.0,
        "Other Income Expense": -382000000.0,
        "Other Non Operating Income Expenses": -683000000.0,
        "Special Income Charges": -7000000.0,
        "Write Off": 7000000.0,
        "Gain On Sale Of Security": 308000000.0,
        "Net Non Operating Interest Income Expense": 99000000.0,
        "Interest Expense Non Operating": 582000000.0,
        "Interest Income Non Operating": 681000000.0,
        "Operating Income": 30552000000.0,
        "Operating Expense": 14934000000.0,
        "Research And Development": 7544000000.0,
        "Selling General And Administration": 7390000000.0,
        "Selling And Marketing Expense": 5717000000.0,
        "General And Administrative Expense": 1673000000.0,
        "Other Gand A": 1673000000.0,
        "Gross Profit": 45486000000.0,
        "Cost Of Revenue": 20099000000.0,
        "Total Revenue": 65585000000.0,
        "Operating Revenue": 65585000000.0
    },
    "2024-12-31": {
        "Tax Effect Of Unusual Items": -203220000.0,
        "Tax Rate For Calcs": 0.18,
        "Normalized EBITDA": 37915000000.0,
        "Total Unusual Items": -1129000000.0,
        "Total Unusual Items Excluding Goodwill": -1129000000.0,
        "Net Income From Continuing Operation Net Minority Interest": 24108000000.0,
        "Reconciled Depreciation": 6827000000.0,
        "Reconciled Cost Of Revenue": 21799000000.0,
        "EBITDA": 36786000000.0,
        "EBIT": 29959000000.0,
        "Net Interest Income": 6000000.0,
        "Interest Expense": 594000000.0,
        "Interest Income": 600000000.0,
        "Normalized Income": 25033780000.0,
        "Net Income From Continuing And Discontinued Operation": 24108000000.0,
        "Total Expenses": 37979000000.0,
        "Total Operating Income As Reported": 31653000000.0,
        "Diluted Average Shares": 7468000000.0,
        "Basic Average Shares": 7435000000.0,
        "Diluted EPS": 3.23,
        "Basic EPS": 3.24,
        "Diluted NI Availto Com Stockholders": 24108000000.0,
        "Net Income Common Stockholders": 24108000000.0,
        "Net Income": 24108000000.0,
        "Net Income Including Noncontrolling Interests": 24108000000.0,
        "Net Income Continuous Operations": 24108000000.0,
        "Tax Provision": 5257000000.0,
        "Pretax Income": 29365000000.0,
        "Other Income Expense": -2294000000.0,
        "Other Non Operating Income Expenses": -1165000000.0,
        "Special Income Charges": -867000000.0,
        "Write Off": 867000000.0,
        "Gain On Sale Of Security": -262000000.0,
        "Net Non Operating Interest Income Expense": 6000000.0,
        "Interest Expense Non Operating": 594000000.0,
        "Interest Income Non Operating": 600000000.0,
        "Operating Income": 31653000000.0,
        "Operating Expense": 16180000000.0,
        "Research And Development": 7917000000.0,
        "Selling General And Administration": 8263000000.0,
        "Selling And Marketing Expense": 6440000000.0,
        "General And Administrative Expense": 1823000000.0,
        "Other Gand A": 1823000000.0,
        "Gross Profit": 47833000000.0,
        "Cost Of Revenue": 21799000000.0,
        "Total Revenue": 69632000000.0,
        "Operating Revenue": 69632000000.0
    },
    "2025-03-31": {
        "Tax Effect Of Unusual Items": 69660000.0,
        "Tax Rate For Calcs": 0.18,
        "Normalized EBITDA": 40324000000.0,
        "Total Unusual Items": 387000000.0,
        "Total Unusual Items Excluding Goodwill": 387000000.0,
        "Net Income From Continuing Operation Net Minority Interest": 25824000000.0,
        "Reconciled Depreciation": 8740000000.0,
        "Reconciled Cost Of Revenue": 21919000000.0,
        "EBITDA": 40711000000.0,
        "EBIT": 31971000000.0,
        "Net Interest Income": 3000000.0,
        "Interest Expense": 594000000.0,
        "Interest Income": 597000000.0,
        "Normalized Income": 25506660000.0,
        "Net Income From Continuing And Discontinued Operation": 25824000000.0,
        "Total Expenses": 38066000000.0,
        "Total Operating Income As Reported": 32000000000.0,
        "Diluted Average Shares": 7461000000.0,
        "Basic Average Shares": 7434000000.0,
        "Diluted EPS": 3.46,
        "Basic EPS": 3.47,
        "Diluted NI Availto Com Stockholders": 25824000000.0,
        "Net Income Common Stockholders": 25824000000.0,
        "Net Income": 25824000000.0,
        "Net Income Including Noncontrolling Interests": 25824000000.0,
        "Net Income Continuous Operations": 25824000000.0,
        "Tax Provision": 5553000000.0,
        "Pretax Income": 31377000000.0,
        "Other Income Expense": -626000000.0,
        "Other Non Operating Income Expenses": -1013000000.0,
        "Special Income Charges": -24000000.0,
        "Write Off": 24000000.0,
        "Gain On Sale Of Security": 411000000.0,
        "Net Non Operating Interest Income Expense": 3000000.0,
        "Interest Expense Non Operating": 594000000.0,
        "Interest Income Non Operating": 597000000.0,
        "Operating Income": 32000000000.0,
        "Operating Expense": 16147000000.0,
        "Research And Development": 8198000000.0,
        "Selling General And Administration": 7949000000.0,
        "Selling And Marketing Expense": 6212000000.0,
        "General And Administrative Expense": 1737000000.0,
        "Other Gand A": 1737000000.0,
        "Gross Profit": 48147000000.0,
        "Cost Of Revenue": 21919000000.0,
        "Total Revenue": 70066000000.0,
        "Operating Revenue": 70066000000.0
    },
    "2025-06-30": {
        "Tax Effect Of Unusual Items": 495125.091979,
        "Tax Rate For Calcs": 0.165042,
        "Normalized EBITDA": 44431000000.0,
        "Total Unusual Items": 3000000.0,
        "Total Unusual Items Excluding Goodwill": 3000000.0,
        "Net Income From Continuing Operation Net Minority Interest": 27233000000.0,
        "Reconciled Depreciation": 11203000000.0,
        "Reconciled Cost Of Revenue": 24014000000.0,
        "EBITDA": 44434000000.0,
        "EBIT": 33231000000.0,
        "Net Interest Income": 154000000.0,
        "Interest Expense": 615000000.0,
        "Interest Income": 769000000.0,
        "Normalized Income": 27230495125.09198,
        "Net Income From Continuing And Discontinued Operation": 27233000000.0,
        "Total Expenses": 42118000000.0,
        "Total Operating Income As Reported": 34323000000.0,
        "Diluted Average Shares": 7461000000.0,
        "Basic Average Shares": 7432000000.0,
        "Diluted EPS": 3.65,
        "Basic EPS": 3.66,
        "Diluted NI Availto Com Stockholders": 27233000000.0,
        "Net Income Common Stockholders": 27233000000.0,
        "Net Income": 27233000000.0,
        "Net Income Including Noncontrolling Interests": 27233000000.0,
        "Net Income Continuous Operations": 27233000000.0,
        "Tax Provision": 5383000000.0,
        "Pretax Income": 32616000000.0,
        "Other Income Expense": -1861000000.0,
        "Other Non Operating Income Expenses": -1864000000.0,
        "Special Income Charges": -45000000.0,
        "Write Off": 45000000.0,
        "Gain On Sale Of Security": 48000000.0,
        "Net Non Operating Interest Income Expense": 154000000.0,
        "Interest Expense Non Operating": 615000000.0,
        "Interest Income Non Operating": 769000000.0,
        "Operating Income": 34323000000.0,
        "Operating Expense": 18104000000.0,
        "Research And Development": 8829000000.0,
        "Selling General And Administration": 9275000000.0,
        "Selling And Marketing Expense": 7285000000.0,
        "General And Administrative Expense": 1990000000.0,
        "Other Gand A": 1990000000.0,
        "Gross Profit": 52427000000.0,
        "Cost Of Revenue": 24014000000.0,
        "Total Revenue": 76441000000.0,
        "Operating Revenue": 76441000000.0
    },
    "2025-09-30": {
        "Tax Effect Of Unusual Items": 187150000.0,
        "Tax Rate For Calcs": 0.19,
        "Normalized EBITDA": 47075000000.0,
        "Total Unusual Items": 985000000.0,
        "Total Unusual Items Excluding Goodwill": 985000000.0,
        "Net Income From Continuing Operation Net Minority Interest": 27747000000.0,
        "Reconciled Depreciation": 13061000000.0,
        "Reconciled Cost Of Revenue": 24043000000.0,
        "EBITDA": 48060000000.0,
        "EBIT": 34999000000.0,
        "Net Interest Income": 278000000.0,
        "Interest Expense": 698000000.0,
        "Interest Income": 976000000.0,
        "Normalized Income": 26949150000.0,
        "Net Income From Continuing And Discontinued Operation": 27747000000.0,
        "Total Expenses": 39712000000.0,
        "Total Operating Income As Reported": 37961000000.0,
        "Diluted Average Shares": 7466000000.0,
        "Basic Average Shares": 7433000000.0,
        "Diluted EPS": 3.72,
        "Basic EPS": 3.73,
        "Diluted NI Availto Com Stockholders": 27747000000.0,
        "Net Income Common Stockholders": 27747000000.0,
        "Net Income": 27747000000.0,
        "Net Income Including Noncontrolling Interests": 27747000000.0,
        "Net Income Continuous Operations": 27747000000.0,
        "Tax Provision": 6554000000.0,
        "Pretax Income": 34301000000.0,
        "Other Income Expense": -3938000000.0,
        "Other Non Operating Income Expenses": -4923000000.0,
        "Special Income Charges": -14000000.0,
        "Write Off": 14000000.0,
        "Gain On Sale Of Security": 999000000.0,
        "Net Non Operating Interest Income Expense": 278000000.0,
        "Interest Expense Non Operating": 698000000.0,
        "Interest Income Non Operating": 976000000.0,
        "Operating Income": 37961000000.0,
        "Operating Expense": 15669000000.0,
        "Research And Development": 8146000000.0,
        "Selling General And Administration": 7523000000.0,
        "Selling And Marketing Expense": 5717000000.0,
        "General And Administrative Expense": 1806000000.0,
        "Other Gand A": 1806000000.0,
        "Gross Profit": 53630000000.0,
        "Cost Of Revenue": 24043000000.0,
        "Total Revenue": 77673000000.0,
        "Operating Revenue": 77673000000.0
    }
}