{
    "2023-03-31": {
        "Tax Effect Of Unusual Items": NaN,
        "Tax Rate For Calcs": NaN,
        "Normalized EBITDA": NaN,
        "Total Unusual Items": NaN,
        "Total Unusual Items Excluding Goodwill": NaN,
        "Net Income From Continuing Operation Net Minority Interest": NaN,
        "Reconciled Depreciation": NaN,
        "Reconciled Cost Of Revenue": NaN,
        "EBITDA": NaN,
        "EBIT": NaN,
        "Net Interest Income": NaN,
        "Interest Expense": NaN,
        "Interest Income": NaN,
        "Normalized Income": NaN,
        "Net Income From Continuing And Discontinued Operation": NaN,
        "Total Expenses": NaN,
        "Total Operating Income As Reported": NaN,
        "Diluted Average Shares": NaN,
        "Basic Average Shares": NaN,
        "Diluted EPS": NaN,
        "Basic EPS": NaN,
        "Diluted NI Availto Com Stockholders": NaN,
        "Net Income Common Stockholders": NaN,
        "Net Income": NaN,
        "Minority Interests": NaN,
        "Net Income Including Noncontrolling Interests": NaN,
        "Net Income Continuous Operations": NaN,
        "Tax Provision": NaN,
        "Pretax Income": NaN,
        "Other Income Expense": NaN,
        "Other Non Operating Income Expenses": NaN,
        "Special Income Charges": NaN,
        "Gain On Sale Of Ppe": -51000.0,
        "Restructuring And Mergern Acquisition": NaN,
        "Gain On Sale Of Security": NaN,
        "Net Non Operating Interest Income Expense": NaN,
        "Interest Expense Non Operating": NaN,
        "Interest Income Non Operating": NaN,
        "Operating Income": NaN,
        "Operating Expense": NaN,
        "Other Operating Expenses": 51000.0,
        "Depreciation Amortization Depletion Income Statement": NaN,
        "Depreciation And Amortization In Income Statement": NaN,
        "Selling General And Administration": NaN,
        "Gross Profit": NaN,
        "Cost Of Revenue": NaN,
        "Total Revenue": NaN,
        "Operating Revenue": NaN
    },
    "2022-06-30": {
        "Tax Effect Of Unusual Items": -17765.011753,
        "Tax Rate For Calcs": 0.000499,
        "Normalized EBITDA": -67431000.0,
        "Total Unusual Items": -35629000.0,
        "Total Unusual Items Excluding Goodwill": -35629000.0,
        "Net Income From Continuing Operation Net Minority Interest": -138035000.0,
        "Reconciled Depreciation": 24024000.0,
        "Reconciled Cost Of Revenue": 123961000.0,
        "EBITDA": -103060000.0,
        "EBIT": -127084000.0,
        "Net Interest Income": -13418000.0,
        "Interest Expense": 13306000.0,
        "Interest Income": -112000.0,
        "Normalized Income": -102423765.011753,
        "Net Income From Continuing And Discontinued Operation": -138035000.0,
        "Total Expenses": 248392000.0,
        "Total Operating Income As Reported": -70052000.0,
        "Diluted Average Shares": 51624000.0,
        "Basic Average Shares": 51558000.0,
        "Diluted EPS": -1.384926,
        "Basic EPS": -1.384926,
        "Diluted NI Availto Com Stockholders": -138035000.0,
        "Net Income Common Stockholders": -138035000.0,
        "Net Income": -138035000.0,
        "Minority Interests": 2285000.0,
        "Net Income Including Noncontrolling Interests": -140320000.0,
        "Net Income Continuous Operations": -140320000.0,
        "Tax Provision": -70000.0,
        "Pretax Income": -140390000.0,
        "Other Income Expense": -56920000.0,
        "Other Non Operating Income Expenses": -21291000.0,
        "Special Income Charges": -35629000.0,
        "Gain On Sale Of Ppe": NaN,
        "Restructuring And Mergern Acquisition": 0.0,
        "Net Non Operating Interest Income Expense": -13418000.0,
        "Interest Expense Non Operating": 13306000.0,
        "Interest Income Non Operating": -112000.0,
        "Operating Income": -70052000.0,
        "Operating Expense": 120775000.0,
        "Other Operating Expenses": NaN,
        "Depreciation Amortization Depletion Income Statement": 20368000.0,
        "Depreciation And Amortization In Income Statement": 20368000.0,
        "Selling General And Administration": 100407000.0,
        "Gross Profit": 50723000.0,
        "Cost Of Revenue": 127617000.0,
        "Total Revenue": 178340000.0,
        "Operating Revenue": 138956000.0
    },
    "2022-03-31": {
        "Diluted EPS": -0.08,
        "Total Revenue": 194,
        "Gross Profit": 84,
        "Operating Income": 16,
        "EBIT": 16,
        "Net Income": -4
    },
    "2023-06-30": {
        "Tax Effect Of Unusual Items": NaN,
        "Tax Rate For Calcs": NaN,
        "Normalized EBITDA": NaN,
        "Total Unusual Items": NaN,
        "Total Unusual Items Excluding Goodwill": NaN,
        "Net Income From Continuing Operation Net Minority Interest": NaN,
        "Reconciled Depreciation": NaN,
        "Reconciled Cost Of Revenue": NaN,
        "EBITDA": NaN,
        "EBIT": NaN,
        "Net Interest Income": NaN,
        "Interest Expense": NaN,
        "Interest Income": NaN,
        "Normalized Income": NaN,
        "Net Income From Continuing And Discontinued Operation": NaN,
        "Total Expenses": NaN,
        "Total Operating Income As Reported": NaN,
        "Diluted Average Shares": NaN,
        "Basic Average Shares": NaN,
        "Diluted EPS": NaN,
        "Basic EPS": NaN,
        "Diluted NI Availto Com Stockholders": NaN,
        "Net Income Common Stockholders": NaN,
        "Net Income": NaN,
        "Minority Interests": 0.0,
        "Net Income Including Noncontrolling Interests": NaN,
        "Net Income Continuous Operations": NaN,
        "Tax Provision": NaN,
        "Pretax Income": NaN,
        "Other Income Expense": NaN,
        "Other Non Operating Income Expenses": NaN,
        "Special Income Charges": NaN,
        "Gain On Sale Of Ppe": NaN,
        "Restructuring And Mergern Acquisition": NaN,
        "Gain On Sale Of Security": NaN,
        "Net Non Operating Interest Income Expense": NaN,
        "Interest Expense Non Operating": NaN,
        "Interest Income Non Operating": NaN,
        "Operating Income": NaN,
        "Operating Expense": NaN,
        "Depreciation Amortization Depletion Income Statement": NaN,
        "Depreciation And Amortization In Income Statement": NaN,
        "Selling General And Administration": NaN,
        "Gross Profit": NaN,
        "Cost Of Revenue": NaN,
        "Total Revenue": NaN,
        "Operating Revenue": NaN
    },
    "2023-09-30": {
        "Tax Effect Of Unusual Items": NaN,
        "Tax Rate For Calcs": NaN,
        "Normalized EBITDA": NaN,
        "Total Unusual Items": NaN,
        "Total Unusual Items Excluding Goodwill": NaN,
        "Net Income From Continuing Operation Net Minority Interest": NaN,
        "Reconciled Depreciation": NaN,
        "Reconciled Cost Of Revenue": NaN,
        "EBITDA": NaN,
        "EBIT": NaN,
        "Net Interest Income": NaN,
        "Interest Expense": NaN,
        "Interest Income": NaN,
        "Normalized Income": NaN,
        "Net Income From Continuing And Discontinued Operation": NaN,
        "Total Expenses": NaN,
        "Total Operating Income As Reported": NaN,
        "Diluted Average Shares": NaN,
        "Basic Average Shares": NaN,
        "Diluted EPS": NaN,
        "Basic EPS": NaN,
        "Diluted NI Availto Com Stockholders": NaN,
        "Net Income Common Stockholders": NaN,
        "Net Income": NaN,
        "Minority Interests": 0.0,
        "Net Income Including Noncontrolling Interests": NaN,
        "Net Income Continuous Operations": NaN,
        "Tax Provision": NaN,
        "Pretax Income": NaN,
        "Other Income Expense": NaN,
        "Other Non Operating Income Expenses": NaN,
        "Special Income Charges": NaN,
        "Gain On Sale Of Ppe": NaN,
        "Impairment Of Capital Assets": NaN,
        "Restructuring And Mergern Acquisition": NaN,
        "Gain On Sale Of Security": NaN,
        "Net Non Operating Interest Income Expense": NaN,
        "Interest Expense Non Operating": NaN,
        "Interest Income Non Operating": NaN,
        "Operating Income": NaN,
        "Operating Expense": NaN,
        "Depreciation Amortization Depletion Income Statement": NaN,
        "Depreciation And Amortization In Income Statement": NaN,
        "Selling General And Administration": NaN,
        "Gross Profit": NaN,
        "Cost Of Revenue": NaN,
        "Total Revenue": NaN,
        "Operating Revenue": NaN
    },
    "2022-12-31": {
        "Tax Effect Of Unusual Items": NaN,
        "Tax Rate For Calcs": NaN,
        "Normalized EBITDA": NaN,
        "Total Unusual Items": NaN,
        "Total Unusual Items Excluding Goodwill": NaN,
        "Net Income From Continuing Operation Net Minority Interest": NaN,
        "Reconciled Depreciation": NaN,
        "Reconciled Cost Of Revenue": NaN,
        "EBITDA": NaN,
        "EBIT": NaN,
        "Net Interest Income": NaN,
        "Interest Expense": NaN,
        "Interest Income": NaN,
        "Normalized Income": NaN,
        "Net Income From Continuing And Discontinued Operation": NaN,
        "Total Expenses": NaN,
        "Total Operating Income As Reported": NaN,
        "Diluted Average Shares": NaN,
        "Basic Average Shares": NaN,
        "Diluted EPS": NaN,
        "Basic EPS": NaN,
        "Diluted NI Availto Com Stockholders": NaN,
        "Net Income Common Stockholders": NaN,
        "Net Income": NaN,
        "Minority Interests": NaN,
        "Net Income Including Noncontrolling Interests": NaN,
        "Net Income Continuous Operations": NaN,
        "Tax Provision": NaN,
        "Pretax Income": NaN,
        "Other Income Expense": NaN,
        "Other Non Operating Income Expenses": NaN,
        "Special Income Charges": NaN,
        "Gain On Sale Of Ppe": 4412000.0,
        "Restructuring And Mergern Acquisition": NaN,
        "Gain On Sale Of Security": NaN,
        "Net Non Operating Interest Income Expense": NaN,
        "Interest Expense Non Operating": NaN,
        "Interest Income Non Operating": NaN,
        "Operating Income": NaN,
        "Operating Expense": NaN,
        "Other Operating Expenses": NaN,
        "Depreciation Amortization Depletion Income Statement": NaN,
        "Depreciation And Amortization In Income Statement": NaN,
        "Selling General And Administration": NaN,
        "Gross Profit": NaN,
        "Cost Of Revenue": NaN,
        "Total Revenue": NaN,
        "Operating Revenue": NaN
    },
    "2022-09-30": {
        "Tax Effect Of Unusual Items": 83000.0,
        "Tax Rate For Calcs": 0.1,
        "Normalized EBITDA": 6242000.0,
        "Total Unusual Items": 830000.0,
        "Total Unusual Items Excluding Goodwill": 830000.0,
        "Net Income From Continuing Operation Net Minority Interest": -17902000.0,
        "Reconciled Depreciation": 15985000.0,
        "Reconciled Cost Of Revenue": 101662000.0,
        "EBITDA": 7072000.0,
        "EBIT": -8913000.0,
        "Net Interest Income": -9917000.0,
        "Interest Expense": 11427000.0,
        "Interest Income": 1510000.0,
        "Normalized Income": -18649000.0,
        "Net Income From Continuing And Discontinued Operation": -17902000.0,
        "Total Expenses": 157761000.0,
        "Total Operating Income As Reported": -11309000.0,
        "Diluted Average Shares": 51624000.0,
        "Basic Average Shares": 51558000.0,
        "Diluted EPS": -0.347221,
        "Basic EPS": -0.347221,
        "Diluted NI Availto Com Stockholders": -17902000.0,
        "Net Income Common Stockholders": -17902000.0,
        "Net Income": -17902000.0,
        "Minority Interests": 372000.0,
        "Net Income Including Noncontrolling Interests": -18274000.0,
        "Net Income Continuous Operations": -18274000.0,
        "Tax Provision": -2066000.0,
        "Pretax Income": -20340000.0,
        "Other Income Expense": 886000.0,
        "Other Non Operating Income Expenses": 56000.0,
        "Special Income Charges": 0.0,
        "Gain On Sale Of Ppe": NaN,
        "Restructuring And Mergern Acquisition": 0.0,
        "Gain On Sale Of Security": 830000.0,
        "Net Non Operating Interest Income Expense": -9917000.0,
        "Interest Expense Non Operating": 11427000.0,
        "Interest Income Non Operating": 1510000.0,
        "Operating Income": -11309000.0,
        "Operating Expense": 56099000.0,
        "Other Operating Expenses": NaN,
        "Depreciation Amortization Depletion Income Statement": 15985000.0,
        "Depreciation And Amortization In Income Statement": 15985000.0,
        "Selling General And Administration": 40114000.0,
        "Gross Profit": 44790000.0,
        "Cost Of Revenue": 101662000.0,
        "Total Revenue": 146452000.0,
        "Operating Revenue": 143337000.0
    },
    "2023-12-31": {
        "Tax Effect Of Unusual Items": NaN,
        "Tax Rate For Calcs": NaN,
        "Normalized EBITDA": NaN,
        "Total Unusual Items": NaN,
        "Total Unusual Items Excluding Goodwill": NaN,
        "Net Income From Continuing Operation Net Minority Interest": NaN,
        "Reconciled Depreciation": NaN,
        "Reconciled Cost Of Revenue": NaN,
        "EBITDA": NaN,
        "EBIT": NaN,
        "Net Interest Income": NaN,
        "Interest Expense": NaN,
        "Interest Income": NaN,
        "Normalized Income": NaN,
        "Net Income From Continuing And Discontinued Operation": NaN,
        "Total Expenses": NaN,
        "Total Operating Income As Reported": NaN,
        "Diluted Average Shares": NaN,
        "Basic Average Shares": NaN,
        "Diluted EPS": NaN,
        "Basic EPS": NaN,
        "Diluted NI Availto Com Stockholders": NaN,
        "Net Income Common Stockholders": NaN,
        "Net Income": NaN,
        "Minority Interests": 0.0,
        "Net Income Including Noncontrolling Interests": NaN,
        "Net Income Continuous Operations": NaN,
        "Tax Provision": NaN,
        "Pretax Income": NaN,
        "Other Income Expense": NaN,
        "Other Non Operating Income Expenses": NaN,
        "Special Income Charges": NaN,
        "Gain On Sale Of Ppe": 0.0,
        "Impairment Of Capital Assets": NaN,
        "Restructuring And Mergern Acquisition": NaN,
        "Gain On Sale Of Security": NaN,
        "Net Non Operating Interest Income Expense": NaN,
        "Interest Expense Non Operating": NaN,
        "Interest Income Non Operating": NaN,
        "Operating Income": NaN,
        "Operating Expense": NaN,
        "Depreciation Amortization Depletion Income Statement": NaN,
        "Depreciation And Amortization In Income Statement": NaN,
        "Selling General And Administration": NaN,
        "Gross Profit": NaN,
        "Cost Of Revenue": NaN,
        "Total Revenue": NaN,
        "Operating Revenue": NaN
    },
    "2024-03-31": {
        "Tax Effect Of Unusual Items": NaN,
        "Tax Rate For Calcs": NaN,
        "Normalized EBITDA": NaN,
        "Total Unusual Items": NaN,
        "Total Unusual Items Excluding Goodwill": NaN,
        "Net Income From Continuing Operation Net Minority Interest": NaN,
        "Reconciled Depreciation": NaN,
        "Reconciled Cost Of Revenue": NaN,
        "EBITDA": NaN,
        "EBIT": NaN,
        "Net Interest Income": NaN,
        "Interest Expense": NaN,
        "Interest Income": NaN,
        "Normalized Income": NaN,
        "Net Income From Continuing And Discontinued Operation": NaN,
        "Total Expenses": NaN,
        "Total Operating Income As Reported": NaN,
        "Diluted Average Shares": NaN,
        "Basic Average Shares": NaN,
        "Diluted EPS": NaN,
        "Basic EPS": NaN,
        "Diluted NI Availto Com Stockholders": NaN,
        "Net Income Common Stockholders": NaN,
        "Net Income": NaN,
        "Minority Interests": 0.0,
        "Net Income Including Noncontrolling Interests": NaN,
        "Net Income Continuous Operations": NaN,
        "Tax Provision": NaN,
        "Pretax Income": NaN,
        "Other Income Expense": NaN,
        "Other Non Operating Income Expenses": NaN,
        "Special Income Charges": NaN,
        "Gain On Sale Of Ppe": 0.0,
        "Impairment Of Capital Assets": 0.0,
        "Restructuring And Mergern Acquisition": NaN,
        "Gain On Sale Of Security": NaN,
        "Net Non Operating Interest Income Expense": NaN,
        "Interest Expense Non Operating": NaN,
        "Interest Income Non Operating": NaN,
        "Operating Income": NaN,
        "Operating Expense": NaN,
        "Depreciation Amortization Depletion Income Statement": NaN,
        "Depreciation And Amortization In Income Statement": NaN,
        "Selling General And Administration": NaN,
        "Gross Profit": NaN,
        "Cost Of Revenue": NaN,
        "Total Revenue": NaN,
        "Operating Revenue": NaN
    },
    "2024-06-30": {
        "Tax Effect Of Unusual Items": NaN,
        "Tax Rate For Calcs": NaN,
        "Normalized EBITDA": NaN,
        "Total Unusual Items": NaN,
        "Total Unusual Items Excluding Goodwill": NaN,
        "Net Income From Continuing Operation Net Minority Interest": NaN,
        "Reconciled Depreciation": NaN,
        "Reconciled Cost Of Revenue": NaN,
        "EBITDA": NaN,
        "EBIT": NaN,
        "Net Interest Income": NaN,
        "Interest Expense": NaN,
        "Interest Income": NaN,
        "Normalized Income": NaN,
        "Net Income From Continuing And Discontinued Operation": NaN,
        "Total Expenses": NaN,
        "Total Operating Income As Reported": NaN,
        "Diluted Average Shares": NaN,
        "Basic Average Shares": NaN,
        "Diluted EPS": NaN,
        "Basic EPS": NaN,
        "Diluted NI Availto Com Stockholders": NaN,
        "Net Income Common Stockholders": NaN,
        "Net Income": NaN,
        "Minority Interests": 0.0,
        "Net Income Including Noncontrolling Interests": NaN,
        "Net Income Continuous Operations": NaN,
        "Tax Provision": NaN,
        "Pretax Income": NaN,
        "Other Income Expense": NaN,
        "Other Non Operating Income Expenses": NaN,
        "Special Income Charges": NaN,
        "Gain On Sale Of Ppe": 0.0,
        "Impairment Of Capital Assets": NaN,
        "Restructuring And Mergern Acquisition": NaN,
        "Gain On Sale Of Security": NaN,
        "Net Non Operating Interest Income Expense": NaN,
        "Interest Expense Non Operating": NaN,
        "Interest Income Non Operating": NaN,
        "Operating Income": NaN,
        "Operating Expense": NaN,
        "Depreciation Amortization Depletion Income Statement": NaN,
        "Depreciation And Amortization In Income Statement": NaN,
        "Selling General And Administration": NaN,
        "Gross Profit": NaN,
        "Cost Of Revenue": NaN,
        "Total Revenue": NaN,
        "Operating Revenue": NaN
    },
    "2024-09-30": {
        "Tax Effect Of Unusual Items": -11760.0,
        "Tax Rate For Calcs": 0.21,
        "Normalized EBITDA": -5042000.0,
        "Total Unusual Items": -56000.0,
        "Total Unusual Items Excluding Goodwill": -56000.0,
        "Net Income From Continuing Operation Net Minority Interest": -19321000.0,
        "Reconciled Depreciation": 13781000.0,
        "Reconciled Cost Of Revenue": 97709000.0,
        "EBITDA": -5098000.0,
        "EBIT": -18879000.0,
        "Net Interest Income": -13671000.0,
        "Interest Expense": 14043000.0,
        "Interest Income": 372000.0,
        "Normalized Income": -19276760.0,
        "Net Income From Continuing And Discontinued Operation": -19321000.0,
        "Total Expenses": 157236000.0,
        "Total Operating Income As Reported": -18482000.0,
        "Diluted Average Shares": 48217000.0,
        "Basic Average Shares": 48217000.0,
        "Diluted EPS": -0.4,
        "Basic EPS": -0.4,
        "Diluted NI Availto Com Stockholders": -19321000.0,
        "Net Income Common Stockholders": -19321000.0,
        "Net Income": -19321000.0,
        "Minority Interests": NaN,
        "Net Income Including Noncontrolling Interests": -19321000.0,
        "Net Income Continuous Operations": -19321000.0,
        "Tax Provision": -13601000.0,
        "Pretax Income": -32922000.0,
        "Other Income Expense": -729000.0,
        "Other Non Operating Income Expenses": -673000.0,
        "Special Income Charges": 40000.0,
        "Gain On Sale Of Ppe": NaN,
        "Impairment Of Capital Assets": NaN,
        "Restructuring And Mergern Acquisition": -40000.0,
        "Gain On Sale Of Security": -96000.0,
        "Net Non Operating Interest Income Expense": -13671000.0,
        "Interest Expense Non Operating": 14043000.0,
        "Interest Income Non Operating": 372000.0,
        "Operating Income": -18522000.0,
        "Operating Expense": 59527000.0,
        "Depreciation Amortization Depletion Income Statement": 13781000.0,
        "Depreciation And Amortization In Income Statement": 13781000.0,
        "Selling General And Administration": 45746000.0,
        "Gross Profit": 41005000.0,
        "Cost Of Revenue": 97709000.0,
        "Total Revenue": 138714000.0,
        "Operating Revenue": 132778000.0
    },
    "2024-12-31": {
        "Tax Effect Of Unusual Items": -41340.0,
        "Tax Rate For Calcs": 0.39,
        "Normalized EBITDA": 152610000.0,
        "Total Unusual Items": -106000.0,
        "Total Unusual Items Excluding Goodwill": -106000.0,
        "Net Income From Continuing Operation Net Minority Interest": 75893000.0,
        "Reconciled Depreciation": 14183000.0,
        "Reconciled Cost Of Revenue": 197074000.0,
        "EBITDA": 152504000.0,
        "EBIT": 138321000.0,
        "Net Interest Income": -12590000.0,
        "Interest Expense": 12955000.0,
        "Interest Income": 365000.0,
        "Normalized Income": 75957660.0,
        "Net Income From Continuing And Discontinued Operation": 75893000.0,
        "Total Expenses": 268446000.0,
        "Total Operating Income As Reported": 139001000.0,
        "Diluted Average Shares": 48611000.0,
        "Basic Average Shares": 48336000.0,
        "Diluted EPS": 1.56,
        "Basic EPS": 1.57,
        "Diluted NI Availto Com Stockholders": 75893000.0,
        "Net Income Common Stockholders": 75893000.0,
        "Net Income": 75893000.0,
        "Minority Interests": NaN,
        "Net Income Including Noncontrolling Interests": 75893000.0,
        "Net Income Continuous Operations": 75893000.0,
        "Tax Provision": 49473000.0,
        "Pretax Income": 125366000.0,
        "Other Income Expense": -1015000.0,
        "Other Non Operating Income Expenses": -909000.0,
        "Special Income Charges": 30000.0,
        "Gain On Sale Of Ppe": NaN,
        "Impairment Of Capital Assets": NaN,
        "Restructuring And Mergern Acquisition": -30000.0,
        "Gain On Sale Of Security": -136000.0,
        "Net Non Operating Interest Income Expense": -12590000.0,
        "Interest Expense Non Operating": 12955000.0,
        "Interest Income Non Operating": 365000.0,
        "Operating Income": 138971000.0,
        "Operating Expense": 71372000.0,
        "Depreciation Amortization Depletion Income Statement": 14183000.0,
        "Depreciation And Amortization In Income Statement": 14183000.0,
        "Selling General And Administration": 57189000.0,
        "Gross Profit": 210343000.0,
        "Cost Of Revenue": 197074000.0,
        "Total Revenue": 407417000.0,
        "Operating Revenue": 398501000.0
    },
    "2025-03-31": {
        "Tax Effect Of Unusual Items": -2089290.0,
        "Tax Rate For Calcs": 0.21,
        "Normalized EBITDA": 51409000.0,
        "Total Unusual Items": -9949000.0,
        "Total Unusual Items Excluding Goodwill": -9949000.0,
        "Net Income From Continuing Operation Net Minority Interest": 8036000.0,
        "Reconciled Depreciation": 14372000.0,
        "Reconciled Cost Of Revenue": 138870000.0,
        "EBITDA": 41460000.0,
        "EBIT": 27088000.0,
        "Net Interest Income": -11090000.0,
        "Interest Expense": 11800000.0,
        "Interest Income": 710000.0,
        "Normalized Income": 15895710.0,
        "Net Income From Continuing And Discontinued Operation": 8036000.0,
        "Total Expenses": 205354000.0,
        "Total Operating Income As Reported": 27327000.0,
        "Diluted Average Shares": 48271000.0,
        "Basic Average Shares": 47955000.0,
        "Diluted EPS": 0.17,
        "Basic EPS": 0.17,
        "Diluted NI Availto Com Stockholders": 8036000.0,
        "Net Income Common Stockholders": 8036000.0,
        "Net Income": 8036000.0,
        "Minority Interests": NaN,
        "Net Income Including Noncontrolling Interests": 8036000.0,
        "Net Income Continuous Operations": 8036000.0,
        "Tax Provision": 7252000.0,
        "Pretax Income": 15288000.0,
        "Other Income Expense": -10733000.0,
        "Other Non Operating Income Expenses": -784000.0,
        "Special Income Charges": -9784000.0,
        "Gain On Sale Of Ppe": NaN,
        "Impairment Of Capital Assets": 9700000.0,
        "Restructuring And Mergern Acquisition": 84000.0,
        "Gain On Sale Of Security": -165000.0,
        "Net Non Operating Interest Income Expense": -11090000.0,
        "Interest Expense Non Operating": 11800000.0,
        "Interest Income Non Operating": 710000.0,
        "Operating Income": 37111000.0,
        "Operating Expense": 66484000.0,
        "Depreciation Amortization Depletion Income Statement": 14372000.0,
        "Depreciation And Amortization In Income Statement": 14372000.0,
        "Selling General And Administration": 52112000.0,
        "Gross Profit": 103595000.0,
        "Cost Of Revenue": 138870000.0,
        "Total Revenue": 242465000.0,
        "Operating Revenue": 242465000.0
    },
    "2025-06-30": {
        "Tax Effect Of Unusual Items": -2967084.726471,
        "Tax Rate For Calcs": 0.355552,
        "Normalized EBITDA": -6686000.0,
        "Total Unusual Items": -8345000.0,
        "Total Unusual Items Excluding Goodwill": -8345000.0,
        "Net Income From Continuing Operation Net Minority Interest": -27177000.0,
        "Reconciled Depreciation": 15432000.0,
        "Reconciled Cost Of Revenue": 101990000.0,
        "EBITDA": -15031000.0,
        "EBIT": -30463000.0,
        "Net Interest Income": -10827000.0,
        "Interest Expense": 11708000.0,
        "Interest Income": 881000.0,
        "Normalized Income": -21799084.726471,
        "Net Income From Continuing And Discontinued Operation": -27177000.0,
        "Total Expenses": 177349000.0,
        "Total Operating Income As Reported": -25754000.0,
        "Diluted Average Shares": 47611000.0,
        "Basic Average Shares": 47611000.0,
        "Diluted EPS": -0.57,
        "Basic EPS": -0.57,
        "Diluted NI Availto Com Stockholders": -27177000.0,
        "Net Income Common Stockholders": -27177000.0,
        "Net Income": -27177000.0,
        "Minority Interests": NaN,
        "Net Income Including Noncontrolling Interests": -27177000.0,
        "Net Income Continuous Operations": -27177000.0,
        "Tax Provision": -14994000.0,
        "Pretax Income": -42171000.0,
        "Other Income Expense": -8133000.0,
        "Other Non Operating Income Expenses": 212000.0,
        "Special Income Charges": -8675000.0,
        "Gain On Sale Of Ppe": NaN,
        "Impairment Of Capital Assets": 1502000.0,
        "Restructuring And Mergern Acquisition": 1041000.0,
        "Gain On Sale Of Security": 330000.0,
        "Net Non Operating Interest Income Expense": -10827000.0,
        "Interest Expense Non Operating": 11708000.0,
        "Interest Income Non Operating": 881000.0,
        "Operating Income": -23211000.0,
        "Operating Expense": 75359000.0,
        "Depreciation Amortization Depletion Income Statement": 15432000.0,
        "Depreciation And Amortization In Income Statement": 15432000.0,
        "Selling General And Administration": 59927000.0,
        "Gross Profit": 52148000.0,
        "Cost Of Revenue": 101990000.0,
        "Total Revenue": 154138000.0,
        "Operating Revenue": 147751000.0
    },
    "2025-09-30": {
        "Tax Effect Of Unusual Items": -3111570.0,
        "Tax Rate For Calcs": 0.21,
        "Normalized EBITDA": -500000.0,
        "Total Unusual Items": -14817000.0,
        "Total Unusual Items Excluding Goodwill": -14817000.0,
        "Net Income From Continuing Operation Net Minority Interest": -21654000.0,
        "Reconciled Depreciation": 14074000.0,
        "Reconciled Cost Of Revenue": 102370000.0,
        "EBITDA": -15317000.0,
        "EBIT": -29391000.0,
        "Net Interest Income": -10508000.0,
        "Interest Expense": 11028000.0,
        "Interest Income": 520000.0,
        "Normalized Income": -9948570.0,
        "Net Income From Continuing And Discontinued Operation": -21654000.0,
        "Total Expenses": 173029000.0,
        "Total Operating Income As Reported": -29739000.0,
        "Diluted Average Shares": 47482000.0,
        "Basic Average Shares": 47482000.0,
        "Diluted EPS": -0.46,
        "Basic EPS": -0.46,
        "Diluted NI Availto Com Stockholders": -21654000.0,
        "Net Income Common Stockholders": -21654000.0,
        "Net Income": -21654000.0,
        "Minority Interests": NaN,
        "Net Income Including Noncontrolling Interests": -21654000.0,
        "Net Income Continuous Operations": -21654000.0,
        "Tax Provision": -18765000.0,
        "Pretax Income": -40419000.0,
        "Other Income Expense": -15144000.0,
        "Other Non Operating Income Expenses": -327000.0,
        "Special Income Charges": -14972000.0,
        "Gain On Sale Of Ppe": NaN,
        "Impairment Of Capital Assets": 13782000.0,
        "Restructuring And Mergern Acquisition": 1190000.0,
        "Gain On Sale Of Security": 155000.0,
        "Net Non Operating Interest Income Expense": -10508000.0,
        "Interest Expense Non Operating": 11028000.0,
        "Interest Income Non Operating": 520000.0,
        "Operating Income": -14767000.0,
        "Operating Expense": 70659000.0,
        "Depreciation Amortization Depletion Income Statement": 14074000.0,
        "Depreciation And Amortization In Income Statement": 14074000.0,
        "Selling General And Administration": 56585000.0,
        "Gross Profit": 55892000.0,
        "Cost Of Revenue": 102370000.0,
        "Total Revenue": 158262000.0,
        "Operating Revenue": 158262000.0
    }
}