{
    "2023-03-31": {
        "Tax Effect Of Unusual Items": NaN,
        "Tax Rate For Calcs": NaN,
        "Normalized EBITDA": NaN,
        "Total Unusual Items": 0.0,
        "Total Unusual Items Excluding Goodwill": 0.0,
        "Net Income From Continuing Operation Net Minority Interest": NaN,
        "Reconciled Depreciation": NaN,
        "Reconciled Cost Of Revenue": NaN,
        "EBITDA": NaN,
        "EBIT": NaN,
        "Net Interest Income": NaN,
        "Interest Expense": NaN,
        "Normalized Income": NaN,
        "Net Income From Continuing And Discontinued Operation": NaN,
        "Total Expenses": NaN,
        "Total Operating Income As Reported": NaN,
        "Diluted Average Shares": 2192155.0,
        "Basic Average Shares": 2192155.0,
        "Diluted EPS": -2.33,
        "Basic EPS": -2.33,
        "Diluted NI Availto Com Stockholders": NaN,
        "Net Income Common Stockholders": NaN,
        "Net Income": NaN,
        "Minority Interests": NaN,
        "Net Income Including Noncontrolling Interests": NaN,
        "Net Income Continuous Operations": NaN,
        "Pretax Income": NaN,
        "Other Income Expense": NaN,
        "Other Non Operating Income Expenses": NaN,
        "Special Income Charges": 0.0,
        "Other Special Charges": NaN,
        "Impairment Of Capital Assets": 0.0,
        "Net Non Operating Interest Income Expense": NaN,
        "Interest Expense Non Operating": NaN,
        "Operating Income": NaN,
        "Operating Expense": NaN,
        "Other Operating Expenses": NaN,
        "Depreciation Amortization Depletion Income Statement": NaN,
        "Depreciation And Amortization In Income Statement": NaN,
        "Research And Development": NaN,
        "Selling General And Administration": NaN,
        "Selling And Marketing Expense": NaN,
        "General And Administrative Expense": NaN,
        "Other Gand A": NaN,
        "Gross Profit": NaN,
        "Cost Of Revenue": NaN,
        "Total Revenue": NaN,
        "Operating Revenue": NaN
    },
    "2022-12-31": {
        "Tax Effect Of Unusual Items": NaN,
        "Tax Rate For Calcs": NaN,
        "Normalized EBITDA": NaN,
        "Total Unusual Items": NaN,
        "Total Unusual Items Excluding Goodwill": NaN,
        "Net Income From Continuing Operation Net Minority Interest": NaN,
        "Reconciled Depreciation": NaN,
        "Reconciled Cost Of Revenue": NaN,
        "EBITDA": NaN,
        "EBIT": NaN,
        "Net Interest Income": NaN,
        "Interest Expense": NaN,
        "Normalized Income": NaN,
        "Net Income From Continuing And Discontinued Operation": NaN,
        "Total Expenses": NaN,
        "Total Operating Income As Reported": NaN,
        "Diluted Average Shares": NaN,
        "Basic Average Shares": NaN,
        "Diluted EPS": NaN,
        "Basic EPS": NaN,
        "Diluted NI Availto Com Stockholders": NaN,
        "Net Income Common Stockholders": NaN,
        "Net Income": NaN,
        "Minority Interests": NaN,
        "Net Income Including Noncontrolling Interests": NaN,
        "Net Income Continuous Operations": NaN,
        "Pretax Income": NaN,
        "Other Income Expense": NaN,
        "Other Non Operating Income Expenses": NaN,
        "Special Income Charges": NaN,
        "Other Special Charges": NaN,
        "Impairment Of Capital Assets": NaN,
        "Earnings From Equity Interest": 0.0,
        "Net Non Operating Interest Income Expense": NaN,
        "Interest Expense Non Operating": NaN,
        "Operating Income": NaN,
        "Operating Expense": NaN,
        "Other Operating Expenses": NaN,
        "Depreciation Amortization Depletion Income Statement": NaN,
        "Depreciation And Amortization In Income Statement": NaN,
        "Research And Development": NaN,
        "Selling General And Administration": NaN,
        "Selling And Marketing Expense": NaN,
        "General And Administrative Expense": NaN,
        "Other Gand A": NaN,
        "Gross Profit": NaN,
        "Cost Of Revenue": NaN,
        "Total Revenue": NaN,
        "Operating Revenue": NaN
    },
    "2022-09-30": {
        "Tax Effect Of Unusual Items": NaN,
        "Tax Rate For Calcs": NaN,
        "Normalized EBITDA": NaN,
        "Total Unusual Items": NaN,
        "Total Unusual Items Excluding Goodwill": NaN,
        "Net Income From Continuing Operation Net Minority Interest": NaN,
        "Reconciled Depreciation": NaN,
        "Reconciled Cost Of Revenue": NaN,
        "EBITDA": NaN,
        "EBIT": NaN,
        "Net Interest Income": NaN,
        "Interest Expense": NaN,
        "Normalized Income": NaN,
        "Net Income From Continuing And Discontinued Operation": NaN,
        "Total Expenses": NaN,
        "Total Operating Income As Reported": NaN,
        "Diluted Average Shares": NaN,
        "Basic Average Shares": NaN,
        "Diluted EPS": NaN,
        "Basic EPS": NaN,
        "Diluted NI Availto Com Stockholders": NaN,
        "Net Income Common Stockholders": NaN,
        "Net Income": NaN,
        "Minority Interests": NaN,
        "Net Income Including Noncontrolling Interests": NaN,
        "Net Income Continuous Operations": NaN,
        "Pretax Income": NaN,
        "Other Income Expense": NaN,
        "Other Non Operating Income Expenses": NaN,
        "Special Income Charges": NaN,
        "Impairment Of Capital Assets": NaN,
        "Earnings From Equity Interest": 0.0,
        "Net Non Operating Interest Income Expense": NaN,
        "Interest Expense Non Operating": NaN,
        "Operating Income": NaN,
        "Operating Expense": NaN,
        "Depreciation Amortization Depletion Income Statement": NaN,
        "Depreciation And Amortization In Income Statement": NaN,
        "Research And Development": NaN,
        "Selling General And Administration": NaN,
        "Selling And Marketing Expense": NaN,
        "General And Administrative Expense": NaN,
        "Other Gand A": NaN,
        "Gross Profit": NaN,
        "Cost Of Revenue": NaN,
        "Total Revenue": NaN,
        "Operating Revenue": NaN
    },
    "2022-06-30": {
        "Tax Effect Of Unusual Items": 0.0,
        "Tax Rate For Calcs": 0.0,
        "Normalized EBITDA": -6653303.0,
        "Total Unusual Items": -149048.0,
        "Total Unusual Items Excluding Goodwill": -149048.0,
        "Net Income From Continuing Operation Net Minority Interest": -7405296.0,
        "Reconciled Depreciation": 493658.0,
        "Reconciled Cost Of Revenue": 480224.0,
        "EBITDA": -6802351.0,
        "EBIT": -7296009.0,
        "Net Interest Income": -191662.0,
        "Interest Expense": 191662.0,
        "Normalized Income": -7256248.0,
        "Net Income From Continuing And Discontinued Operation": -7405296.0,
        "Total Expenses": 8545354.0,
        "Total Operating Income As Reported": -6685415.0,
        "Diluted Average Shares": 1167359.0,
        "Basic Average Shares": 1167359.0,
        "Diluted EPS": -6.34,
        "Basic EPS": -6.34,
        "Diluted NI Availto Com Stockholders": -7405296.0,
        "Net Income Common Stockholders": -7405296.0,
        "Net Income": -7405296.0,
        "Minority Interests": 82375.0,
        "Net Income Including Noncontrolling Interests": -7487671.0,
        "Net Income Continuous Operations": -7487671.0,
        "Pretax Income": -7487671.0,
        "Other Income Expense": -759642.0,
        "Other Non Operating Income Expenses": -610594.0,
        "Special Income Charges": -149048.0,
        "Impairment Of Capital Assets": 149048.0,
        "Earnings From Equity Interest": 0.0,
        "Net Non Operating Interest Income Expense": -191662.0,
        "Interest Expense Non Operating": 191662.0,
        "Operating Income": -6536367.0,
        "Operating Expense": 7689197.0,
        "Depreciation Amortization Depletion Income Statement": 117725.0,
        "Depreciation And Amortization In Income Statement": 117725.0,
        "Research And Development": 2681643.0,
        "Selling General And Administration": 4889829.0,
        "Selling And Marketing Expense": 1540220.0,
        "General And Administrative Expense": 3349609.0,
        "Other Gand A": 3349609.0,
        "Gross Profit": 1152830.0,
        "Cost Of Revenue": 856157.0,
        "Total Revenue": 2008987.0,
        "Operating Revenue": 2008987.0
    },
    "2022-03-31": {
        "Diluted EPS": -12.97,
        "Total Revenue": 3,
        "Gross Profit": 1,
        "Operating Income": -16,
        "EBIT": -6,
        "Net Income": -15
    },
    "2021-12-31": {
        "Diluted EPS": -5.51,
        "Total Revenue": 8,
        "Gross Profit": 3,
        "Operating Income": -7,
        "EBIT": -6,
        "Net Income": -7
    },
    "2021-09-30": {
        "Diluted EPS": -5.64,
        "Total Revenue": 2,
        "Gross Profit": 1,
        "Operating Income": -6,
        "EBIT": -6,
        "Net Income": -7
    },
    "2021-06-30": {
        "Diluted EPS": -5.0,
        "Total Revenue": 2,
        "Gross Profit": 1,
        "Operating Income": -6,
        "EBIT": -5,
        "Net Income": -6
    },
    "2021-03-31": {
        "Diluted EPS": -13.0,
        "Total Revenue": 2,
        "Gross Profit": 2,
        "Operating Income": -15,
        "EBIT": -15,
        "Net Income": -14
    },
    "2020-12-31": {
        "Diluted EPS": 0.0,
        "Total Revenue": 3,
        "Gross Profit": 2,
        "Operating Income": -4,
        "EBIT": -4,
        "Net Income": -3
    },
    "2020-09-30": {
        "Diluted EPS": 0.0,
        "Total Revenue": 9,
        "Gross Profit": 6,
        "Operating Income": 3,
        "EBIT": 3,
        "Net Income": 1
    },
    "2020-06-30": {
        "Diluted EPS": 0.0,
        "Total Revenue": 4,
        "Gross Profit": 3,
        "Operating Income": 0,
        "EBIT": 0,
        "Net Income": 0
    },
    "2020-03-31": {
        "Diluted EPS": 0.0,
        "Total Revenue": 3,
        "Gross Profit": 2,
        "Operating Income": 0,
        "EBIT": 0,
        "Net Income": 0
    },
    "2019-12-31": {
        "Diluted EPS": 0.0,
        "Total Revenue": NaN,
        "Gross Profit": NaN,
        "Operating Income": NaN,
        "EBIT": NaN,
        "Net Income": NaN
    },
    "2019-09-30": {
        "Diluted EPS": 0.0,
        "Total Revenue": NaN,
        "Gross Profit": NaN,
        "Operating Income": NaN,
        "EBIT": NaN,
        "Net Income": NaN
    },
    "2018-12-31": {
        "Diluted EPS": 0.0,
        "Total Revenue": NaN,
        "Gross Profit": NaN,
        "Operating Income": NaN,
        "EBIT": NaN,
        "Net Income": NaN
    },
    "2023-06-30": {
        "Tax Effect Of Unusual Items": NaN,
        "Tax Rate For Calcs": NaN,
        "Normalized EBITDA": NaN,
        "Total Unusual Items": -4004627.0,
        "Total Unusual Items Excluding Goodwill": -4004627.0,
        "Net Income From Continuing Operation Net Minority Interest": NaN,
        "Reconciled Depreciation": NaN,
        "Reconciled Cost Of Revenue": NaN,
        "EBITDA": NaN,
        "EBIT": NaN,
        "Net Interest Income": NaN,
        "Interest Expense": NaN,
        "Normalized Income": NaN,
        "Net Income From Continuing And Discontinued Operation": NaN,
        "Total Expenses": NaN,
        "Total Operating Income As Reported": NaN,
        "Diluted Average Shares": 2704106.0,
        "Basic Average Shares": 2704106.0,
        "Diluted EPS": -3.04,
        "Basic EPS": -3.04,
        "Diluted NI Availto Com Stockholders": NaN,
        "Net Income Common Stockholders": NaN,
        "Net Income": NaN,
        "Minority Interests": NaN,
        "Net Income Including Noncontrolling Interests": NaN,
        "Net Income Continuous Operations": NaN,
        "Pretax Income": NaN,
        "Other Income Expense": NaN,
        "Other Non Operating Income Expenses": NaN,
        "Special Income Charges": -4004627.0,
        "Other Special Charges": NaN,
        "Impairment Of Capital Assets": 4004627.0,
        "Net Non Operating Interest Income Expense": NaN,
        "Interest Expense Non Operating": NaN,
        "Operating Income": NaN,
        "Operating Expense": NaN,
        "Other Operating Expenses": -11563.0,
        "Depreciation Amortization Depletion Income Statement": NaN,
        "Depreciation And Amortization In Income Statement": NaN,
        "Research And Development": NaN,
        "Selling General And Administration": NaN,
        "Selling And Marketing Expense": NaN,
        "General And Administrative Expense": NaN,
        "Other Gand A": NaN,
        "Gross Profit": NaN,
        "Cost Of Revenue": NaN,
        "Total Revenue": NaN,
        "Operating Revenue": NaN
    },
    "2023-09-30": {
        "Tax Effect Of Unusual Items": 0.0,
        "Tax Rate For Calcs": 0.0,
        "Normalized EBITDA": -2802543.0,
        "Total Unusual Items": 0.0,
        "Total Unusual Items Excluding Goodwill": 0.0,
        "Net Income From Continuing Operation Net Minority Interest": -3563507.0,
        "Reconciled Depreciation": 501399.0,
        "Reconciled Cost Of Revenue": 405694.0,
        "EBITDA": -2802543.0,
        "EBIT": -3303942.0,
        "Net Interest Income": -230190.0,
        "Interest Expense": 230190.0,
        "Normalized Income": -3563507.0,
        "Net Income From Continuing And Discontinued Operation": -3563507.0,
        "Total Expenses": 4358666.0,
        "Total Operating Income As Reported": -2664795.0,
        "Diluted Average Shares": 2720328.0,
        "Basic Average Shares": 2720328.0,
        "Diluted EPS": -1.31,
        "Basic EPS": -1.31,
        "Diluted NI Availto Com Stockholders": -3563507.0,
        "Net Income Common Stockholders": -3563507.0,
        "Net Income": -3563507.0,
        "Minority Interests": -29375.0,
        "Net Income Including Noncontrolling Interests": -3534132.0,
        "Net Income Continuous Operations": -3534132.0,
        "Pretax Income": -3534132.0,
        "Other Income Expense": -639147.0,
        "Other Non Operating Income Expenses": -639147.0,
        "Special Income Charges": 0.0,
        "Other Special Charges": NaN,
        "Impairment Of Capital Assets": 0.0,
        "Net Non Operating Interest Income Expense": -230190.0,
        "Interest Expense Non Operating": 230190.0,
        "Operating Income": -2664795.0,
        "Operating Expense": 3527187.0,
        "Other Operating Expenses": NaN,
        "Depreciation Amortization Depletion Income Statement": 75614.0,
        "Depreciation And Amortization In Income Statement": 75614.0,
        "Research And Development": 1566839.0,
        "Selling General And Administration": 1884734.0,
        "Selling And Marketing Expense": 358120.0,
        "General And Administrative Expense": 1526614.0,
        "Other Gand A": 1526614.0,
        "Gross Profit": 862392.0,
        "Cost Of Revenue": 831479.0,
        "Total Revenue": 1693871.0,
        "Operating Revenue": 1693871.0
    },
    "2023-12-31": {
        "Tax Effect Of Unusual Items": 0.0,
        "Tax Rate For Calcs": 0.21,
        "Normalized EBITDA": 3372750.0,
        "Total Unusual Items": 0.0,
        "Total Unusual Items Excluding Goodwill": 0.0,
        "Net Income From Continuing Operation Net Minority Interest": 3710871.0,
        "Reconciled Depreciation": 602800.0,
        "Reconciled Cost Of Revenue": 192192.0,
        "EBITDA": 3372750.0,
        "EBIT": 2769950.0,
        "Net Interest Income": -98929.0,
        "Interest Expense": 98929.0,
        "Normalized Income": 3710871.0,
        "Net Income From Continuing And Discontinued Operation": 3710871.0,
        "Total Expenses": 4466932.0,
        "Total Operating Income As Reported": -2719614.0,
        "Diluted Average Shares": NaN,
        "Basic Average Shares": NaN,
        "Diluted EPS": NaN,
        "Basic EPS": NaN,
        "Diluted NI Availto Com Stockholders": 3710871.0,
        "Net Income Common Stockholders": 3710871.0,
        "Net Income": 3710871.0,
        "Minority Interests": 1039850.0,
        "Net Income Including Noncontrolling Interests": 2671021.0,
        "Net Income Continuous Operations": 2671021.0,
        "Pretax Income": 2671021.0,
        "Other Income Expense": 5489564.0,
        "Other Non Operating Income Expenses": 5489564.0,
        "Special Income Charges": 0.0,
        "Other Special Charges": NaN,
        "Impairment Of Capital Assets": 0.0,
        "Net Non Operating Interest Income Expense": -98929.0,
        "Interest Expense Non Operating": 98929.0,
        "Operating Income": -2719614.0,
        "Operating Expense": 3792819.0,
        "Other Operating Expenses": NaN,
        "Depreciation Amortization Depletion Income Statement": 120879.0,
        "Depreciation And Amortization In Income Statement": 120879.0,
        "Research And Development": 1485413.0,
        "Selling General And Administration": 2186527.0,
        "Selling And Marketing Expense": 279454.0,
        "General And Administrative Expense": 1907073.0,
        "Other Gand A": 1907073.0,
        "Gross Profit": 1073205.0,
        "Cost Of Revenue": 674113.0,
        "Total Revenue": 1747318.0,
        "Operating Revenue": 1747318.0
    },
    "2024-03-31": {
        "Tax Effect Of Unusual Items": 0.0,
        "Tax Rate For Calcs": 0.0,
        "Normalized EBITDA": -1050570.0,
        "Total Unusual Items": NaN,
        "Total Unusual Items Excluding Goodwill": NaN,
        "Net Income From Continuing Operation Net Minority Interest": -1634750.0,
        "Reconciled Depreciation": 601946.0,
        "Reconciled Cost Of Revenue": 138405.0,
        "EBITDA": -1050570.0,
        "EBIT": -1652516.0,
        "Net Interest Income": -30882.0,
        "Interest Expense": 30882.0,
        "Normalized Income": -1634750.0,
        "Net Income From Continuing And Discontinued Operation": -1634750.0,
        "Total Expenses": 4244360.0,
        "Total Operating Income As Reported": -1215324.0,
        "Diluted Average Shares": 2722728.0,
        "Basic Average Shares": 2722728.0,
        "Diluted EPS": -0.6,
        "Basic EPS": -0.6,
        "Diluted NI Availto Com Stockholders": -1634750.0,
        "Net Income Common Stockholders": -1634750.0,
        "Net Income": -1634750.0,
        "Minority Interests": 48648.0,
        "Net Income Including Noncontrolling Interests": -1683398.0,
        "Net Income Continuous Operations": -1683398.0,
        "Pretax Income": -1683398.0,
        "Other Income Expense": -437192.0,
        "Other Non Operating Income Expenses": -437192.0,
        "Special Income Charges": NaN,
        "Other Special Charges": NaN,
        "Impairment Of Capital Assets": NaN,
        "Net Non Operating Interest Income Expense": -30882.0,
        "Interest Expense Non Operating": 30882.0,
        "Operating Income": -1215324.0,
        "Operating Expense": 3577733.0,
        "Other Operating Expenses": NaN,
        "Depreciation Amortization Depletion Income Statement": 73724.0,
        "Depreciation And Amortization In Income Statement": 73724.0,
        "Research And Development": 1063357.0,
        "Selling General And Administration": 2440652.0,
        "Selling And Marketing Expense": 250386.0,
        "General And Administrative Expense": 2190266.0,
        "Other Gand A": 2190266.0,
        "Gross Profit": 2362409.0,
        "Cost Of Revenue": 666627.0,
        "Total Revenue": 3029036.0,
        "Operating Revenue": 3029036.0
    },
    "2024-06-30": {
        "Tax Effect Of Unusual Items": 682080.0,
        "Tax Rate For Calcs": 0.21,
        "Normalized EBITDA": -543611.0,
        "Total Unusual Items": 3248000.0,
        "Total Unusual Items Excluding Goodwill": 3248000.0,
        "Net Income From Continuing Operation Net Minority Interest": 2376306.0,
        "Reconciled Depreciation": 587160.0,
        "Reconciled Cost Of Revenue": 247625.0,
        "EBITDA": 2704389.0,
        "EBIT": 2117229.0,
        "Net Interest Income": -29746.0,
        "Interest Expense": 29746.0,
        "Normalized Income": -189614.0,
        "Net Income From Continuing And Discontinued Operation": 2376306.0,
        "Total Expenses": 3070905.0,
        "Total Operating Income As Reported": 2058748.0,
        "Diluted Average Shares": 2722728.0,
        "Basic Average Shares": 2722728.0,
        "Diluted EPS": 0.87,
        "Basic EPS": 0.87,
        "Diluted NI Availto Com Stockholders": 2376306.0,
        "Net Income Common Stockholders": 2376306.0,
        "Net Income": 2376306.0,
        "Minority Interests": 288823.0,
        "Net Income Including Noncontrolling Interests": 2087483.0,
        "Net Income Continuous Operations": 2087483.0,
        "Pretax Income": 2087483.0,
        "Other Income Expense": 3306481.0,
        "Other Non Operating Income Expenses": 58481.0,
        "Special Income Charges": 3248000.0,
        "Other Special Charges": -3248000.0,
        "Impairment Of Capital Assets": 0.0,
        "Net Non Operating Interest Income Expense": -29746.0,
        "Interest Expense Non Operating": 29746.0,
        "Operating Income": -1189252.0,
        "Operating Expense": 2299258.0,
        "Other Operating Expenses": -250000.0,
        "Depreciation Amortization Depletion Income Statement": 63138.0,
        "Depreciation And Amortization In Income Statement": 63138.0,
        "Research And Development": 868745.0,
        "Selling General And Administration": 1617375.0,
        "Selling And Marketing Expense": 205549.0,
        "General And Administrative Expense": 1411826.0,
        "Other Gand A": 1411826.0,
        "Gross Profit": 1110006.0,
        "Cost Of Revenue": 771647.0,
        "Total Revenue": 1881653.0,
        "Operating Revenue": 1881653.0
    },
    "2024-09-30": {
        "Tax Effect Of Unusual Items": 0.0,
        "Tax Rate For Calcs": 0.0,
        "Normalized EBITDA": 23238.0,
        "Total Unusual Items": 0.0,
        "Total Unusual Items Excluding Goodwill": 0.0,
        "Net Income From Continuing Operation Net Minority Interest": 9827.0,
        "Reconciled Depreciation": 566411.0,
        "Reconciled Cost Of Revenue": 197463.0,
        "EBITDA": 23238.0,
        "EBIT": -543173.0,
        "Net Interest Income": -29852.0,
        "Interest Expense": 29852.0,
        "Normalized Income": 9827.0,
        "Net Income From Continuing And Discontinued Operation": 9827.0,
        "Total Expenses": 3734831.0,
        "Total Operating Income As Reported": -1931885.0,
        "Diluted Average Shares": 3024366.0,
        "Basic Average Shares": 3024366.0,
        "Diluted EPS": 0.003249,
        "Basic EPS": 0.003249,
        "Diluted NI Availto Com Stockholders": 9827.0,
        "Net Income Common Stockholders": 9827.0,
        "Net Income": 9827.0,
        "Minority Interests": 582852.0,
        "Net Income Including Noncontrolling Interests": -573025.0,
        "Net Income Continuous Operations": -573025.0,
        "Pretax Income": -573025.0,
        "Other Income Expense": 1388712.0,
        "Other Non Operating Income Expenses": 1388712.0,
        "Special Income Charges": 0.0,
        "Other Special Charges": NaN,
        "Impairment Of Capital Assets": 0.0,
        "Net Non Operating Interest Income Expense": -29852.0,
        "Interest Expense Non Operating": 29852.0,
        "Operating Income": -1931885.0,
        "Operating Expense": 3018108.0,
        "Other Operating Expenses": NaN,
        "Depreciation Amortization Depletion Income Statement": 47151.0,
        "Depreciation And Amortization In Income Statement": 47151.0,
        "Research And Development": 848528.0,
        "Selling General And Administration": 2122429.0,
        "Selling And Marketing Expense": 175532.0,
        "General And Administrative Expense": 1946897.0,
        "Other Gand A": 1946897.0,
        "Gross Profit": 1086223.0,
        "Cost Of Revenue": 716723.0,
        "Total Revenue": 1802946.0,
        "Operating Revenue": 1802946.0
    }
}