{
    "2023-12-31": {
        "Tax Effect Of Unusual Items": NaN,
        "Tax Rate For Calcs": NaN,
        "Normalized EBITDA": NaN,
        "Total Unusual Items": NaN,
        "Total Unusual Items Excluding Goodwill": NaN,
        "Net Income From Continuing Operation Net Minority Interest": NaN,
        "Reconciled Depreciation": NaN,
        "Reconciled Cost Of Revenue": NaN,
        "EBITDA": NaN,
        "EBIT": NaN,
        "Net Interest Income": NaN,
        "Interest Expense": NaN,
        "Normalized Income": NaN,
        "Net Income From Continuing And Discontinued Operation": NaN,
        "Total Expenses": NaN,
        "Total Operating Income As Reported": NaN,
        "Diluted Average Shares": NaN,
        "Basic Average Shares": NaN,
        "Diluted EPS": NaN,
        "Basic EPS": NaN,
        "Diluted NI Availto Com Stockholders": NaN,
        "Net Income Common Stockholders": NaN,
        "Net Income": NaN,
        "Net Income Including Noncontrolling Interests": NaN,
        "Net Income Continuous Operations": NaN,
        "Tax Provision": NaN,
        "Pretax Income": NaN,
        "Other Income Expense": NaN,
        "Other Non Operating Income Expenses": NaN,
        "Special Income Charges": -241000.0,
        "Gain On Sale Of Business": 0.0,
        "Other Special Charges": 241000.0,
        "Impairment Of Capital Assets": 0.0,
        "Earnings From Equity Interest": NaN,
        "Gain On Sale Of Security": NaN,
        "Net Non Operating Interest Income Expense": NaN,
        "Total Other Finance Cost": NaN,
        "Interest Expense Non Operating": NaN,
        "Operating Income": NaN,
        "Operating Expense": NaN,
        "Selling General And Administration": NaN,
        "General And Administrative Expense": NaN,
        "Other Gand A": NaN,
        "Salaries And Wages": NaN,
        "Gross Profit": NaN,
        "Cost Of Revenue": NaN,
        "Total Revenue": NaN,
        "Operating Revenue": NaN
    },
    "2023-09-30": {
        "Tax Effect Of Unusual Items": NaN,
        "Tax Rate For Calcs": NaN,
        "Normalized EBITDA": NaN,
        "Total Unusual Items": NaN,
        "Total Unusual Items Excluding Goodwill": NaN,
        "Net Income From Continuing Operation Net Minority Interest": NaN,
        "Reconciled Depreciation": NaN,
        "Reconciled Cost Of Revenue": NaN,
        "EBITDA": NaN,
        "EBIT": NaN,
        "Net Interest Income": NaN,
        "Interest Expense": NaN,
        "Normalized Income": NaN,
        "Net Income From Continuing And Discontinued Operation": NaN,
        "Total Expenses": NaN,
        "Total Operating Income As Reported": NaN,
        "Diluted Average Shares": 52839197.0,
        "Basic Average Shares": 52839197.0,
        "Diluted EPS": -0.04,
        "Basic EPS": -0.04,
        "Diluted NI Availto Com Stockholders": NaN,
        "Net Income Common Stockholders": NaN,
        "Net Income": NaN,
        "Net Income Including Noncontrolling Interests": NaN,
        "Net Income Continuous Operations": NaN,
        "Tax Provision": NaN,
        "Pretax Income": NaN,
        "Other Income Expense": NaN,
        "Other Non Operating Income Expenses": NaN,
        "Special Income Charges": -1053000.0,
        "Gain On Sale Of Business": 0.0,
        "Other Special Charges": NaN,
        "Impairment Of Capital Assets": 1053000.0,
        "Earnings From Equity Interest": NaN,
        "Gain On Sale Of Security": NaN,
        "Net Non Operating Interest Income Expense": NaN,
        "Total Other Finance Cost": NaN,
        "Interest Expense Non Operating": NaN,
        "Operating Income": NaN,
        "Operating Expense": NaN,
        "Selling General And Administration": NaN,
        "General And Administrative Expense": NaN,
        "Other Gand A": NaN,
        "Salaries And Wages": NaN,
        "Gross Profit": NaN,
        "Cost Of Revenue": NaN,
        "Total Revenue": NaN,
        "Operating Revenue": NaN
    },
    "2023-06-30": {
        "Tax Effect Of Unusual Items": NaN,
        "Tax Rate For Calcs": NaN,
        "Normalized EBITDA": NaN,
        "Total Unusual Items": NaN,
        "Total Unusual Items Excluding Goodwill": NaN,
        "Net Income From Continuing Operation Net Minority Interest": NaN,
        "Reconciled Depreciation": NaN,
        "Reconciled Cost Of Revenue": NaN,
        "EBITDA": NaN,
        "EBIT": NaN,
        "Net Interest Income": NaN,
        "Interest Expense": NaN,
        "Normalized Income": NaN,
        "Net Income From Continuing And Discontinued Operation": NaN,
        "Total Expenses": NaN,
        "Total Operating Income As Reported": NaN,
        "Diluted Average Shares": 52224188.0,
        "Basic Average Shares": 52224188.0,
        "Diluted EPS": -0.01,
        "Basic EPS": -0.01,
        "Diluted NI Availto Com Stockholders": NaN,
        "Net Income Common Stockholders": NaN,
        "Net Income": NaN,
        "Net Income Including Noncontrolling Interests": NaN,
        "Net Income Continuous Operations": NaN,
        "Tax Provision": NaN,
        "Pretax Income": NaN,
        "Other Income Expense": NaN,
        "Other Non Operating Income Expenses": NaN,
        "Special Income Charges": 2374000.0,
        "Gain On Sale Of Ppe": 5093000.0,
        "Gain On Sale Of Business": 5093000.0,
        "Other Special Charges": 1417000.0,
        "Impairment Of Capital Assets": 1302000.0,
        "Earnings From Equity Interest": NaN,
        "Gain On Sale Of Security": NaN,
        "Net Non Operating Interest Income Expense": NaN,
        "Total Other Finance Cost": NaN,
        "Interest Expense Non Operating": NaN,
        "Operating Income": NaN,
        "Operating Expense": NaN,
        "Selling General And Administration": NaN,
        "General And Administrative Expense": NaN,
        "Other Gand A": NaN,
        "Salaries And Wages": NaN,
        "Gross Profit": NaN,
        "Cost Of Revenue": NaN,
        "Total Revenue": NaN,
        "Operating Revenue": NaN
    },
    "2023-03-31": {
        "Tax Effect Of Unusual Items": NaN,
        "Tax Rate For Calcs": NaN,
        "Normalized EBITDA": NaN,
        "Total Unusual Items": NaN,
        "Total Unusual Items Excluding Goodwill": NaN,
        "Net Income From Continuing Operation Net Minority Interest": NaN,
        "Reconciled Depreciation": NaN,
        "Reconciled Cost Of Revenue": NaN,
        "EBITDA": NaN,
        "EBIT": NaN,
        "Net Interest Income": NaN,
        "Interest Expense": NaN,
        "Normalized Income": NaN,
        "Net Income From Continuing And Discontinued Operation": NaN,
        "Total Expenses": NaN,
        "Total Operating Income As Reported": NaN,
        "Diluted Average Shares": 50514392.0,
        "Basic Average Shares": 50514392.0,
        "Diluted EPS": -0.03,
        "Basic EPS": -0.03,
        "Diluted NI Availto Com Stockholders": NaN,
        "Net Income Common Stockholders": NaN,
        "Net Income": NaN,
        "Net Income Including Noncontrolling Interests": NaN,
        "Net Income Continuous Operations": NaN,
        "Tax Provision": NaN,
        "Pretax Income": NaN,
        "Other Income Expense": NaN,
        "Other Non Operating Income Expenses": NaN,
        "Special Income Charges": NaN,
        "Gain On Sale Of Ppe": NaN,
        "Gain On Sale Of Business": NaN,
        "Other Special Charges": NaN,
        "Impairment Of Capital Assets": NaN,
        "Earnings From Equity Interest": NaN,
        "Gain On Sale Of Security": NaN,
        "Net Non Operating Interest Income Expense": NaN,
        "Total Other Finance Cost": NaN,
        "Interest Expense Non Operating": NaN,
        "Operating Income": NaN,
        "Operating Expense": NaN,
        "Selling General And Administration": NaN,
        "General And Administrative Expense": NaN,
        "Other Gand A": NaN,
        "Salaries And Wages": NaN,
        "Gross Profit": NaN,
        "Cost Of Revenue": NaN,
        "Total Revenue": NaN,
        "Operating Revenue": NaN
    },
    "2024-03-31": {
        "Tax Effect Of Unusual Items": 33600.0,
        "Tax Rate For Calcs": 0.15,
        "Normalized EBITDA": -679000.0,
        "Total Unusual Items": 224000.0,
        "Total Unusual Items Excluding Goodwill": 224000.0,
        "Net Income From Continuing Operation Net Minority Interest": -1732000.0,
        "Reconciled Depreciation": 763000.0,
        "Reconciled Cost Of Revenue": 763000.0,
        "EBITDA": -455000.0,
        "EBIT": -1218000.0,
        "Net Interest Income": -589000.0,
        "Interest Expense": 504000.0,
        "Normalized Income": -1922400.0,
        "Net Income From Continuing And Discontinued Operation": -1732000.0,
        "Total Expenses": 2542000.0,
        "Total Operating Income As Reported": -1287000.0,
        "Diluted Average Shares": 91028583.0,
        "Basic Average Shares": 91028583.0,
        "Diluted EPS": -0.02,
        "Basic EPS": -0.02,
        "Diluted NI Availto Com Stockholders": -1732000.0,
        "Net Income Common Stockholders": -1732000.0,
        "Net Income": -1732000.0,
        "Net Income Including Noncontrolling Interests": -1732000.0,
        "Net Income Continuous Operations": -1732000.0,
        "Tax Provision": 10000.0,
        "Pretax Income": -1722000.0,
        "Other Income Expense": 154000.0,
        "Other Non Operating Income Expenses": -85000.0,
        "Special Income Charges": NaN,
        "Gain On Sale Of Business": NaN,
        "Other Special Charges": NaN,
        "Impairment Of Capital Assets": NaN,
        "Earnings From Equity Interest": 15000.0,
        "Gain On Sale Of Security": 224000.0,
        "Net Non Operating Interest Income Expense": -589000.0,
        "Total Other Finance Cost": 85000.0,
        "Interest Expense Non Operating": 504000.0,
        "Operating Income": -1287000.0,
        "Operating Expense": 1779000.0,
        "Selling General And Administration": 1779000.0,
        "General And Administrative Expense": 1779000.0,
        "Other Gand A": 567000.0,
        "Salaries And Wages": 1212000.0,
        "Gross Profit": 492000.0,
        "Cost Of Revenue": 763000.0,
        "Total Revenue": 1255000.0,
        "Operating Revenue": 1255000.0
    },
    "2022-12-31": {
        "Tax Effect Of Unusual Items": NaN,
        "Tax Rate For Calcs": NaN,
        "Normalized EBITDA": NaN,
        "Total Unusual Items": NaN,
        "Total Unusual Items Excluding Goodwill": NaN,
        "Net Income From Continuing Operation Net Minority Interest": NaN,
        "Reconciled Depreciation": NaN,
        "Reconciled Cost Of Revenue": NaN,
        "EBITDA": NaN,
        "EBIT": NaN,
        "Net Interest Income": NaN,
        "Interest Expense": NaN,
        "Normalized Income": NaN,
        "Net Income From Continuing And Discontinued Operation": NaN,
        "Total Expenses": NaN,
        "Total Operating Income As Reported": NaN,
        "Diluted Average Shares": NaN,
        "Basic Average Shares": NaN,
        "Diluted EPS": NaN,
        "Basic EPS": NaN,
        "Diluted NI Availto Com Stockholders": NaN,
        "Net Income Common Stockholders": NaN,
        "Net Income": NaN,
        "Net Income Including Noncontrolling Interests": NaN,
        "Net Income Continuous Operations": NaN,
        "Tax Provision": NaN,
        "Pretax Income": NaN,
        "Other Income Expense": NaN,
        "Other Non Operating Income Expenses": NaN,
        "Special Income Charges": -2040365.0,
        "Gain On Sale Of Ppe": NaN,
        "Gain On Sale Of Business": NaN,
        "Other Special Charges": 0.0,
        "Impairment Of Capital Assets": 2040365.0,
        "Earnings From Equity Interest": NaN,
        "Gain On Sale Of Security": NaN,
        "Net Non Operating Interest Income Expense": NaN,
        "Total Other Finance Cost": NaN,
        "Interest Expense Non Operating": NaN,
        "Operating Income": NaN,
        "Operating Expense": NaN,
        "Selling General And Administration": NaN,
        "General And Administrative Expense": NaN,
        "Other Gand A": NaN,
        "Salaries And Wages": NaN,
        "Gross Profit": NaN,
        "Cost Of Revenue": NaN,
        "Total Revenue": NaN,
        "Operating Revenue": NaN
    },
    "2022-09-30": {
        "Tax Effect Of Unusual Items": NaN,
        "Tax Rate For Calcs": NaN,
        "Normalized EBITDA": NaN,
        "Total Unusual Items": NaN,
        "Total Unusual Items Excluding Goodwill": NaN,
        "Net Income From Continuing Operation Net Minority Interest": NaN,
        "Reconciled Depreciation": NaN,
        "Reconciled Cost Of Revenue": NaN,
        "EBITDA": NaN,
        "EBIT": NaN,
        "Net Interest Income": NaN,
        "Interest Expense": NaN,
        "Normalized Income": NaN,
        "Net Income From Continuing And Discontinued Operation": NaN,
        "Total Expenses": NaN,
        "Total Operating Income As Reported": NaN,
        "Diluted Average Shares": 44828356.0,
        "Basic Average Shares": 44828356.0,
        "Diluted EPS": -0.06,
        "Basic EPS": -0.06,
        "Diluted NI Availto Com Stockholders": NaN,
        "Net Income Common Stockholders": NaN,
        "Net Income": NaN,
        "Net Income Including Noncontrolling Interests": NaN,
        "Net Income Continuous Operations": NaN,
        "Tax Provision": NaN,
        "Pretax Income": NaN,
        "Other Income Expense": NaN,
        "Other Non Operating Income Expenses": NaN,
        "Special Income Charges": -1274000.0,
        "Gain On Sale Of Ppe": NaN,
        "Gain On Sale Of Business": 0.0,
        "Other Special Charges": -346000.0,
        "Impairment Of Capital Assets": 1620000.0,
        "Earnings From Equity Interest": NaN,
        "Gain On Sale Of Security": NaN,
        "Net Non Operating Interest Income Expense": NaN,
        "Total Other Finance Cost": NaN,
        "Interest Expense Non Operating": NaN,
        "Operating Income": NaN,
        "Operating Expense": NaN,
        "Selling General And Administration": NaN,
        "General And Administrative Expense": NaN,
        "Other Gand A": NaN,
        "Salaries And Wages": NaN,
        "Gross Profit": NaN,
        "Cost Of Revenue": NaN,
        "Total Revenue": NaN,
        "Operating Revenue": NaN
    },
    "2024-06-30": {
        "Tax Effect Of Unusual Items": 53250.0,
        "Tax Rate For Calcs": 0.15,
        "Normalized EBITDA": -836000.0,
        "Total Unusual Items": 355000.0,
        "Total Unusual Items Excluding Goodwill": 355000.0,
        "Net Income From Continuing Operation Net Minority Interest": -1491000.0,
        "Reconciled Depreciation": 521000.0,
        "Reconciled Cost Of Revenue": 521000.0,
        "EBITDA": -481000.0,
        "EBIT": -1002000.0,
        "Net Interest Income": -560000.0,
        "Interest Expense": 475000.0,
        "Normalized Income": -1792750.0,
        "Net Income From Continuing And Discontinued Operation": -1491000.0,
        "Total Expenses": 2148000.0,
        "Total Operating Income As Reported": -1273000.0,
        "Diluted Average Shares": 91486913.0,
        "Basic Average Shares": 91486913.0,
        "Diluted EPS": -0.02,
        "Basic EPS": -0.02,
        "Diluted NI Availto Com Stockholders": -1491000.0,
        "Net Income Common Stockholders": -1491000.0,
        "Net Income": -1491000.0,
        "Net Income Including Noncontrolling Interests": -1491000.0,
        "Net Income Continuous Operations": -1491000.0,
        "Tax Provision": 14000.0,
        "Pretax Income": -1477000.0,
        "Other Income Expense": 356000.0,
        "Other Non Operating Income Expenses": -25000.0,
        "Special Income Charges": 0.0,
        "Gain On Sale Of Business": 0.0,
        "Other Special Charges": NaN,
        "Impairment Of Capital Assets": 0.0,
        "Earnings From Equity Interest": 26000.0,
        "Gain On Sale Of Security": 355000.0,
        "Net Non Operating Interest Income Expense": -560000.0,
        "Total Other Finance Cost": 85000.0,
        "Interest Expense Non Operating": 475000.0,
        "Operating Income": -1273000.0,
        "Operating Expense": 1627000.0,
        "Selling General And Administration": 1627000.0,
        "General And Administrative Expense": 1627000.0,
        "Other Gand A": 623000.0,
        "Salaries And Wages": 1004000.0,
        "Gross Profit": 354000.0,
        "Cost Of Revenue": 521000.0,
        "Total Revenue": 875000.0,
        "Operating Revenue": 875000.0
    },
    "2024-09-30": {
        "Tax Effect Of Unusual Items": -14250.0,
        "Tax Rate For Calcs": 0.15,
        "Normalized EBITDA": 136000.0,
        "Total Unusual Items": -95000.0,
        "Total Unusual Items Excluding Goodwill": -95000.0,
        "Net Income From Continuing Operation Net Minority Interest": -1169000.0,
        "Reconciled Depreciation": 578000.0,
        "Reconciled Cost Of Revenue": 578000.0,
        "EBITDA": 41000.0,
        "EBIT": -537000.0,
        "Net Interest Income": -579000.0,
        "Interest Expense": 494000.0,
        "Normalized Income": -1088250.0,
        "Net Income From Continuing And Discontinued Operation": -1169000.0,
        "Total Expenses": 2444000.0,
        "Total Operating Income As Reported": -822000.0,
        "Diluted Average Shares": 91641647.0,
        "Basic Average Shares": 91641647.0,
        "Diluted EPS": -0.01,
        "Basic EPS": -0.01,
        "Diluted NI Availto Com Stockholders": -1169000.0,
        "Net Income Common Stockholders": -1169000.0,
        "Net Income": -1169000.0,
        "Net Income Including Noncontrolling Interests": -1169000.0,
        "Net Income Continuous Operations": -1169000.0,
        "Tax Provision": 138000.0,
        "Pretax Income": -1031000.0,
        "Other Income Expense": 370000.0,
        "Other Non Operating Income Expenses": 429000.0,
        "Special Income Charges": 0.0,
        "Gain On Sale Of Business": 0.0,
        "Other Special Charges": NaN,
        "Impairment Of Capital Assets": 0.0,
        "Earnings From Equity Interest": 36000.0,
        "Gain On Sale Of Security": -95000.0,
        "Net Non Operating Interest Income Expense": -579000.0,
        "Total Other Finance Cost": 85000.0,
        "Interest Expense Non Operating": 494000.0,
        "Operating Income": -822000.0,
        "Operating Expense": 1866000.0,
        "Selling General And Administration": 1866000.0,
        "General And Administrative Expense": 1866000.0,
        "Other Gand A": 625000.0,
        "Salaries And Wages": 1241000.0,
        "Gross Profit": 1044000.0,
        "Cost Of Revenue": 578000.0,
        "Total Revenue": 1622000.0,
        "Operating Revenue": 1622000.0
    },
    "2024-12-31": {
        "Tax Effect Of Unusual Items": 57211.055276,
        "Tax Rate For Calcs": 0.092127,
        "Normalized EBITDA": -664000.0,
        "Total Unusual Items": 621000.0,
        "Total Unusual Items Excluding Goodwill": 621000.0,
        "Net Income From Continuing Operation Net Minority Interest": -1084000.0,
        "Reconciled Depreciation": 647000.0,
        "Reconciled Cost Of Revenue": 647000.0,
        "EBITDA": -43000.0,
        "EBIT": -690000.0,
        "Net Interest Income": -588000.0,
        "Interest Expense": 504000.0,
        "Normalized Income": -1647788.944724,
        "Net Income From Continuing And Discontinued Operation": -1084000.0,
        "Total Expenses": 3224000.0,
        "Total Operating Income As Reported": -1094000.0,
        "Diluted Average Shares": NaN,
        "Basic Average Shares": NaN,
        "Diluted EPS": NaN,
        "Basic EPS": NaN,
        "Diluted NI Availto Com Stockholders": -1084000.0,
        "Net Income Common Stockholders": -1084000.0,
        "Net Income": -1084000.0,
        "Net Income Including Noncontrolling Interests": -1084000.0,
        "Net Income Continuous Operations": -1084000.0,
        "Tax Provision": -110000.0,
        "Pretax Income": -1194000.0,
        "Other Income Expense": 488000.0,
        "Other Non Operating Income Expenses": -169000.0,
        "Special Income Charges": 0.0,
        "Gain On Sale Of Business": 0.0,
        "Other Special Charges": NaN,
        "Impairment Of Capital Assets": 0.0,
        "Earnings From Equity Interest": 36000.0,
        "Gain On Sale Of Security": 621000.0,
        "Net Non Operating Interest Income Expense": -588000.0,
        "Total Other Finance Cost": 84000.0,
        "Interest Expense Non Operating": 504000.0,
        "Operating Income": -1094000.0,
        "Operating Expense": 2577000.0,
        "Selling General And Administration": 2577000.0,
        "General And Administrative Expense": 2577000.0,
        "Other Gand A": 595000.0,
        "Salaries And Wages": 1982000.0,
        "Gross Profit": 1483000.0,
        "Cost Of Revenue": 647000.0,
        "Total Revenue": 2130000.0,
        "Operating Revenue": 2130000.0
    },
    "2025-03-31": {
        "Tax Effect Of Unusual Items": -4800.0,
        "Tax Rate For Calcs": 0.15,
        "Normalized EBITDA": 271000.0,
        "Total Unusual Items": -32000.0,
        "Total Unusual Items Excluding Goodwill": -32000.0,
        "Net Income From Continuing Operation Net Minority Interest": -731000.0,
        "Reconciled Depreciation": 497000.0,
        "Reconciled Cost Of Revenue": 497000.0,
        "EBITDA": 239000.0,
        "EBIT": -258000.0,
        "Net Interest Income": -528000.0,
        "Interest Expense": 448000.0,
        "Normalized Income": -703800.0,
        "Net Income From Continuing And Discontinued Operation": -731000.0,
        "Total Expenses": 1942000.0,
        "Total Operating Income As Reported": -221000.0,
        "Diluted Average Shares": 92341558.0,
        "Basic Average Shares": 92341558.0,
        "Diluted EPS": -0.01,
        "Basic EPS": -0.01,
        "Diluted NI Availto Com Stockholders": -731000.0,
        "Net Income Common Stockholders": -731000.0,
        "Net Income": -731000.0,
        "Net Income Including Noncontrolling Interests": -731000.0,
        "Net Income Continuous Operations": -731000.0,
        "Tax Provision": 25000.0,
        "Pretax Income": -706000.0,
        "Other Income Expense": 43000.0,
        "Other Non Operating Income Expenses": 38000.0,
        "Special Income Charges": NaN,
        "Gain On Sale Of Business": NaN,
        "Other Special Charges": NaN,
        "Impairment Of Capital Assets": NaN,
        "Earnings From Equity Interest": 37000.0,
        "Gain On Sale Of Security": -32000.0,
        "Net Non Operating Interest Income Expense": -528000.0,
        "Total Other Finance Cost": 80000.0,
        "Interest Expense Non Operating": 448000.0,
        "Operating Income": -221000.0,
        "Operating Expense": 1445000.0,
        "Selling General And Administration": 1445000.0,
        "General And Administrative Expense": 1445000.0,
        "Other Gand A": 420000.0,
        "Salaries And Wages": 1025000.0,
        "Gross Profit": 1224000.0,
        "Cost Of Revenue": 497000.0,
        "Total Revenue": 1721000.0,
        "Operating Revenue": 1721000.0
    }
}