{
    "2023-06-30": {
        "Tax Effect Of Unusual Items": NaN,
        "Tax Rate For Calcs": NaN,
        "Total Unusual Items": NaN,
        "Total Unusual Items Excluding Goodwill": NaN,
        "Net Income From Continuing Operation Net Minority Interest": NaN,
        "Reconciled Depreciation": NaN,
        "Net Interest Income": NaN,
        "Interest Expense": NaN,
        "Interest Income": NaN,
        "Normalized Income": NaN,
        "Net Income From Continuing And Discontinued Operation": NaN,
        "Diluted Average Shares": NaN,
        "Basic Average Shares": NaN,
        "Diluted EPS": NaN,
        "Basic EPS": NaN,
        "Diluted NI Availto Com Stockholders": NaN,
        "Average Dilution Earnings": 4000.0,
        "Net Income Common Stockholders": NaN,
        "Otherunder Preferred Stock Dividend": NaN,
        "Preferred Stock Dividends": NaN,
        "Net Income": NaN,
        "Net Income Including Noncontrolling Interests": NaN,
        "Net Income Continuous Operations": NaN,
        "Tax Provision": NaN,
        "Pretax Income": NaN,
        "Special Income Charges": NaN,
        "Gain On Sale Of Business": NaN,
        "Restructuring And Mergern Acquisition": 0.0,
        "Gain On Sale Of Security": NaN,
        "Depreciation Amortization Depletion Income Statement": NaN,
        "Depreciation And Amortization In Income Statement": NaN,
        "Amortization": NaN,
        "Amortization Of Intangibles Income Statement": NaN,
        "Selling General And Administration": NaN,
        "Selling And Marketing Expense": NaN,
        "General And Administrative Expense": NaN,
        "Insurance And Claims": NaN,
        "Salaries And Wages": NaN,
        "Total Revenue": NaN,
        "Operating Revenue": NaN,
        "Occupancy And Equipment": NaN,
        "Professional Expense And Contract Services Expense": NaN,
        "Other Non Interest Expense": NaN
    },
    "2023-03-31": {
        "Tax Effect Of Unusual Items": NaN,
        "Tax Rate For Calcs": NaN,
        "Total Unusual Items": NaN,
        "Total Unusual Items Excluding Goodwill": NaN,
        "Net Income From Continuing Operation Net Minority Interest": NaN,
        "Reconciled Depreciation": NaN,
        "Net Interest Income": NaN,
        "Interest Expense": NaN,
        "Interest Income": NaN,
        "Normalized Income": NaN,
        "Net Income From Continuing And Discontinued Operation": NaN,
        "Diluted Average Shares": NaN,
        "Basic Average Shares": NaN,
        "Diluted EPS": NaN,
        "Basic EPS": NaN,
        "Diluted NI Availto Com Stockholders": NaN,
        "Average Dilution Earnings": 3000.0,
        "Net Income Common Stockholders": NaN,
        "Otherunder Preferred Stock Dividend": NaN,
        "Preferred Stock Dividends": NaN,
        "Net Income": NaN,
        "Net Income Including Noncontrolling Interests": NaN,
        "Net Income Continuous Operations": NaN,
        "Tax Provision": NaN,
        "Pretax Income": NaN,
        "Special Income Charges": NaN,
        "Gain On Sale Of Business": NaN,
        "Restructuring And Mergern Acquisition": 0.0,
        "Gain On Sale Of Security": NaN,
        "Depreciation Amortization Depletion Income Statement": NaN,
        "Depreciation And Amortization In Income Statement": NaN,
        "Amortization": NaN,
        "Amortization Of Intangibles Income Statement": NaN,
        "Selling General And Administration": NaN,
        "Selling And Marketing Expense": NaN,
        "General And Administrative Expense": NaN,
        "Insurance And Claims": NaN,
        "Salaries And Wages": NaN,
        "Total Revenue": NaN,
        "Operating Revenue": NaN,
        "Occupancy And Equipment": NaN,
        "Professional Expense And Contract Services Expense": 125000000.0,
        "Other Non Interest Expense": NaN
    },
    "2022-12-31": {
        "Tax Effect Of Unusual Items": NaN,
        "Tax Rate For Calcs": NaN,
        "Total Unusual Items": NaN,
        "Total Unusual Items Excluding Goodwill": NaN,
        "Net Income From Continuing Operation Net Minority Interest": NaN,
        "Reconciled Depreciation": NaN,
        "Net Interest Income": NaN,
        "Interest Expense": NaN,
        "Interest Income": NaN,
        "Normalized Income": NaN,
        "Net Income From Continuing And Discontinued Operation": NaN,
        "Diluted Average Shares": NaN,
        "Basic Average Shares": NaN,
        "Diluted EPS": NaN,
        "Basic EPS": NaN,
        "Diluted NI Availto Com Stockholders": NaN,
        "Average Dilution Earnings": 5000.0,
        "Net Income Common Stockholders": NaN,
        "Otherunder Preferred Stock Dividend": NaN,
        "Preferred Stock Dividends": NaN,
        "Net Income": NaN,
        "Net Income Including Noncontrolling Interests": NaN,
        "Net Income Continuous Operations": NaN,
        "Tax Provision": NaN,
        "Pretax Income": NaN,
        "Special Income Charges": NaN,
        "Gain On Sale Of Business": NaN,
        "Restructuring And Mergern Acquisition": -196887000.0,
        "Gain On Sale Of Security": NaN,
        "Depreciation Amortization Depletion Income Statement": NaN,
        "Depreciation And Amortization In Income Statement": NaN,
        "Amortization": NaN,
        "Amortization Of Intangibles Income Statement": NaN,
        "Selling General And Administration": NaN,
        "Selling And Marketing Expense": NaN,
        "General And Administrative Expense": NaN,
        "Insurance And Claims": NaN,
        "Salaries And Wages": NaN,
        "Total Revenue": NaN,
        "Operating Revenue": NaN,
        "Occupancy And Equipment": NaN,
        "Professional Expense And Contract Services Expense": NaN,
        "Other Non Interest Expense": NaN
    },
    "2022-09-30": {
        "Tax Effect Of Unusual Items": NaN,
        "Tax Rate For Calcs": NaN,
        "Total Unusual Items": NaN,
        "Total Unusual Items Excluding Goodwill": NaN,
        "Net Income From Continuing Operation Net Minority Interest": NaN,
        "Reconciled Depreciation": NaN,
        "Net Interest Income": NaN,
        "Interest Expense": NaN,
        "Interest Income": NaN,
        "Normalized Income": NaN,
        "Net Income From Continuing And Discontinued Operation": NaN,
        "Diluted Average Shares": NaN,
        "Basic Average Shares": NaN,
        "Diluted EPS": NaN,
        "Basic EPS": NaN,
        "Diluted NI Availto Com Stockholders": NaN,
        "Average Dilution Earnings": 5000.0,
        "Net Income Common Stockholders": NaN,
        "Otherunder Preferred Stock Dividend": NaN,
        "Preferred Stock Dividends": NaN,
        "Net Income": NaN,
        "Net Income Including Noncontrolling Interests": NaN,
        "Net Income Continuous Operations": NaN,
        "Tax Provision": NaN,
        "Pretax Income": NaN,
        "Special Income Charges": NaN,
        "Gain On Sale Of Business": 0.0,
        "Restructuring And Mergern Acquisition": NaN,
        "Gain On Sale Of Security": NaN,
        "Depreciation Amortization Depletion Income Statement": NaN,
        "Depreciation And Amortization In Income Statement": NaN,
        "Amortization": NaN,
        "Amortization Of Intangibles Income Statement": NaN,
        "Selling General And Administration": NaN,
        "Selling And Marketing Expense": NaN,
        "General And Administrative Expense": NaN,
        "Insurance And Claims": NaN,
        "Salaries And Wages": NaN,
        "Total Revenue": NaN,
        "Operating Revenue": NaN
    },
    "2022-06-30": {
        "Tax Effect Of Unusual Items": -100676280.487497,
        "Tax Rate For Calcs": 0.216597,
        "Total Unusual Items": -464809000.0,
        "Total Unusual Items Excluding Goodwill": -464809000.0,
        "Net Income From Continuing Operation Net Minority Interest": 217522000.0,
        "Reconciled Depreciation": 18384000.0,
        "Net Interest Income": 1411717000.0,
        "Interest Expense": 53425000.0,
        "Interest Income": 1465142000.0,
        "Normalized Income": 581654719.512503,
        "Net Income From Continuing And Discontinued Operation": 217522000.0,
        "Diluted Average Shares": 178277000.0,
        "Basic Average Shares": 177367000.0,
        "Diluted EPS": 1.08,
        "Basic EPS": 1.08,
        "Diluted NI Availto Com Stockholders": 192236000.0,
        "Average Dilution Earnings": NaN,
        "Net Income Common Stockholders": 192236000.0,
        "Otherunder Preferred Stock Dividend": 25286000.0,
        "Preferred Stock Dividends": 24941000.0,
        "Net Income": 217522000.0,
        "Net Income Including Noncontrolling Interests": 217522000.0,
        "Net Income Continuous Operations": 217522000.0,
        "Tax Provision": 60141000.0,
        "Pretax Income": 277663000.0,
        "Special Income Charges": -464809000.0,
        "Gain On Sale Of Business": NaN,
        "Restructuring And Mergern Acquisition": 464809000.0,
        "Gain On Sale Of Security": -62000.0,
        "Depreciation Amortization Depletion Income Statement": 18384000.0,
        "Depreciation And Amortization In Income Statement": 18384000.0,
        "Amortization": 18384000.0,
        "Amortization Of Intangibles Income Statement": 18384000.0,
        "Selling General And Administration": 819421000.0,
        "Selling And Marketing Expense": 20635000.0,
        "General And Administrative Expense": 798786000.0,
        "Insurance And Claims": 22585000.0,
        "Salaries And Wages": 776201000.0,
        "Total Revenue": 1982817000.0,
        "Operating Revenue": 1982817000.0
    },
    "2022-03-31": {
        "Diluted EPS": 2.62,
        "Total Revenue": NaN,
        "Gross Profit": NaN,
        "Operating Income": 475,
        "EBIT": NaN,
        "Net Income": 340
    },
    "2021-12-31": {
        "Diluted EPS": 3.37,
        "Total Revenue": NaN,
        "Gross Profit": NaN,
        "Operating Income": 600,
        "EBIT": NaN,
        "Net Income": 434
    },
    "2021-09-30": {
        "Diluted EPS": 3.69,
        "Total Revenue": NaN,
        "Gross Profit": NaN,
        "Operating Income": 657,
        "EBIT": NaN,
        "Net Income": 476
    },
    "2021-06-30": {
        "Diluted EPS": 3.41,
        "Total Revenue": NaN,
        "Gross Profit": NaN,
        "Operating Income": 606,
        "EBIT": NaN,
        "Net Income": 439
    },
    "2021-03-31": {
        "Diluted EPS": 3.33,
        "Total Revenue": NaN,
        "Gross Profit": NaN,
        "Operating Income": 593,
        "EBIT": NaN,
        "Net Income": 428
    },
    "2020-12-31": {
        "Diluted EPS": 3.52,
        "Total Revenue": NaN,
        "Gross Profit": NaN,
        "Operating Income": 621,
        "EBIT": NaN,
        "Net Income": 452
    },
    "2020-09-30": {
        "Diluted EPS": 2.75,
        "Total Revenue": NaN,
        "Gross Profit": NaN,
        "Operating Income": 487,
        "EBIT": NaN,
        "Net Income": 353
    },
    "2020-06-30": {
        "Diluted EPS": 1.74,
        "Total Revenue": NaN,
        "Gross Profit": NaN,
        "Operating Income": 312,
        "EBIT": NaN,
        "Net Income": 223
    },
    "2020-03-31": {
        "Diluted EPS": 1.93,
        "Total Revenue": NaN,
        "Gross Profit": NaN,
        "Operating Income": 350,
        "EBIT": NaN,
        "Net Income": 251
    },
    "2019-12-31": {
        "Diluted EPS": 3.59,
        "Total Revenue": NaN,
        "Gross Profit": NaN,
        "Operating Income": 652,
        "EBIT": NaN,
        "Net Income": 473
    },
    "2019-09-30": {
        "Diluted EPS": 3.47,
        "Total Revenue": NaN,
        "Gross Profit": NaN,
        "Operating Income": 635,
        "EBIT": NaN,
        "Net Income": 461
    },
    "2019-06-30": {
        "Diluted EPS": 3.34,
        "Total Revenue": NaN,
        "Gross Profit": NaN,
        "Operating Income": 626,
        "EBIT": NaN,
        "Net Income": 453
    },
    "2019-03-31": {
        "Diluted EPS": 3.35,
        "Total Revenue": NaN,
        "Gross Profit": NaN,
        "Operating Income": 634,
        "EBIT": NaN,
        "Net Income": 462
    },
    "2018-12-31": {
        "Diluted EPS": 3.72,
        "Total Revenue": NaN,
        "Gross Profit": NaN,
        "Operating Income": 699,
        "EBIT": NaN,
        "Net Income": 525
    },
    "2018-09-30": {
        "Diluted EPS": 3.53,
        "Total Revenue": NaN,
        "Gross Profit": NaN,
        "Operating Income": 696,
        "EBIT": NaN,
        "Net Income": 505
    },
    "2018-06-30": {
        "Diluted EPS": 3.26,
        "Total Revenue": NaN,
        "Gross Profit": NaN,
        "Operating Income": 655,
        "EBIT": NaN,
        "Net Income": 473
    },
    "2018-03-31": {
        "Diluted EPS": 2.23,
        "Total Revenue": NaN,
        "Gross Profit": NaN,
        "Operating Income": 458,
        "EBIT": NaN,
        "Net Income": 333
    },
    "2017-12-31": {
        "Diluted EPS": 2.02,
        "Total Revenue": NaN,
        "Gross Profit": NaN,
        "Operating Income": 629,
        "EBIT": NaN,
        "Net Income": 302
    },
    "2017-09-30": {
        "Diluted EPS": 2.21,
        "Total Revenue": NaN,
        "Gross Profit": NaN,
        "Operating Income": 581,
        "EBIT": NaN,
        "Net Income": 336
    },
    "2017-06-30": {
        "Diluted EPS": 2.35,
        "Total Revenue": NaN,
        "Gross Profit": NaN,
        "Operating Income": 596,
        "EBIT": NaN,
        "Net Income": 361
    },
    "2017-03-31": {
        "Diluted EPS": 2.12,
        "Total Revenue": NaN,
        "Gross Profit": NaN,
        "Operating Income": 518,
        "EBIT": NaN,
        "Net Income": 329
    },
    "2016-12-31": {
        "Diluted EPS": 1.97,
        "Total Revenue": NaN,
        "Gross Profit": NaN,
        "Operating Income": 510,
        "EBIT": NaN,
        "Net Income": 308
    },
    "2016-09-30": {
        "Diluted EPS": 2.1,
        "Total Revenue": NaN,
        "Gross Profit": NaN,
        "Operating Income": 550,
        "EBIT": NaN,
        "Net Income": 327
    },
    "2016-06-30": {
        "Diluted EPS": 1.98,
        "Total Revenue": NaN,
        "Gross Profit": NaN,
        "Operating Income": 530,
        "EBIT": NaN,
        "Net Income": 313
    },
    "2016-03-31": {
        "Diluted EPS": 1.73,
        "Total Revenue": NaN,
        "Gross Profit": NaN,
        "Operating Income": 468,
        "EBIT": NaN,
        "Net Income": 276
    },
    "2015-12-31": {
        "Diluted EPS": 1.62,
        "Total Revenue": NaN,
        "Gross Profit": NaN,
        "Operating Income": 411,
        "EBIT": NaN,
        "Net Income": 248
    },
    "2015-09-30": {
        "Diluted EPS": 1.93,
        "Total Revenue": NaN,
        "Gross Profit": NaN,
        "Operating Income": 435,
        "EBIT": NaN,
        "Net Income": 257
    },
    "2015-06-30": {
        "Diluted EPS": 1.98,
        "Total Revenue": NaN,
        "Gross Profit": NaN,
        "Operating Income": 454,
        "EBIT": NaN,
        "Net Income": 263
    },
    "2015-03-31": {
        "Diluted EPS": 1.65,
        "Total Revenue": NaN,
        "Gross Profit": NaN,
        "Operating Income": 375,
        "EBIT": NaN,
        "Net Income": 219
    },
    "2014-12-31": {
        "Diluted EPS": 1.92,
        "Total Revenue": NaN,
        "Gross Profit": NaN,
        "Operating Income": 434,
        "EBIT": NaN,
        "Net Income": 254
    },
    "2014-09-30": {
        "Diluted EPS": 1.91,
        "Total Revenue": NaN,
        "Gross Profit": NaN,
        "Operating Income": 426,
        "EBIT": NaN,
        "Net Income": 252
    },
    "2014-06-30": {
        "Diluted EPS": 1.98,
        "Total Revenue": NaN,
        "Gross Profit": NaN,
        "Operating Income": 428,
        "EBIT": NaN,
        "Net Income": 261
    },
    "2014-03-31": {
        "Diluted EPS": 1.61,
        "Total Revenue": NaN,
        "Gross Profit": NaN,
        "Operating Income": 354,
        "EBIT": NaN,
        "Net Income": 212
    },
    "2013-12-31": {
        "Diluted EPS": 1.56,
        "Total Revenue": NaN,
        "Gross Profit": NaN,
        "Operating Income": 376,
        "EBIT": NaN,
        "Net Income": 203
    },
    "2013-09-30": {
        "Diluted EPS": 2.11,
        "Total Revenue": NaN,
        "Gross Profit": NaN,
        "Operating Income": 444,
        "EBIT": NaN,
        "Net Income": 275
    },
    "2013-06-30": {
        "Diluted EPS": 2.55,
        "Total Revenue": NaN,
        "Gross Profit": NaN,
        "Operating Income": 531,
        "EBIT": NaN,
        "Net Income": 329
    },
    "2013-03-31": {
        "Diluted EPS": 1.98,
        "Total Revenue": NaN,
        "Gross Profit": NaN,
        "Operating Income": 415,
        "EBIT": NaN,
        "Net Income": 255
    },
    "2012-12-31": {
        "Diluted EPS": 2.16,
        "Total Revenue": NaN,
        "Gross Profit": NaN,
        "Operating Income": 445,
        "EBIT": NaN,
        "Net Income": 277
    },
    "2012-09-30": {
        "Diluted EPS": 2.17,
        "Total Revenue": NaN,
        "Gross Profit": NaN,
        "Operating Income": 446,
        "EBIT": NaN,
        "Net Income": 274
    },
    "2012-06-30": {
        "Diluted EPS": 1.71,
        "Total Revenue": NaN,
        "Gross Profit": NaN,
        "Operating Income": 352,
        "EBIT": NaN,
        "Net Income": 215
    },
    "2012-03-31": {
        "Diluted EPS": 1.5,
        "Total Revenue": NaN,
        "Gross Profit": 997,
        "Operating Income": 308,
        "EBIT": NaN,
        "Net Income": 188
    },
    "2011-12-31": {
        "Diluted EPS": 1.02,
        "Total Revenue": NaN,
        "Gross Profit": NaN,
        "Operating Income": 203,
        "EBIT": NaN,
        "Net Income": 130
    },
    "2011-09-30": {
        "Diluted EPS": 1.32,
        "Total Revenue": NaN,
        "Gross Profit": 985,
        "Operating Income": 265,
        "EBIT": NaN,
        "Net Income": 165
    },
    "2011-06-30": {
        "Diluted EPS": 2.42,
        "Total Revenue": NaN,
        "Gross Profit": NaN,
        "Operating Income": 448,
        "EBIT": NaN,
        "Net Income": 297
    },
    "2011-03-31": {
        "Diluted EPS": 1.59,
        "Total Revenue": 982,
        "Gross Profit": 883,
        "Operating Income": 309,
        "EBIT": NaN,
        "Net Income": 190
    },
    "2010-12-31": {
        "Diluted EPS": 1.6,
        "Total Revenue": 970,
        "Gross Profit": 861,
        "Operating Income": 307,
        "EBIT": NaN,
        "Net Income": 189
    },
    "2010-09-30": {
        "Diluted EPS": 1.48,
        "Total Revenue": 976,
        "Gross Profit": 860,
        "Operating Income": 287,
        "EBIT": NaN,
        "Net Income": 177
    },
    "2010-06-30": {
        "Diluted EPS": 1.46,
        "Total Revenue": 958,
        "Gross Profit": 841,
        "Operating Income": 280,
        "EBIT": NaN,
        "Net Income": 174
    },
    "2010-03-31": {
        "Diluted EPS": 1.15,
        "Total Revenue": 934,
        "Gross Profit": 814,
        "Operating Income": 220,
        "EBIT": NaN,
        "Net Income": 136
    },
    "2009-12-31": {
        "Diluted EPS": 1.07,
        "Total Revenue": 959,
        "Gross Profit": 825,
        "Operating Income": 201,
        "EBIT": NaN,
        "Net Income": 123
    },
    "2009-09-30": {
        "Diluted EPS": 0.97,
        "Total Revenue": 979,
        "Gross Profit": 826,
        "Operating Income": 172,
        "EBIT": NaN,
        "Net Income": 114
    },
    "2009-06-30": {
        "Diluted EPS": 0.36,
        "Total Revenue": 949,
        "Gross Profit": 773,
        "Operating Income": 63,
        "EBIT": NaN,
        "Net Income": 41
    },
    "2009-03-31": {
        "Diluted EPS": 0.49,
        "Total Revenue": 887,
        "Gross Profit": 680,
        "Operating Income": 84,
        "EBIT": NaN,
        "Net Income": 55
    },
    "2023-09-30": {
        "Tax Effect Of Unusual Items": NaN,
        "Tax Rate For Calcs": NaN,
        "Total Unusual Items": NaN,
        "Total Unusual Items Excluding Goodwill": NaN,
        "Net Income From Continuing Operation Net Minority Interest": NaN,
        "Reconciled Depreciation": NaN,
        "Net Interest Income": NaN,
        "Interest Expense": NaN,
        "Interest Income": NaN,
        "Normalized Income": NaN,
        "Net Income From Continuing And Discontinued Operation": NaN,
        "Diluted Average Shares": NaN,
        "Basic Average Shares": NaN,
        "Diluted EPS": NaN,
        "Basic EPS": NaN,
        "Diluted NI Availto Com Stockholders": NaN,
        "Average Dilution Earnings": 3000.0,
        "Net Income Common Stockholders": NaN,
        "Otherunder Preferred Stock Dividend": NaN,
        "Preferred Stock Dividends": NaN,
        "Net Income": NaN,
        "Net Income Including Noncontrolling Interests": NaN,
        "Net Income Continuous Operations": NaN,
        "Tax Provision": NaN,
        "Pretax Income": NaN,
        "Special Income Charges": NaN,
        "Gain On Sale Of Business": 0.0,
        "Other Special Charges": NaN,
        "Restructuring And Mergern Acquisition": 0.0,
        "Gain On Sale Of Security": NaN,
        "Depreciation Amortization Depletion Income Statement": NaN,
        "Depreciation And Amortization In Income Statement": NaN,
        "Amortization": NaN,
        "Amortization Of Intangibles Income Statement": NaN,
        "Selling General And Administration": NaN,
        "Selling And Marketing Expense": NaN,
        "General And Administrative Expense": NaN,
        "Insurance And Claims": NaN,
        "Salaries And Wages": NaN,
        "Total Revenue": NaN,
        "Operating Revenue": NaN,
        "Occupancy And Equipment": NaN,
        "Professional Expense And Contract Services Expense": NaN,
        "Other Non Interest Expense": NaN
    },
    "2023-12-31": {
        "Tax Effect Of Unusual Items": NaN,
        "Tax Rate For Calcs": NaN,
        "Total Unusual Items": NaN,
        "Total Unusual Items Excluding Goodwill": NaN,
        "Net Income From Continuing Operation Net Minority Interest": NaN,
        "Reconciled Depreciation": NaN,
        "Net Interest Income": NaN,
        "Interest Expense": NaN,
        "Interest Income": NaN,
        "Normalized Income": NaN,
        "Net Income From Continuing And Discontinued Operation": NaN,
        "Diluted Average Shares": NaN,
        "Basic Average Shares": NaN,
        "Diluted EPS": NaN,
        "Basic EPS": NaN,
        "Diluted NI Availto Com Stockholders": NaN,
        "Net Income Common Stockholders": NaN,
        "Otherunder Preferred Stock Dividend": NaN,
        "Preferred Stock Dividends": NaN,
        "Net Income": NaN,
        "Net Income Including Noncontrolling Interests": NaN,
        "Net Income Continuous Operations": NaN,
        "Tax Provision": NaN,
        "Pretax Income": NaN,
        "Special Income Charges": NaN,
        "Gain On Sale Of Business": 0.0,
        "Other Special Charges": NaN,
        "Restructuring And Mergern Acquisition": 0.0,
        "Gain On Sale Of Security": NaN,
        "Depreciation Amortization Depletion Income Statement": NaN,
        "Depreciation And Amortization In Income Statement": NaN,
        "Amortization": NaN,
        "Amortization Of Intangibles Income Statement": NaN,
        "Selling General And Administration": NaN,
        "Selling And Marketing Expense": NaN,
        "General And Administrative Expense": NaN,
        "Insurance And Claims": NaN,
        "Salaries And Wages": NaN,
        "Total Revenue": NaN,
        "Operating Revenue": NaN,
        "Occupancy And Equipment": NaN,
        "Professional Expense And Contract Services Expense": NaN,
        "Other Non Interest Expense": NaN
    },
    "2024-03-31": {
        "Tax Effect Of Unusual Items": NaN,
        "Tax Rate For Calcs": NaN,
        "Total Unusual Items": -29000000.0,
        "Total Unusual Items Excluding Goodwill": -29000000.0,
        "Net Income From Continuing Operation Net Minority Interest": NaN,
        "Reconciled Depreciation": NaN,
        "Net Interest Income": NaN,
        "Interest Expense": NaN,
        "Interest Income": NaN,
        "Normalized Income": NaN,
        "Net Income From Continuing And Discontinued Operation": NaN,
        "Diluted Average Shares": NaN,
        "Basic Average Shares": NaN,
        "Diluted EPS": NaN,
        "Basic EPS": NaN,
        "Diluted NI Availto Com Stockholders": NaN,
        "Net Income Common Stockholders": NaN,
        "Otherunder Preferred Stock Dividend": 1000000.0,
        "Preferred Stock Dividends": NaN,
        "Net Income": NaN,
        "Net Income Including Noncontrolling Interests": NaN,
        "Net Income Continuous Operations": NaN,
        "Tax Provision": NaN,
        "Pretax Income": NaN,
        "Special Income Charges": -29000000.0,
        "Gain On Sale Of Business": NaN,
        "Other Special Charges": 29000000.0,
        "Restructuring And Mergern Acquisition": NaN,
        "Gain On Sale Of Security": NaN,
        "Depreciation Amortization Depletion Income Statement": NaN,
        "Depreciation And Amortization In Income Statement": NaN,
        "Amortization": NaN,
        "Amortization Of Intangibles Income Statement": NaN,
        "Selling General And Administration": NaN,
        "Selling And Marketing Expense": NaN,
        "General And Administrative Expense": NaN,
        "Insurance And Claims": NaN,
        "Salaries And Wages": NaN,
        "Total Revenue": NaN,
        "Operating Revenue": NaN,
        "Occupancy And Equipment": NaN,
        "Professional Expense And Contract Services Expense": NaN,
        "Other Non Interest Expense": NaN
    },
    "2024-06-30": {
        "Tax Effect Of Unusual Items": 0.0,
        "Tax Rate For Calcs": 0.233918,
        "Total Unusual Items": 0.0,
        "Total Unusual Items Excluding Goodwill": 0.0,
        "Net Income From Continuing Operation Net Minority Interest": 655000000.0,
        "Reconciled Depreciation": 127000000.0,
        "Net Interest Income": 1718000000.0,
        "Interest Expense": 1071000000.0,
        "Interest Income": 2789000000.0,
        "Normalized Income": 655000000.0,
        "Net Income From Continuing And Discontinued Operation": 655000000.0,
        "Diluted Average Shares": 167659000.0,
        "Basic Average Shares": 166933333.0,
        "Diluted EPS": 3.73,
        "Basic EPS": 3.75,
        "Diluted NI Availto Com Stockholders": 626000000.0,
        "Net Income Common Stockholders": 626000000.0,
        "Otherunder Preferred Stock Dividend": 2000000.0,
        "Preferred Stock Dividends": 27000000.0,
        "Net Income": 655000000.0,
        "Net Income Including Noncontrolling Interests": 655000000.0,
        "Net Income Continuous Operations": 655000000.0,
        "Tax Provision": 200000000.0,
        "Pretax Income": 855000000.0,
        "Special Income Charges": 0.0,
        "Gain On Sale Of Business": 0.0,
        "Other Special Charges": NaN,
        "Restructuring And Mergern Acquisition": NaN,
        "Gain On Sale Of Security": -8000000.0,
        "Depreciation Amortization Depletion Income Statement": 13000000.0,
        "Depreciation And Amortization In Income Statement": 13000000.0,
        "Amortization": 13000000.0,
        "Amortization Of Intangibles Income Statement": 13000000.0,
        "Selling General And Administration": 828000000.0,
        "Selling And Marketing Expense": 27000000.0,
        "General And Administrative Expense": 801000000.0,
        "Insurance And Claims": 37000000.0,
        "Salaries And Wages": 764000000.0,
        "Total Revenue": 2302000000.0,
        "Operating Revenue": 2302000000.0,
        "Occupancy And Equipment": 125000000.0,
        "Professional Expense And Contract Services Expense": 91000000.0,
        "Other Non Interest Expense": 240000000.0
    },
    "2024-09-30": {
        "Tax Effect Of Unusual Items": 0.0,
        "Tax Rate For Calcs": 0.207,
        "Total Unusual Items": 0.0,
        "Total Unusual Items Excluding Goodwill": 0.0,
        "Net Income From Continuing Operation Net Minority Interest": 721000000.0,
        "Reconciled Depreciation": 122000000.0,
        "Net Interest Income": 1726000000.0,
        "Interest Expense": 1059000000.0,
        "Interest Income": 2785000000.0,
        "Normalized Income": 721000000.0,
        "Net Income From Continuing And Discontinued Operation": 721000000.0,
        "Diluted Average Shares": 167567000.0,
        "Basic Average Shares": 166831683.0,
        "Diluted EPS": 4.02,
        "Basic EPS": 4.04,
        "Diluted NI Availto Com Stockholders": 674000000.0,
        "Net Income Common Stockholders": 674000000.0,
        "Otherunder Preferred Stock Dividend": NaN,
        "Preferred Stock Dividends": 47000000.0,
        "Net Income": 721000000.0,
        "Net Income Including Noncontrolling Interests": 721000000.0,
        "Net Income Continuous Operations": 721000000.0,
        "Tax Provision": 188000000.0,
        "Pretax Income": 909000000.0,
        "Special Income Charges": 0.0,
        "Gain On Sale Of Business": 0.0,
        "Other Special Charges": NaN,
        "Restructuring And Mergern Acquisition": NaN,
        "Gain On Sale Of Security": -2000000.0,
        "Depreciation Amortization Depletion Income Statement": 12000000.0,
        "Depreciation And Amortization In Income Statement": 12000000.0,
        "Amortization": 12000000.0,
        "Amortization Of Intangibles Income Statement": 12000000.0,
        "Selling General And Administration": 827000000.0,
        "Selling And Marketing Expense": 27000000.0,
        "General And Administrative Expense": 800000000.0,
        "Insurance And Claims": 25000000.0,
        "Salaries And Wages": 775000000.0,
        "Total Revenue": 2332000000.0,
        "Operating Revenue": 2332000000.0,
        "Occupancy And Equipment": 125000000.0,
        "Professional Expense And Contract Services Expense": 88000000.0,
        "Other Non Interest Expense": 251000000.0
    },
    "2024-12-31": {
        "Tax Effect Of Unusual Items": -7748299.319728,
        "Tax Rate For Calcs": 0.227891,
        "Total Unusual Items": -34000000.0,
        "Total Unusual Items Excluding Goodwill": -34000000.0,
        "Net Income From Continuing Operation Net Minority Interest": 681000000.0,
        "Reconciled Depreciation": 129000000.0,
        "Net Interest Income": 1728000000.0,
        "Interest Expense": 979000000.0,
        "Interest Income": 2707000000.0,
        "Normalized Income": 707251700.680272,
        "Net Income From Continuing And Discontinued Operation": 681000000.0,
        "Diluted Average Shares": 166969000.0,
        "Basic Average Shares": 165979381.0,
        "Diluted EPS": 3.86,
        "Basic EPS": 3.88,
        "Diluted NI Availto Com Stockholders": 644000000.0,
        "Net Income Common Stockholders": 644000000.0,
        "Otherunder Preferred Stock Dividend": 2000000.0,
        "Preferred Stock Dividends": 35000000.0,
        "Net Income": 681000000.0,
        "Net Income Including Noncontrolling Interests": 681000000.0,
        "Net Income Continuous Operations": 681000000.0,
        "Tax Provision": 201000000.0,
        "Pretax Income": 882000000.0,
        "Special Income Charges": -34000000.0,
        "Gain On Sale Of Business": 0.0,
        "Other Special Charges": NaN,
        "Restructuring And Mergern Acquisition": NaN,
        "Gain On Sale Of Security": 18000000.0,
        "Depreciation Amortization Depletion Income Statement": 13000000.0,
        "Depreciation And Amortization In Income Statement": 13000000.0,
        "Amortization": 13000000.0,
        "Amortization Of Intangibles Income Statement": 13000000.0,
        "Selling General And Administration": 810000000.0,
        "Selling And Marketing Expense": 30000000.0,
        "General And Administrative Expense": 780000000.0,
        "Insurance And Claims": -10000000.0,
        "Salaries And Wages": 790000000.0,
        "Total Revenue": 2362000000.0,
        "Operating Revenue": 2362000000.0,
        "Occupancy And Equipment": 133000000.0,
        "Professional Expense And Contract Services Expense": 80000000.0,
        "Other Non Interest Expense": 293000000.0
    },
    "2025-03-31": {
        "Tax Effect Of Unusual Items": 0.0,
        "Tax Rate For Calcs": 0.232,
        "Total Unusual Items": NaN,
        "Total Unusual Items Excluding Goodwill": NaN,
        "Net Income From Continuing Operation Net Minority Interest": 584000000.0,
        "Reconciled Depreciation": 130000000.0,
        "Net Interest Income": 1695000000.0,
        "Interest Expense": 865000000.0,
        "Interest Income": 2560000000.0,
        "Normalized Income": 584000000.0,
        "Net Income From Continuing And Discontinued Operation": 584000000.0,
        "Diluted Average Shares": 165047000.0,
        "Basic Average Shares": 164264264.0,
        "Diluted EPS": 3.32,
        "Basic EPS": 3.33,
        "Diluted NI Availto Com Stockholders": 547000000.0,
        "Net Income Common Stockholders": 547000000.0,
        "Otherunder Preferred Stock Dividend": 1000000.0,
        "Preferred Stock Dividends": 36000000.0,
        "Net Income": 584000000.0,
        "Net Income Including Noncontrolling Interests": 584000000.0,
        "Net Income Continuous Operations": 584000000.0,
        "Tax Provision": 177000000.0,
        "Pretax Income": 761000000.0,
        "Special Income Charges": NaN,
        "Gain On Sale Of Business": NaN,
        "Other Special Charges": NaN,
        "Restructuring And Mergern Acquisition": NaN,
        "Gain On Sale Of Security": 0.0,
        "Depreciation Amortization Depletion Income Statement": 13000000.0,
        "Depreciation And Amortization In Income Statement": 13000000.0,
        "Amortization": 13000000.0,
        "Amortization Of Intangibles Income Statement": 13000000.0,
        "Selling General And Administration": 932000000.0,
        "Selling And Marketing Expense": 22000000.0,
        "General And Administrative Expense": 910000000.0,
        "Insurance And Claims": 23000000.0,
        "Salaries And Wages": 887000000.0,
        "Total Revenue": 2306000000.0,
        "Operating Revenue": 2306000000.0,
        "Occupancy And Equipment": 132000000.0,
        "Professional Expense And Contract Services Expense": 84000000.0,
        "Other Non Interest Expense": 254000000.0
    },
    "2025-06-30": {
        "Tax Effect Of Unusual Items": 2340000.0,
        "Tax Rate For Calcs": 0.234,
        "Total Unusual Items": 10000000.0,
        "Total Unusual Items Excluding Goodwill": 10000000.0,
        "Net Income From Continuing Operation Net Minority Interest": 716000000.0,
        "Reconciled Depreciation": 124000000.0,
        "Net Interest Income": 1713000000.0,
        "Interest Expense": 896000000.0,
        "Interest Income": 2609000000.0,
        "Normalized Income": 708340000.0,
        "Net Income From Continuing And Discontinued Operation": 716000000.0,
        "Diluted Average Shares": 160005000.0,
        "Basic Average Shares": 159389671.0,
        "Diluted EPS": 4.24,
        "Basic EPS": 4.26,
        "Diluted NI Availto Com Stockholders": 679000000.0,
        "Net Income Common Stockholders": 679000000.0,
        "Otherunder Preferred Stock Dividend": 2000000.0,
        "Preferred Stock Dividends": 35000000.0,
        "Net Income": 716000000.0,
        "Net Income Including Noncontrolling Interests": 716000000.0,
        "Net Income Continuous Operations": 716000000.0,
        "Tax Provision": 219000000.0,
        "Pretax Income": 935000000.0,
        "Special Income Charges": 10000000.0,
        "Gain On Sale Of Business": 10000000.0,
        "Other Special Charges": NaN,
        "Restructuring And Mergern Acquisition": NaN,
        "Gain On Sale Of Security": 0.0,
        "Depreciation Amortization Depletion Income Statement": 9000000.0,
        "Depreciation And Amortization In Income Statement": 9000000.0,
        "Amortization": 9000000.0,
        "Amortization Of Intangibles Income Statement": 9000000.0,
        "Selling General And Administration": 860000000.0,
        "Selling And Marketing Expense": 25000000.0,
        "General And Administrative Expense": 835000000.0,
        "Insurance And Claims": 22000000.0,
        "Salaries And Wages": 813000000.0,
        "Total Revenue": 2386000000.0,
        "Operating Revenue": 2386000000.0,
        "Occupancy And Equipment": 130000000.0,
        "Professional Expense And Contract Services Expense": 86000000.0,
        "Other Non Interest Expense": 251000000.0
    }
}