{
    "2023-03-31": {
        "Tax Effect Of Unusual Items": NaN,
        "Tax Rate For Calcs": NaN,
        "Normalized EBITDA": NaN,
        "Total Unusual Items": NaN,
        "Total Unusual Items Excluding Goodwill": NaN,
        "Net Income From Continuing Operation Net Minority Interest": NaN,
        "Reconciled Depreciation": NaN,
        "EBITDA": NaN,
        "EBIT": NaN,
        "Net Interest Income": NaN,
        "Interest Expense": NaN,
        "Interest Income": NaN,
        "Normalized Income": NaN,
        "Net Income From Continuing And Discontinued Operation": NaN,
        "Total Expenses": NaN,
        "Total Operating Income As Reported": NaN,
        "Diluted Average Shares": 3756711.0,
        "Basic Average Shares": 3756711.0,
        "Diluted EPS": 2.89,
        "Basic EPS": 2.89,
        "Diluted NI Availto Com Stockholders": NaN,
        "Net Income Common Stockholders": NaN,
        "Net Income": NaN,
        "Net Income Including Noncontrolling Interests": NaN,
        "Net Income Continuous Operations": NaN,
        "Tax Provision": NaN,
        "Pretax Income": NaN,
        "Other Income Expense": NaN,
        "Special Income Charges": NaN,
        "Gain On Sale Of Ppe": NaN,
        "Other Special Charges": NaN,
        "Restructuring And Mergern Acquisition": NaN,
        "Net Non Operating Interest Income Expense": NaN,
        "Interest Expense Non Operating": NaN,
        "Interest Income Non Operating": NaN,
        "Operating Income": NaN,
        "Operating Expense": NaN,
        "Other Operating Expenses": NaN,
        "Research And Development": NaN,
        "Selling General And Administration": NaN,
        "General And Administrative Expense": NaN,
        "Other Gand A": NaN,
        "Total Revenue": NaN,
        "Operating Revenue": NaN
    },
    "2022-12-31": {
        "Tax Effect Of Unusual Items": NaN,
        "Tax Rate For Calcs": NaN,
        "Normalized EBITDA": NaN,
        "Total Unusual Items": NaN,
        "Total Unusual Items Excluding Goodwill": NaN,
        "Net Income From Continuing Operation Net Minority Interest": NaN,
        "Reconciled Depreciation": NaN,
        "EBITDA": NaN,
        "EBIT": NaN,
        "Net Interest Income": NaN,
        "Interest Expense": NaN,
        "Interest Income": NaN,
        "Normalized Income": NaN,
        "Net Income From Continuing And Discontinued Operation": NaN,
        "Total Expenses": NaN,
        "Total Operating Income As Reported": NaN,
        "Diluted Average Shares": NaN,
        "Basic Average Shares": NaN,
        "Diluted EPS": NaN,
        "Basic EPS": NaN,
        "Diluted NI Availto Com Stockholders": NaN,
        "Net Income Common Stockholders": NaN,
        "Net Income": NaN,
        "Net Income Including Noncontrolling Interests": NaN,
        "Net Income Continuous Operations": NaN,
        "Tax Provision": 27000.0,
        "Pretax Income": NaN,
        "Other Income Expense": NaN,
        "Special Income Charges": NaN,
        "Gain On Sale Of Ppe": NaN,
        "Other Special Charges": NaN,
        "Restructuring And Mergern Acquisition": NaN,
        "Net Non Operating Interest Income Expense": NaN,
        "Interest Expense Non Operating": NaN,
        "Interest Income Non Operating": NaN,
        "Operating Income": NaN,
        "Operating Expense": NaN,
        "Other Operating Expenses": NaN,
        "Research And Development": NaN,
        "Selling General And Administration": NaN,
        "General And Administrative Expense": NaN,
        "Other Gand A": NaN,
        "Total Revenue": NaN,
        "Operating Revenue": NaN
    },
    "2022-09-30": {
        "Tax Effect Of Unusual Items": NaN,
        "Tax Rate For Calcs": NaN,
        "Normalized EBITDA": NaN,
        "Total Unusual Items": NaN,
        "Total Unusual Items Excluding Goodwill": NaN,
        "Net Income From Continuing Operation Net Minority Interest": NaN,
        "Reconciled Depreciation": NaN,
        "EBITDA": NaN,
        "EBIT": NaN,
        "Net Interest Income": NaN,
        "Interest Expense": NaN,
        "Interest Income": NaN,
        "Normalized Income": NaN,
        "Net Income From Continuing And Discontinued Operation": NaN,
        "Total Expenses": NaN,
        "Total Operating Income As Reported": NaN,
        "Diluted Average Shares": NaN,
        "Basic Average Shares": NaN,
        "Diluted EPS": NaN,
        "Basic EPS": NaN,
        "Diluted NI Availto Com Stockholders": NaN,
        "Net Income Common Stockholders": NaN,
        "Net Income": NaN,
        "Net Income Including Noncontrolling Interests": NaN,
        "Net Income Continuous Operations": NaN,
        "Tax Provision": 26000.0,
        "Pretax Income": NaN,
        "Other Income Expense": -28000.0,
        "Special Income Charges": NaN,
        "Gain On Sale Of Ppe": -28000.0,
        "Other Special Charges": NaN,
        "Restructuring And Mergern Acquisition": NaN,
        "Net Non Operating Interest Income Expense": NaN,
        "Interest Expense Non Operating": NaN,
        "Interest Income Non Operating": NaN,
        "Operating Income": NaN,
        "Operating Expense": NaN,
        "Other Operating Expenses": NaN,
        "Research And Development": NaN,
        "Selling General And Administration": NaN,
        "General And Administrative Expense": NaN,
        "Other Gand A": NaN,
        "Total Revenue": NaN,
        "Operating Revenue": NaN
    },
    "2022-06-30": {
        "Tax Effect Of Unusual Items": 0.0,
        "Tax Rate For Calcs": 0.0,
        "Normalized EBITDA": -23653000.0,
        "Total Unusual Items": NaN,
        "Total Unusual Items Excluding Goodwill": NaN,
        "Net Income From Continuing Operation Net Minority Interest": -24745000.0,
        "Reconciled Depreciation": 1876000.0,
        "EBITDA": -23653000.0,
        "EBIT": -23653000.0,
        "Net Interest Income": -906000.0,
        "Interest Expense": 1092000.0,
        "Interest Income": 186000.0,
        "Normalized Income": -24745000.0,
        "Net Income From Continuing And Discontinued Operation": -24745000.0,
        "Total Expenses": 28256000.0,
        "Total Operating Income As Reported": -23839000.0,
        "Diluted Average Shares": 3755305.0,
        "Basic Average Shares": 3755305.0,
        "Diluted EPS": -6.6,
        "Basic EPS": -6.6,
        "Diluted NI Availto Com Stockholders": -24745000.0,
        "Net Income Common Stockholders": -24745000.0,
        "Net Income": -24745000.0,
        "Net Income Including Noncontrolling Interests": -24745000.0,
        "Net Income Continuous Operations": -24745000.0,
        "Tax Provision": NaN,
        "Pretax Income": -24745000.0,
        "Other Income Expense": NaN,
        "Special Income Charges": NaN,
        "Gain On Sale Of Ppe": NaN,
        "Other Special Charges": NaN,
        "Restructuring And Mergern Acquisition": NaN,
        "Net Non Operating Interest Income Expense": -906000.0,
        "Interest Expense Non Operating": 1092000.0,
        "Interest Income Non Operating": 186000.0,
        "Operating Income": -23839000.0,
        "Operating Expense": 28256000.0,
        "Other Operating Expenses": NaN,
        "Research And Development": 21690000.0,
        "Selling General And Administration": 6566000.0,
        "General And Administrative Expense": 6566000.0,
        "Other Gand A": 6566000.0,
        "Total Revenue": 4417000.0,
        "Operating Revenue": 4417000.0
    },
    "2022-03-31": {
        "Diluted EPS": -0.38,
        "Total Revenue": 8,
        "Gross Profit": 8,
        "Operating Income": -21,
        "EBIT": -19,
        "Net Income": -22
    },
    "2021-12-31": {
        "Diluted EPS": -0.17,
        "Total Revenue": 18,
        "Gross Profit": 18,
        "Operating Income": -9,
        "EBIT": -7,
        "Net Income": -10
    },
    "2021-09-30": {
        "Diluted EPS": -0.54,
        "Total Revenue": 2,
        "Gross Profit": 2,
        "Operating Income": -30,
        "EBIT": -28,
        "Net Income": -30
    },
    "2021-06-30": {
        "Diluted EPS": -0.28,
        "Total Revenue": 15,
        "Gross Profit": 15,
        "Operating Income": -15,
        "EBIT": -13,
        "Net Income": -16
    },
    "2021-03-31": {
        "Diluted EPS": -0.51,
        "Total Revenue": 3,
        "Gross Profit": 3,
        "Operating Income": -26,
        "EBIT": -25,
        "Net Income": -27
    },
    "2020-12-31": {
        "Diluted EPS": -0.57,
        "Total Revenue": 3,
        "Gross Profit": 3,
        "Operating Income": -26,
        "EBIT": -24,
        "Net Income": -28
    },
    "2020-09-30": {
        "Diluted EPS": -0.47,
        "Total Revenue": 4,
        "Gross Profit": 4,
        "Operating Income": -23,
        "EBIT": -22,
        "Net Income": -23
    },
    "2020-06-30": {
        "Diluted EPS": -0.68,
        "Total Revenue": 7,
        "Gross Profit": 7,
        "Operating Income": -30,
        "EBIT": -29,
        "Net Income": -31
    },
    "2020-03-31": {
        "Diluted EPS": -0.48,
        "Total Revenue": 4,
        "Gross Profit": 4,
        "Operating Income": -22,
        "EBIT": -21,
        "Net Income": -22
    },
    "2019-12-31": {
        "Diluted EPS": -0.41,
        "Total Revenue": 6,
        "Gross Profit": 6,
        "Operating Income": -16,
        "EBIT": -16,
        "Net Income": -16
    },
    "2019-09-30": {
        "Diluted EPS": -1.03,
        "Total Revenue": 4,
        "Gross Profit": 4,
        "Operating Income": -38,
        "EBIT": -38,
        "Net Income": -38
    },
    "2019-06-30": {
        "Diluted EPS": -0.25,
        "Total Revenue": 5,
        "Gross Profit": 5,
        "Operating Income": -9,
        "EBIT": -9,
        "Net Income": -9
    },
    "2019-03-31": {
        "Diluted EPS": -0.17,
        "Total Revenue": 7,
        "Gross Profit": 7,
        "Operating Income": -6,
        "EBIT": -6,
        "Net Income": -6
    },
    "2018-12-31": {
        "Diluted EPS": -0.15,
        "Total Revenue": 5,
        "Gross Profit": 5,
        "Operating Income": -7,
        "EBIT": -6,
        "Net Income": -7
    },
    "2018-09-30": {
        "Diluted EPS": -0.19,
        "Total Revenue": 7,
        "Gross Profit": 7,
        "Operating Income": -5,
        "EBIT": -5,
        "Net Income": -5
    },
    "2018-06-30": {
        "Diluted EPS": -0.36,
        "Total Revenue": 1,
        "Gross Profit": 1,
        "Operating Income": -10,
        "EBIT": -10,
        "Net Income": -10
    },
    "2018-03-31": {
        "Diluted EPS": -0.32,
        "Total Revenue": 0,
        "Gross Profit": 0,
        "Operating Income": -9,
        "EBIT": -9,
        "Net Income": -9
    },
    "2017-12-31": {
        "Diluted EPS": -0.26,
        "Total Revenue": 1,
        "Gross Profit": 1,
        "Operating Income": -7,
        "EBIT": -7,
        "Net Income": -7
    },
    "2017-09-30": {
        "Diluted EPS": -0.62,
        "Total Revenue": 1,
        "Gross Profit": 1,
        "Operating Income": -6,
        "EBIT": -6,
        "Net Income": -11
    },
    "2017-06-30": {
        "Diluted EPS": -20.76,
        "Total Revenue": 0,
        "Gross Profit": 0,
        "Operating Income": -4,
        "EBIT": -3,
        "Net Income": -4
    },
    "2017-03-31": {
        "Diluted EPS": -7.56,
        "Total Revenue": 2,
        "Gross Profit": 2,
        "Operating Income": -1,
        "EBIT": -1,
        "Net Income": -2
    },
    "2016-12-31": {
        "Diluted EPS": -13.82,
        "Total Revenue": 0,
        "Gross Profit": 0,
        "Operating Income": -2,
        "EBIT": -2,
        "Net Income": -3
    },
    "2016-09-30": {
        "Diluted EPS": -11.89,
        "Total Revenue": NaN,
        "Gross Profit": NaN,
        "Operating Income": -3,
        "EBIT": -3,
        "Net Income": -4
    },
    "2016-06-30": {
        "Diluted EPS": -1.1,
        "Total Revenue": NaN,
        "Gross Profit": NaN,
        "Operating Income": -6,
        "EBIT": -6,
        "Net Income": -7
    },
    "2016-03-31": {
        "Diluted EPS": -1.21,
        "Total Revenue": NaN,
        "Gross Profit": NaN,
        "Operating Income": -8,
        "EBIT": -8,
        "Net Income": -8
    },
    "2015-12-31": {
        "Diluted EPS": 10.12,
        "Total Revenue": 66,
        "Gross Profit": 66,
        "Operating Income": 52,
        "EBIT": 53,
        "Net Income": 70
    },
    "2015-09-30": {
        "Diluted EPS": -0.99,
        "Total Revenue": 4,
        "Gross Profit": 4,
        "Operating Income": -7,
        "EBIT": -7,
        "Net Income": -6
    },
    "2015-06-30": {
        "Diluted EPS": -1.32,
        "Total Revenue": 4,
        "Gross Profit": 4,
        "Operating Income": -9,
        "EBIT": -9,
        "Net Income": -8
    },
    "2015-03-31": {
        "Diluted EPS": -1.87,
        "Total Revenue": 4,
        "Gross Profit": 4,
        "Operating Income": -10,
        "EBIT": -9,
        "Net Income": -11
    },
    "2014-12-31": {
        "Diluted EPS": -0.88,
        "Total Revenue": 4,
        "Gross Profit": 4,
        "Operating Income": -8,
        "EBIT": -7,
        "Net Income": -6
    },
    "2014-09-30": {
        "Diluted EPS": -1.65,
        "Total Revenue": 4,
        "Gross Profit": 4,
        "Operating Income": -8,
        "EBIT": -7,
        "Net Income": -8
    },
    "2014-06-30": {
        "Diluted EPS": -1.32,
        "Total Revenue": 4,
        "Gross Profit": 4,
        "Operating Income": -7,
        "EBIT": -7,
        "Net Income": -1
    },
    "2014-03-31": {
        "Diluted EPS": -1.54,
        "Total Revenue": 4,
        "Gross Profit": 4,
        "Operating Income": -9,
        "EBIT": -8,
        "Net Income": -7
    },
    "2013-12-31": {
        "Diluted EPS": -0.33,
        "Total Revenue": 3,
        "Gross Profit": 3,
        "Operating Income": -8,
        "EBIT": -7,
        "Net Income": -8
    },
    "2013-09-30": {
        "Diluted EPS": -0.88,
        "Total Revenue": 3,
        "Gross Profit": 3,
        "Operating Income": -5,
        "EBIT": -5,
        "Net Income": 1
    },
    "2013-06-30": {
        "Diluted EPS": -2.42,
        "Total Revenue": 3,
        "Gross Profit": 3,
        "Operating Income": -7,
        "EBIT": -7,
        "Net Income": -13
    },
    "2013-03-31": {
        "Diluted EPS": -1.76,
        "Total Revenue": 3,
        "Gross Profit": 3,
        "Operating Income": -6,
        "EBIT": -6,
        "Net Income": -9
    },
    "2012-12-31": {
        "Diluted EPS": 11.99,
        "Total Revenue": 2,
        "Gross Profit": 2,
        "Operating Income": -6,
        "EBIT": -6,
        "Net Income": 28
    },
    "2012-09-30": {
        "Diluted EPS": -0.66,
        "Total Revenue": 2,
        "Gross Profit": 2,
        "Operating Income": -4,
        "EBIT": -4,
        "Net Income": -1
    },
    "2012-06-30": {
        "Diluted EPS": -0.44,
        "Total Revenue": 2,
        "Gross Profit": 2,
        "Operating Income": -3,
        "EBIT": -3,
        "Net Income": 17
    },
    "2012-03-31": {
        "Diluted EPS": -25.3,
        "Total Revenue": 0,
        "Gross Profit": 0,
        "Operating Income": -7,
        "EBIT": -7,
        "Net Income": -116
    },
    "2011-12-31": {
        "Diluted EPS": -0.99,
        "Total Revenue": NaN,
        "Gross Profit": NaN,
        "Operating Income": -8,
        "EBIT": -8,
        "Net Income": -5
    },
    "2011-09-30": {
        "Diluted EPS": -0.88,
        "Total Revenue": NaN,
        "Gross Profit": NaN,
        "Operating Income": -8,
        "EBIT": -8,
        "Net Income": -4
    },
    "2011-06-30": {
        "Diluted EPS": -1.76,
        "Total Revenue": NaN,
        "Gross Profit": NaN,
        "Operating Income": -7,
        "EBIT": -7,
        "Net Income": -8
    },
    "2011-03-31": {
        "Diluted EPS": -2.53,
        "Total Revenue": NaN,
        "Gross Profit": NaN,
        "Operating Income": -7,
        "EBIT": -7,
        "Net Income": -8
    },
    "2010-12-31": {
        "Diluted EPS": -2.09,
        "Total Revenue": NaN,
        "Gross Profit": NaN,
        "Operating Income": -6,
        "EBIT": -6,
        "Net Income": -7
    },
    "2010-09-30": {
        "Diluted EPS": -1.98,
        "Total Revenue": NaN,
        "Gross Profit": NaN,
        "Operating Income": -6,
        "EBIT": -6,
        "Net Income": -6
    },
    "2010-06-30": {
        "Diluted EPS": -0.11,
        "Total Revenue": NaN,
        "Gross Profit": NaN,
        "Operating Income": -6,
        "EBIT": -6,
        "Net Income": 0
    },
    "2010-03-31": {
        "Diluted EPS": -1.98,
        "Total Revenue": NaN,
        "Gross Profit": NaN,
        "Operating Income": -6,
        "EBIT": -6,
        "Net Income": -6
    },
    "2009-12-31": {
        "Diluted EPS": 0.33,
        "Total Revenue": NaN,
        "Gross Profit": NaN,
        "Operating Income": -5,
        "EBIT": -5,
        "Net Income": -5
    },
    "2009-09-30": {
        "Diluted EPS": -4.4,
        "Total Revenue": NaN,
        "Gross Profit": NaN,
        "Operating Income": -5,
        "EBIT": -5,
        "Net Income": -6
    },
    "2009-06-30": {
        "Diluted EPS": -4.51,
        "Total Revenue": NaN,
        "Gross Profit": NaN,
        "Operating Income": -5,
        "EBIT": -5,
        "Net Income": -6
    },
    "2009-03-31": {
        "Diluted EPS": -4.73,
        "Total Revenue": NaN,
        "Gross Profit": NaN,
        "Operating Income": -5,
        "EBIT": -5,
        "Net Income": -7
    },
    "2023-06-30": {
        "Tax Effect Of Unusual Items": 0.0,
        "Tax Rate For Calcs": 0.0,
        "Normalized EBITDA": -9366000.0,
        "Total Unusual Items": 1699000.0,
        "Total Unusual Items Excluding Goodwill": 1699000.0,
        "Net Income From Continuing Operation Net Minority Interest": -10868000.0,
        "Reconciled Depreciation": 2012000.0,
        "EBITDA": -7667000.0,
        "EBIT": -9679000.0,
        "Net Interest Income": -824000.0,
        "Interest Expense": 1189000.0,
        "Interest Income": 365000.0,
        "Normalized Income": -12567000.0,
        "Net Income From Continuing And Discontinued Operation": -10868000.0,
        "Total Expenses": 18370000.0,
        "Total Operating Income As Reported": -11743000.0,
        "Diluted Average Shares": 3756711.0,
        "Basic Average Shares": 3756711.0,
        "Diluted EPS": -2.89,
        "Basic EPS": -2.89,
        "Diluted NI Availto Com Stockholders": -10868000.0,
        "Net Income Common Stockholders": -10868000.0,
        "Net Income": -10868000.0,
        "Net Income Including Noncontrolling Interests": -10868000.0,
        "Net Income Continuous Operations": -10868000.0,
        "Tax Provision": NaN,
        "Pretax Income": -10868000.0,
        "Other Income Expense": 1699000.0,
        "Special Income Charges": 1699000.0,
        "Gain On Sale Of Ppe": -399000.0,
        "Other Special Charges": -1795000.0,
        "Restructuring And Mergern Acquisition": -303000.0,
        "Net Non Operating Interest Income Expense": -824000.0,
        "Interest Expense Non Operating": 1189000.0,
        "Interest Income Non Operating": 365000.0,
        "Operating Income": -11743000.0,
        "Operating Expense": 18370000.0,
        "Other Operating Expenses": -238000.0,
        "Research And Development": 13413000.0,
        "Selling General And Administration": 5195000.0,
        "General And Administrative Expense": 5195000.0,
        "Other Gand A": 5195000.0,
        "Total Revenue": 6627000.0,
        "Operating Revenue": 6627000.0
    },
    "2023-09-30": {
        "Tax Effect Of Unusual Items": 0.0,
        "Tax Rate For Calcs": 0.0,
        "Normalized EBITDA": -3420000.0,
        "Total Unusual Items": 805000.0,
        "Total Unusual Items Excluding Goodwill": 805000.0,
        "Net Income From Continuing Operation Net Minority Interest": -4153000.0,
        "Reconciled Depreciation": 1507000.0,
        "EBITDA": -2615000.0,
        "EBIT": -4122000.0,
        "Net Interest Income": 179000.0,
        "Interest Expense": 31000.0,
        "Interest Income": 210000.0,
        "Normalized Income": -4958000.0,
        "Net Income From Continuing And Discontinued Operation": -4153000.0,
        "Total Expenses": 10869000.0,
        "Total Operating Income As Reported": -5137000.0,
        "Diluted Average Shares": 5092859.0,
        "Basic Average Shares": 5092859.0,
        "Diluted EPS": -0.82,
        "Basic EPS": -0.82,
        "Diluted NI Availto Com Stockholders": -4153000.0,
        "Net Income Common Stockholders": -4153000.0,
        "Net Income": -4153000.0,
        "Net Income Including Noncontrolling Interests": -4153000.0,
        "Net Income Continuous Operations": -4153000.0,
        "Tax Provision": 0.0,
        "Pretax Income": -4153000.0,
        "Other Income Expense": 805000.0,
        "Special Income Charges": 805000.0,
        "Gain On Sale Of Ppe": -76000.0,
        "Other Special Charges": NaN,
        "Restructuring And Mergern Acquisition": -881000.0,
        "Net Non Operating Interest Income Expense": 179000.0,
        "Interest Expense Non Operating": 31000.0,
        "Interest Income Non Operating": 210000.0,
        "Operating Income": -5137000.0,
        "Operating Expense": 10869000.0,
        "Other Operating Expenses": -1064000.0,
        "Research And Development": 7624000.0,
        "Selling General And Administration": 4309000.0,
        "General And Administrative Expense": 4309000.0,
        "Other Gand A": 4309000.0,
        "Total Revenue": 5732000.0,
        "Operating Revenue": 5732000.0
    },
    "2023-12-31": {
        "Tax Effect Of Unusual Items": 3537.004294,
        "Tax Rate For Calcs": 0.002778,
        "Normalized EBITDA": -3995000.0,
        "Total Unusual Items": 1273000.0,
        "Total Unusual Items Excluding Goodwill": 1273000.0,
        "Net Income From Continuing Operation Net Minority Interest": -3948000.0,
        "Reconciled Depreciation": 1198000.0,
        "EBITDA": -2722000.0,
        "EBIT": -3920000.0,
        "Net Interest Income": 139000.0,
        "Interest Expense": 39000.0,
        "Interest Income": 178000.0,
        "Normalized Income": -5217462.995706,
        "Net Income From Continuing And Discontinued Operation": -3948000.0,
        "Total Expenses": 12010000.0,
        "Total Operating Income As Reported": -5371000.0,
        "Diluted Average Shares": NaN,
        "Basic Average Shares": NaN,
        "Diluted EPS": NaN,
        "Basic EPS": NaN,
        "Diluted NI Availto Com Stockholders": -3948000.0,
        "Net Income Common Stockholders": -3948000.0,
        "Net Income": -3948000.0,
        "Net Income Including Noncontrolling Interests": -3948000.0,
        "Net Income Continuous Operations": -3948000.0,
        "Tax Provision": -11000.0,
        "Pretax Income": -3959000.0,
        "Other Income Expense": 1273000.0,
        "Special Income Charges": 1273000.0,
        "Gain On Sale Of Ppe": 0.0,
        "Other Special Charges": 0.0,
        "Restructuring And Mergern Acquisition": -1273000.0,
        "Net Non Operating Interest Income Expense": 139000.0,
        "Interest Expense Non Operating": 39000.0,
        "Interest Income Non Operating": 178000.0,
        "Operating Income": -5371000.0,
        "Operating Expense": 12010000.0,
        "Other Operating Expenses": -377000.0,
        "Research And Development": 8796000.0,
        "Selling General And Administration": 3591000.0,
        "General And Administrative Expense": 3591000.0,
        "Other Gand A": 3591000.0,
        "Total Revenue": 6639000.0,
        "Operating Revenue": 6639000.0
    },
    "2024-03-31": {
        "Tax Effect Of Unusual Items": 114240.0,
        "Tax Rate For Calcs": 0.21,
        "Normalized EBITDA": 1181000.0,
        "Total Unusual Items": 544000.0,
        "Total Unusual Items Excluding Goodwill": 544000.0,
        "Net Income From Continuing Operation Net Minority Interest": 572000.0,
        "Reconciled Depreciation": 1122000.0,
        "EBITDA": 1725000.0,
        "EBIT": 603000.0,
        "Net Interest Income": 78000.0,
        "Interest Expense": 31000.0,
        "Interest Income": 109000.0,
        "Normalized Income": 142240.0,
        "Net Income From Continuing And Discontinued Operation": 572000.0,
        "Total Expenses": 10974000.0,
        "Total Operating Income As Reported": -50000.0,
        "Diluted Average Shares": 7015864.0,
        "Basic Average Shares": 5374268.0,
        "Diluted EPS": 0.08,
        "Basic EPS": 0.11,
        "Diluted NI Availto Com Stockholders": 572000.0,
        "Net Income Common Stockholders": 572000.0,
        "Net Income": 572000.0,
        "Net Income Including Noncontrolling Interests": 572000.0,
        "Net Income Continuous Operations": 572000.0,
        "Tax Provision": NaN,
        "Pretax Income": 572000.0,
        "Other Income Expense": 544000.0,
        "Special Income Charges": 544000.0,
        "Gain On Sale Of Ppe": NaN,
        "Other Special Charges": NaN,
        "Restructuring And Mergern Acquisition": -544000.0,
        "Net Non Operating Interest Income Expense": 78000.0,
        "Interest Expense Non Operating": 31000.0,
        "Interest Income Non Operating": 109000.0,
        "Operating Income": -50000.0,
        "Operating Expense": 10974000.0,
        "Other Operating Expenses": -162000.0,
        "Research And Development": 7405000.0,
        "Selling General And Administration": 3731000.0,
        "General And Administrative Expense": 3731000.0,
        "Other Gand A": 3731000.0,
        "Total Revenue": 10924000.0,
        "Operating Revenue": 10924000.0
    },
    "2024-06-30": {
        "Tax Effect Of Unusual Items": 0.0,
        "Tax Rate For Calcs": 0.0,
        "Normalized EBITDA": -7120000.0,
        "Total Unusual Items": 107000.0,
        "Total Unusual Items Excluding Goodwill": 107000.0,
        "Net Income From Continuing Operation Net Minority Interest": -8097000.0,
        "Reconciled Depreciation": 1046000.0,
        "EBITDA": -7013000.0,
        "EBIT": -8059000.0,
        "Net Interest Income": 92000.0,
        "Interest Expense": 38000.0,
        "Interest Income": 130000.0,
        "Normalized Income": -8204000.0,
        "Net Income From Continuing And Discontinued Operation": -8097000.0,
        "Total Expenses": 8485000.0,
        "Total Operating Income As Reported": -8296000.0,
        "Diluted Average Shares": 6557295.0,
        "Basic Average Shares": 6557295.0,
        "Diluted EPS": -1.23,
        "Basic EPS": -1.23,
        "Diluted NI Availto Com Stockholders": -8097000.0,
        "Net Income Common Stockholders": -8097000.0,
        "Net Income": -8097000.0,
        "Net Income Including Noncontrolling Interests": -8097000.0,
        "Net Income Continuous Operations": -8097000.0,
        "Tax Provision": NaN,
        "Pretax Income": -8097000.0,
        "Other Income Expense": 107000.0,
        "Special Income Charges": 107000.0,
        "Gain On Sale Of Ppe": 0.0,
        "Other Special Charges": NaN,
        "Restructuring And Mergern Acquisition": -107000.0,
        "Net Non Operating Interest Income Expense": 92000.0,
        "Interest Expense Non Operating": 38000.0,
        "Interest Income Non Operating": 130000.0,
        "Operating Income": -8296000.0,
        "Operating Expense": 8485000.0,
        "Other Operating Expenses": -383000.0,
        "Research And Development": 5402000.0,
        "Selling General And Administration": 3466000.0,
        "General And Administrative Expense": 3466000.0,
        "Other Gand A": 3466000.0,
        "Total Revenue": 189000.0,
        "Operating Revenue": 189000.0
    }
}