{
    "2023-09-30": {
        "Tax Effect Of Unusual Items": NaN,
        "Tax Rate For Calcs": NaN,
        "Normalized EBITDA": NaN,
        "Total Unusual Items": NaN,
        "Total Unusual Items Excluding Goodwill": NaN,
        "Net Income From Continuing Operation Net Minority Interest": NaN,
        "Reconciled Depreciation": NaN,
        "Reconciled Cost Of Revenue": NaN,
        "EBITDA": NaN,
        "EBIT": NaN,
        "Net Interest Income": NaN,
        "Interest Expense": NaN,
        "Interest Income": NaN,
        "Normalized Income": NaN,
        "Net Income From Continuing And Discontinued Operation": NaN,
        "Total Expenses": NaN,
        "Diluted Average Shares": NaN,
        "Basic Average Shares": NaN,
        "Diluted EPS": NaN,
        "Basic EPS": NaN,
        "Diluted NI Availto Com Stockholders": NaN,
        "Average Dilution Earnings": NaN,
        "Net Income Common Stockholders": NaN,
        "Net Income": NaN,
        "Net Income Including Noncontrolling Interests": NaN,
        "Net Income Continuous Operations": NaN,
        "Tax Provision": NaN,
        "Pretax Income": NaN,
        "Other Income Expense": NaN,
        "Other Non Operating Income Expenses": NaN,
        "Special Income Charges": NaN,
        "Gain On Sale Of Ppe": NaN,
        "Other Special Charges": NaN,
        "Restructuring And Mergern Acquisition": 0.0,
        "Gain On Sale Of Security": NaN,
        "Net Non Operating Interest Income Expense": NaN,
        "Interest Expense Non Operating": NaN,
        "Interest Income Non Operating": NaN,
        "Operating Income": NaN,
        "Operating Expense": NaN,
        "Other Operating Expenses": -4800000.0,
        "Other Taxes": NaN,
        "Selling General And Administration": NaN,
        "Gross Profit": NaN,
        "Cost Of Revenue": NaN,
        "Total Revenue": NaN,
        "Operating Revenue": NaN
    },
    "2023-06-30": {
        "Tax Effect Of Unusual Items": NaN,
        "Tax Rate For Calcs": NaN,
        "Normalized EBITDA": NaN,
        "Total Unusual Items": NaN,
        "Total Unusual Items Excluding Goodwill": NaN,
        "Net Income From Continuing Operation Net Minority Interest": NaN,
        "Reconciled Depreciation": NaN,
        "Reconciled Cost Of Revenue": NaN,
        "EBITDA": NaN,
        "EBIT": NaN,
        "Net Interest Income": NaN,
        "Interest Expense": NaN,
        "Interest Income": NaN,
        "Normalized Income": NaN,
        "Net Income From Continuing And Discontinued Operation": NaN,
        "Total Expenses": NaN,
        "Diluted Average Shares": NaN,
        "Basic Average Shares": NaN,
        "Diluted EPS": NaN,
        "Basic EPS": NaN,
        "Diluted NI Availto Com Stockholders": NaN,
        "Average Dilution Earnings": NaN,
        "Net Income Common Stockholders": NaN,
        "Net Income": NaN,
        "Net Income Including Noncontrolling Interests": NaN,
        "Net Income Continuous Operations": NaN,
        "Tax Provision": NaN,
        "Pretax Income": NaN,
        "Other Income Expense": NaN,
        "Other Non Operating Income Expenses": NaN,
        "Special Income Charges": NaN,
        "Gain On Sale Of Ppe": NaN,
        "Other Special Charges": -1500000.0,
        "Restructuring And Mergern Acquisition": 0.0,
        "Gain On Sale Of Security": 100000.0,
        "Net Non Operating Interest Income Expense": NaN,
        "Interest Expense Non Operating": NaN,
        "Interest Income Non Operating": NaN,
        "Operating Income": NaN,
        "Operating Expense": NaN,
        "Other Operating Expenses": NaN,
        "Selling General And Administration": NaN,
        "Gross Profit": NaN,
        "Cost Of Revenue": NaN,
        "Total Revenue": NaN,
        "Operating Revenue": NaN
    },
    "2023-03-31": {
        "Tax Effect Of Unusual Items": NaN,
        "Tax Rate For Calcs": NaN,
        "Normalized EBITDA": NaN,
        "Total Unusual Items": NaN,
        "Total Unusual Items Excluding Goodwill": NaN,
        "Net Income From Continuing Operation Net Minority Interest": NaN,
        "Reconciled Depreciation": NaN,
        "Reconciled Cost Of Revenue": NaN,
        "EBITDA": NaN,
        "EBIT": NaN,
        "Net Interest Income": NaN,
        "Interest Expense": NaN,
        "Interest Income": NaN,
        "Normalized Income": NaN,
        "Net Income From Continuing And Discontinued Operation": NaN,
        "Total Expenses": NaN,
        "Diluted Average Shares": NaN,
        "Basic Average Shares": NaN,
        "Diluted EPS": NaN,
        "Basic EPS": NaN,
        "Diluted NI Availto Com Stockholders": NaN,
        "Average Dilution Earnings": NaN,
        "Net Income Common Stockholders": NaN,
        "Net Income": NaN,
        "Net Income Including Noncontrolling Interests": NaN,
        "Net Income Continuous Operations": NaN,
        "Tax Provision": NaN,
        "Pretax Income": NaN,
        "Other Income Expense": NaN,
        "Other Non Operating Income Expenses": NaN,
        "Special Income Charges": NaN,
        "Gain On Sale Of Ppe": NaN,
        "Other Special Charges": 1600000.0,
        "Restructuring And Mergern Acquisition": 0.0,
        "Gain On Sale Of Security": NaN,
        "Net Non Operating Interest Income Expense": NaN,
        "Total Other Finance Cost": -1500000.0,
        "Interest Expense Non Operating": NaN,
        "Interest Income Non Operating": NaN,
        "Operating Income": NaN,
        "Operating Expense": NaN,
        "Other Operating Expenses": NaN,
        "Selling General And Administration": NaN,
        "Gross Profit": NaN,
        "Cost Of Revenue": NaN,
        "Total Revenue": NaN,
        "Operating Revenue": NaN
    },
    "2022-12-31": {
        "Tax Effect Of Unusual Items": NaN,
        "Tax Rate For Calcs": NaN,
        "Normalized EBITDA": NaN,
        "Total Unusual Items": NaN,
        "Total Unusual Items Excluding Goodwill": NaN,
        "Net Income From Continuing Operation Net Minority Interest": NaN,
        "Reconciled Depreciation": NaN,
        "Reconciled Cost Of Revenue": NaN,
        "EBITDA": NaN,
        "EBIT": NaN,
        "Net Interest Income": NaN,
        "Interest Expense": NaN,
        "Interest Income": NaN,
        "Normalized Income": NaN,
        "Net Income From Continuing And Discontinued Operation": NaN,
        "Total Expenses": NaN,
        "Diluted Average Shares": NaN,
        "Basic Average Shares": NaN,
        "Diluted EPS": NaN,
        "Basic EPS": NaN,
        "Diluted NI Availto Com Stockholders": NaN,
        "Average Dilution Earnings": NaN,
        "Net Income Common Stockholders": NaN,
        "Net Income": NaN,
        "Net Income Including Noncontrolling Interests": NaN,
        "Net Income Continuous Operations": NaN,
        "Tax Provision": NaN,
        "Pretax Income": NaN,
        "Other Income Expense": NaN,
        "Other Non Operating Income Expenses": NaN,
        "Special Income Charges": NaN,
        "Gain On Sale Of Ppe": NaN,
        "Gain On Sale Of Business": 0.0,
        "Other Special Charges": -33000000.0,
        "Impairment Of Capital Assets": 0.0,
        "Restructuring And Mergern Acquisition": 0.0,
        "Gain On Sale Of Security": 100000.0,
        "Net Non Operating Interest Income Expense": NaN,
        "Total Other Finance Cost": NaN,
        "Interest Expense Non Operating": NaN,
        "Interest Income Non Operating": NaN,
        "Operating Income": NaN,
        "Operating Expense": NaN,
        "Other Operating Expenses": NaN,
        "Other Taxes": 0.0,
        "Selling General And Administration": NaN,
        "Gross Profit": NaN,
        "Cost Of Revenue": NaN,
        "Total Revenue": NaN,
        "Operating Revenue": NaN
    },
    "2023-12-31": {
        "Tax Effect Of Unusual Items": NaN,
        "Tax Rate For Calcs": NaN,
        "Normalized EBITDA": NaN,
        "Total Unusual Items": NaN,
        "Total Unusual Items Excluding Goodwill": NaN,
        "Net Income From Continuing Operation Net Minority Interest": NaN,
        "Reconciled Depreciation": NaN,
        "Reconciled Cost Of Revenue": NaN,
        "EBITDA": NaN,
        "EBIT": NaN,
        "Net Interest Income": NaN,
        "Interest Expense": NaN,
        "Interest Income": NaN,
        "Normalized Income": NaN,
        "Net Income From Continuing And Discontinued Operation": NaN,
        "Total Expenses": NaN,
        "Diluted Average Shares": NaN,
        "Basic Average Shares": NaN,
        "Diluted EPS": NaN,
        "Basic EPS": NaN,
        "Diluted NI Availto Com Stockholders": NaN,
        "Average Dilution Earnings": NaN,
        "Net Income Common Stockholders": NaN,
        "Net Income": NaN,
        "Net Income Including Noncontrolling Interests": NaN,
        "Net Income Continuous Operations": NaN,
        "Tax Provision": NaN,
        "Pretax Income": NaN,
        "Other Income Expense": NaN,
        "Other Non Operating Income Expenses": NaN,
        "Special Income Charges": NaN,
        "Gain On Sale Of Ppe": NaN,
        "Other Special Charges": -20000000.0,
        "Restructuring And Mergern Acquisition": 0.0,
        "Gain On Sale Of Security": NaN,
        "Net Non Operating Interest Income Expense": NaN,
        "Interest Expense Non Operating": NaN,
        "Interest Income Non Operating": NaN,
        "Operating Income": NaN,
        "Operating Expense": NaN,
        "Other Operating Expenses": -6200000.0,
        "Other Taxes": NaN,
        "Selling General And Administration": NaN,
        "Gross Profit": NaN,
        "Cost Of Revenue": NaN,
        "Total Revenue": NaN,
        "Operating Revenue": NaN
    },
    "2024-03-31": {
        "Tax Effect Of Unusual Items": 20000.0,
        "Tax Rate For Calcs": 0.2,
        "Normalized EBITDA": 43900000.0,
        "Total Unusual Items": 100000.0,
        "Total Unusual Items Excluding Goodwill": 100000.0,
        "Net Income From Continuing Operation Net Minority Interest": 24000000.0,
        "Reconciled Depreciation": 13400000.0,
        "Reconciled Cost Of Revenue": 271000000.0,
        "EBITDA": 44000000.0,
        "EBIT": 30600000.0,
        "Net Interest Income": 2800000.0,
        "Interest Expense": 600000.0,
        "Interest Income": 3400000.0,
        "Normalized Income": 23920000.0,
        "Net Income From Continuing And Discontinued Operation": 24000000.0,
        "Total Expenses": 295100000.0,
        "Diluted Average Shares": 46800000.0,
        "Basic Average Shares": 43600000.0,
        "Diluted EPS": 0.52,
        "Basic EPS": 0.55,
        "Diluted NI Availto Com Stockholders": 24200000.0,
        "Average Dilution Earnings": 200000.0,
        "Net Income Common Stockholders": 24000000.0,
        "Net Income": 24000000.0,
        "Net Income Including Noncontrolling Interests": 24000000.0,
        "Net Income Continuous Operations": 24000000.0,
        "Tax Provision": 6000000.0,
        "Pretax Income": 30000000.0,
        "Other Income Expense": 700000.0,
        "Other Non Operating Income Expenses": 600000.0,
        "Special Income Charges": -100000.0,
        "Gain On Sale Of Ppe": -100000.0,
        "Other Special Charges": NaN,
        "Restructuring And Mergern Acquisition": NaN,
        "Gain On Sale Of Security": 200000.0,
        "Net Non Operating Interest Income Expense": 2800000.0,
        "Interest Expense Non Operating": 600000.0,
        "Interest Income Non Operating": 3400000.0,
        "Operating Income": 26500000.0,
        "Operating Expense": 24100000.0,
        "Other Operating Expenses": NaN,
        "Other Taxes": 0.0,
        "Selling General And Administration": 24100000.0,
        "Gross Profit": 50600000.0,
        "Cost Of Revenue": 271000000.0,
        "Total Revenue": 321600000.0,
        "Operating Revenue": 321600000.0
    },
    "2022-09-30": {
        "Tax Effect Of Unusual Items": NaN,
        "Tax Rate For Calcs": NaN,
        "Normalized EBITDA": NaN,
        "Total Unusual Items": NaN,
        "Total Unusual Items Excluding Goodwill": NaN,
        "Net Income From Continuing Operation Net Minority Interest": NaN,
        "Reconciled Depreciation": NaN,
        "Reconciled Cost Of Revenue": NaN,
        "EBITDA": NaN,
        "EBIT": NaN,
        "Net Interest Income": NaN,
        "Interest Expense": NaN,
        "Interest Income": NaN,
        "Normalized Income": NaN,
        "Net Income From Continuing And Discontinued Operation": NaN,
        "Total Expenses": NaN,
        "Diluted Average Shares": NaN,
        "Basic Average Shares": NaN,
        "Diluted EPS": NaN,
        "Basic EPS": NaN,
        "Diluted NI Availto Com Stockholders": NaN,
        "Average Dilution Earnings": NaN,
        "Net Income Common Stockholders": NaN,
        "Net Income": NaN,
        "Net Income Including Noncontrolling Interests": NaN,
        "Net Income Continuous Operations": NaN,
        "Tax Provision": NaN,
        "Pretax Income": NaN,
        "Other Income Expense": NaN,
        "Other Non Operating Income Expenses": NaN,
        "Special Income Charges": NaN,
        "Gain On Sale Of Ppe": NaN,
        "Gain On Sale Of Business": 0.0,
        "Other Special Charges": -1400000.0,
        "Impairment Of Capital Assets": 0.0,
        "Restructuring And Mergern Acquisition": NaN,
        "Gain On Sale Of Security": NaN,
        "Net Non Operating Interest Income Expense": NaN,
        "Total Other Finance Cost": NaN,
        "Interest Expense Non Operating": NaN,
        "Interest Income Non Operating": NaN,
        "Operating Income": NaN,
        "Operating Expense": NaN,
        "Other Operating Expenses": -4800000.0,
        "Other Taxes": 0.0,
        "Selling General And Administration": NaN,
        "Gross Profit": NaN,
        "Cost Of Revenue": NaN,
        "Total Revenue": NaN,
        "Operating Revenue": NaN
    },
    "2024-06-30": {
        "Tax Effect Of Unusual Items": -24600.0,
        "Tax Rate For Calcs": 0.246,
        "Normalized EBITDA": 20300000.0,
        "Total Unusual Items": -100000.0,
        "Total Unusual Items Excluding Goodwill": -100000.0,
        "Net Income From Continuing Operation Net Minority Interest": 4600000.0,
        "Reconciled Depreciation": 13400000.0,
        "Reconciled Cost Of Revenue": 270600000.0,
        "EBITDA": 20200000.0,
        "EBIT": 6800000.0,
        "Net Interest Income": 2400000.0,
        "Interest Expense": 700000.0,
        "Interest Income": 3100000.0,
        "Normalized Income": 4675400.0,
        "Net Income From Continuing And Discontinued Operation": 4600000.0,
        "Total Expenses": 291300000.0,
        "Diluted Average Shares": 46600000.0,
        "Basic Average Shares": 43800000.0,
        "Diluted EPS": 0.1,
        "Basic EPS": 0.1,
        "Diluted NI Availto Com Stockholders": 4800000.0,
        "Average Dilution Earnings": 200000.0,
        "Net Income Common Stockholders": 4600000.0,
        "Net Income": 4600000.0,
        "Net Income Including Noncontrolling Interests": 4600000.0,
        "Net Income Continuous Operations": 4600000.0,
        "Tax Provision": 1500000.0,
        "Pretax Income": 6100000.0,
        "Other Income Expense": 300000.0,
        "Other Non Operating Income Expenses": 400000.0,
        "Special Income Charges": -200000.0,
        "Gain On Sale Of Ppe": -200000.0,
        "Other Special Charges": NaN,
        "Restructuring And Mergern Acquisition": NaN,
        "Gain On Sale Of Security": 100000.0,
        "Net Non Operating Interest Income Expense": 2400000.0,
        "Interest Expense Non Operating": 700000.0,
        "Interest Income Non Operating": 3100000.0,
        "Operating Income": 3400000.0,
        "Operating Expense": 20700000.0,
        "Other Operating Expenses": NaN,
        "Other Taxes": NaN,
        "Selling General And Administration": 20700000.0,
        "Gross Profit": 24100000.0,
        "Cost Of Revenue": 270600000.0,
        "Total Revenue": 294700000.0,
        "Operating Revenue": 294700000.0
    },
    "2024-09-30": {
        "Tax Effect Of Unusual Items": -67600.0,
        "Tax Rate For Calcs": 0.169,
        "Normalized EBITDA": 7600000.0,
        "Total Unusual Items": -400000.0,
        "Total Unusual Items Excluding Goodwill": -400000.0,
        "Net Income From Continuing Operation Net Minority Interest": -5900000.0,
        "Reconciled Depreciation": 13600000.0,
        "Reconciled Cost Of Revenue": 215100000.0,
        "EBITDA": 7200000.0,
        "EBIT": -6400000.0,
        "Net Interest Income": 2400000.0,
        "Interest Expense": 700000.0,
        "Interest Income": 3100000.0,
        "Normalized Income": -5567600.0,
        "Net Income From Continuing And Discontinued Operation": -5900000.0,
        "Total Expenses": 237600000.0,
        "Diluted Average Shares": 43100000.0,
        "Basic Average Shares": 43100000.0,
        "Diluted EPS": -0.13,
        "Basic EPS": -0.13,
        "Diluted NI Availto Com Stockholders": -5900000.0,
        "Average Dilution Earnings": 0.0,
        "Net Income Common Stockholders": -5900000.0,
        "Net Income": -5900000.0,
        "Net Income Including Noncontrolling Interests": -5900000.0,
        "Net Income Continuous Operations": -5900000.0,
        "Tax Provision": -1200000.0,
        "Pretax Income": -7100000.0,
        "Other Income Expense": 900000.0,
        "Other Non Operating Income Expenses": 1300000.0,
        "Special Income Charges": -100000.0,
        "Gain On Sale Of Ppe": -100000.0,
        "Other Special Charges": NaN,
        "Restructuring And Mergern Acquisition": NaN,
        "Gain On Sale Of Security": -300000.0,
        "Net Non Operating Interest Income Expense": 2400000.0,
        "Interest Expense Non Operating": 700000.0,
        "Interest Income Non Operating": 3100000.0,
        "Operating Income": -10400000.0,
        "Operating Expense": 22500000.0,
        "Other Operating Expenses": NaN,
        "Other Taxes": NaN,
        "Selling General And Administration": 22500000.0,
        "Gross Profit": 12100000.0,
        "Cost Of Revenue": 215100000.0,
        "Total Revenue": 227200000.0,
        "Operating Revenue": 227200000.0
    },
    "2024-12-31": {
        "Tax Effect Of Unusual Items": -1229508.196721,
        "Tax Rate For Calcs": 0.122951,
        "Normalized EBITDA": -200000.0,
        "Total Unusual Items": -10000000.0,
        "Total Unusual Items Excluding Goodwill": -10000000.0,
        "Net Income From Continuing Operation Net Minority Interest": -21400000.0,
        "Reconciled Depreciation": 13700000.0,
        "Reconciled Cost Of Revenue": 229600000.0,
        "EBITDA": -10200000.0,
        "EBIT": -23900000.0,
        "Net Interest Income": 2000000.0,
        "Interest Expense": 500000.0,
        "Interest Income": 2500000.0,
        "Normalized Income": -12629508.196721,
        "Net Income From Continuing And Discontinued Operation": -21400000.0,
        "Total Expenses": 250000000.0,
        "Diluted Average Shares": 42400000.0,
        "Basic Average Shares": 42400000.0,
        "Diluted EPS": -0.5,
        "Basic EPS": -0.5,
        "Diluted NI Availto Com Stockholders": -22000000.0,
        "Average Dilution Earnings": -600000.0,
        "Net Income Common Stockholders": -21400000.0,
        "Net Income": -21400000.0,
        "Net Income Including Noncontrolling Interests": -21400000.0,
        "Net Income Continuous Operations": -21400000.0,
        "Tax Provision": -3000000.0,
        "Pretax Income": -24400000.0,
        "Other Income Expense": -16900000.0,
        "Other Non Operating Income Expenses": -6900000.0,
        "Special Income Charges": -9600000.0,
        "Gain On Sale Of Ppe": -200000.0,
        "Other Special Charges": NaN,
        "Restructuring And Mergern Acquisition": NaN,
        "Gain On Sale Of Security": NaN,
        "Net Non Operating Interest Income Expense": 2000000.0,
        "Interest Expense Non Operating": 500000.0,
        "Interest Income Non Operating": 2500000.0,
        "Operating Income": -9500000.0,
        "Operating Expense": 20400000.0,
        "Other Operating Expenses": NaN,
        "Other Taxes": NaN,
        "Selling General And Administration": 20400000.0,
        "Gross Profit": 10900000.0,
        "Cost Of Revenue": 229600000.0,
        "Total Revenue": 240500000.0,
        "Operating Revenue": 240500000.0
    },
    "2025-03-31": {
        "Tax Effect Of Unusual Items": 315000.0,
        "Tax Rate For Calcs": 0.21,
        "Normalized EBITDA": 15600000.0,
        "Total Unusual Items": 1500000.0,
        "Total Unusual Items Excluding Goodwill": 1500000.0,
        "Net Income From Continuing Operation Net Minority Interest": 1300000.0,
        "Reconciled Depreciation": 13700000.0,
        "Reconciled Cost Of Revenue": 258600000.0,
        "EBITDA": 17100000.0,
        "EBIT": 3400000.0,
        "Net Interest Income": 1500000.0,
        "Interest Expense": 500000.0,
        "Interest Income": 2000000.0,
        "Normalized Income": 115000.0,
        "Net Income From Continuing And Discontinued Operation": 1300000.0,
        "Total Expenses": 282100000.0,
        "Diluted Average Shares": 43000000.0,
        "Basic Average Shares": 42100000.0,
        "Diluted EPS": 0.03,
        "Basic EPS": 0.03,
        "Diluted NI Availto Com Stockholders": 1300000.0,
        "Average Dilution Earnings": 0.0,
        "Net Income Common Stockholders": 1300000.0,
        "Net Income": 1300000.0,
        "Net Income Including Noncontrolling Interests": 1300000.0,
        "Net Income Continuous Operations": 1300000.0,
        "Tax Provision": 1600000.0,
        "Pretax Income": 2900000.0,
        "Other Income Expense": 3000000.0,
        "Other Non Operating Income Expenses": 1500000.0,
        "Special Income Charges": 1500000.0,
        "Gain On Sale Of Ppe": 1500000.0,
        "Other Special Charges": NaN,
        "Restructuring And Mergern Acquisition": NaN,
        "Gain On Sale Of Security": NaN,
        "Net Non Operating Interest Income Expense": 1500000.0,
        "Interest Expense Non Operating": 500000.0,
        "Interest Income Non Operating": 2000000.0,
        "Operating Income": -1600000.0,
        "Operating Expense": 23500000.0,
        "Other Operating Expenses": NaN,
        "Other Taxes": -800000.0,
        "Selling General And Administration": 24300000.0,
        "Gross Profit": 21900000.0,
        "Cost Of Revenue": 258600000.0,
        "Total Revenue": 280500000.0,
        "Operating Revenue": 280500000.0
    }
}