{
    "2023-05-31": {
        "Tax Effect Of Unusual Items": NaN,
        "Tax Rate For Calcs": NaN,
        "Normalized EBITDA": NaN,
        "Total Unusual Items": NaN,
        "Total Unusual Items Excluding Goodwill": NaN,
        "Net Income From Continuing Operation Net Minority Interest": NaN,
        "Reconciled Depreciation": NaN,
        "Reconciled Cost Of Revenue": NaN,
        "EBITDA": NaN,
        "EBIT": NaN,
        "Net Interest Income": NaN,
        "Interest Expense": NaN,
        "Interest Income": NaN,
        "Normalized Income": NaN,
        "Net Income From Continuing And Discontinued Operation": NaN,
        "Total Expenses": NaN,
        "Total Operating Income As Reported": NaN,
        "Diluted Average Shares": NaN,
        "Basic Average Shares": NaN,
        "Diluted EPS": NaN,
        "Basic EPS": NaN,
        "Diluted NI Availto Com Stockholders": NaN,
        "Net Income Common Stockholders": NaN,
        "Net Income": NaN,
        "Net Income Including Noncontrolling Interests": NaN,
        "Net Income Continuous Operations": NaN,
        "Earnings From Equity Interest Net Of Tax": NaN,
        "Tax Provision": NaN,
        "Pretax Income": NaN,
        "Other Income Expense": NaN,
        "Other Non Operating Income Expenses": NaN,
        "Special Income Charges": NaN,
        "Gain On Sale Of Ppe": 24000000.0,
        "Other Special Charges": 68000000.0,
        "Write Off": 1000000.0,
        "Restructuring And Mergern Acquisition": NaN,
        "Net Non Operating Interest Income Expense": NaN,
        "Interest Expense Non Operating": NaN,
        "Interest Income Non Operating": NaN,
        "Operating Income": NaN,
        "Operating Expense": NaN,
        "Other Operating Expenses": NaN,
        "Research And Development": NaN,
        "Selling General And Administration": NaN,
        "Gross Profit": NaN,
        "Cost Of Revenue": NaN,
        "Total Revenue": NaN,
        "Operating Revenue": NaN
    },
    "2023-02-28": {
        "Tax Effect Of Unusual Items": NaN,
        "Tax Rate For Calcs": NaN,
        "Normalized EBITDA": NaN,
        "Total Unusual Items": NaN,
        "Total Unusual Items Excluding Goodwill": NaN,
        "Net Income From Continuing Operation Net Minority Interest": NaN,
        "Reconciled Depreciation": NaN,
        "Reconciled Cost Of Revenue": NaN,
        "EBITDA": NaN,
        "EBIT": NaN,
        "Net Interest Income": NaN,
        "Interest Expense": NaN,
        "Interest Income": NaN,
        "Normalized Income": NaN,
        "Net Income From Continuing And Discontinued Operation": NaN,
        "Total Expenses": NaN,
        "Total Operating Income As Reported": NaN,
        "Diluted Average Shares": NaN,
        "Basic Average Shares": NaN,
        "Diluted EPS": NaN,
        "Basic EPS": NaN,
        "Diluted NI Availto Com Stockholders": NaN,
        "Net Income Common Stockholders": NaN,
        "Net Income": NaN,
        "Net Income Including Noncontrolling Interests": NaN,
        "Net Income Continuous Operations": NaN,
        "Earnings From Equity Interest Net Of Tax": NaN,
        "Tax Provision": NaN,
        "Pretax Income": NaN,
        "Other Income Expense": NaN,
        "Other Non Operating Income Expenses": NaN,
        "Special Income Charges": NaN,
        "Gain On Sale Of Ppe": NaN,
        "Other Special Charges": NaN,
        "Write Off": NaN,
        "Restructuring And Mergern Acquisition": NaN,
        "Gain On Sale Of Security": -2000000.0,
        "Net Non Operating Interest Income Expense": NaN,
        "Interest Expense Non Operating": NaN,
        "Interest Income Non Operating": NaN,
        "Operating Income": NaN,
        "Operating Expense": NaN,
        "Other Operating Expenses": NaN,
        "Research And Development": NaN,
        "Selling General And Administration": NaN,
        "Gross Profit": NaN,
        "Cost Of Revenue": NaN,
        "Total Revenue": NaN,
        "Operating Revenue": NaN
    },
    "2022-11-30": {
        "Tax Effect Of Unusual Items": NaN,
        "Tax Rate For Calcs": NaN,
        "Normalized EBITDA": NaN,
        "Total Unusual Items": NaN,
        "Total Unusual Items Excluding Goodwill": NaN,
        "Net Income From Continuing Operation Net Minority Interest": NaN,
        "Reconciled Depreciation": NaN,
        "Reconciled Cost Of Revenue": NaN,
        "EBITDA": NaN,
        "EBIT": NaN,
        "Net Interest Income": NaN,
        "Interest Expense": NaN,
        "Interest Income": NaN,
        "Normalized Income": NaN,
        "Net Income From Continuing And Discontinued Operation": NaN,
        "Total Expenses": NaN,
        "Total Operating Income As Reported": NaN,
        "Diluted Average Shares": NaN,
        "Basic Average Shares": NaN,
        "Diluted EPS": NaN,
        "Basic EPS": NaN,
        "Diluted NI Availto Com Stockholders": NaN,
        "Net Income Common Stockholders": NaN,
        "Net Income": NaN,
        "Net Income Including Noncontrolling Interests": NaN,
        "Net Income Continuous Operations": NaN,
        "Earnings From Equity Interest Net Of Tax": NaN,
        "Tax Provision": NaN,
        "Pretax Income": NaN,
        "Other Income Expense": NaN,
        "Other Non Operating Income Expenses": NaN,
        "Special Income Charges": NaN,
        "Gain On Sale Of Ppe": NaN,
        "Other Special Charges": NaN,
        "Write Off": NaN,
        "Restructuring And Mergern Acquisition": NaN,
        "Gain On Sale Of Security": -9000000.0,
        "Net Non Operating Interest Income Expense": NaN,
        "Interest Expense Non Operating": NaN,
        "Interest Income Non Operating": NaN,
        "Operating Income": NaN,
        "Operating Expense": NaN,
        "Other Operating Expenses": NaN,
        "Research And Development": NaN,
        "Selling General And Administration": NaN,
        "Gross Profit": NaN,
        "Cost Of Revenue": NaN,
        "Total Revenue": NaN,
        "Operating Revenue": NaN
    },
    "2022-08-31": {
        "Tax Effect Of Unusual Items": NaN,
        "Tax Rate For Calcs": NaN,
        "Normalized EBITDA": NaN,
        "Total Unusual Items": NaN,
        "Total Unusual Items Excluding Goodwill": NaN,
        "Net Income From Continuing Operation Net Minority Interest": NaN,
        "Reconciled Depreciation": NaN,
        "Reconciled Cost Of Revenue": NaN,
        "EBITDA": NaN,
        "EBIT": NaN,
        "Net Interest Income": NaN,
        "Interest Expense": NaN,
        "Interest Income": NaN,
        "Normalized Income": NaN,
        "Net Income From Continuing And Discontinued Operation": NaN,
        "Total Expenses": NaN,
        "Total Operating Income As Reported": NaN,
        "Diluted Average Shares": NaN,
        "Basic Average Shares": NaN,
        "Diluted EPS": NaN,
        "Basic EPS": NaN,
        "Diluted NI Availto Com Stockholders": NaN,
        "Net Income Common Stockholders": NaN,
        "Net Income": NaN,
        "Net Income Including Noncontrolling Interests": NaN,
        "Net Income Continuous Operations": NaN,
        "Earnings From Equity Interest Net Of Tax": NaN,
        "Tax Provision": NaN,
        "Pretax Income": NaN,
        "Other Income Expense": NaN,
        "Other Non Operating Income Expenses": NaN,
        "Special Income Charges": NaN,
        "Gain On Sale Of Ppe": NaN,
        "Other Special Charges": 0.0,
        "Write Off": NaN,
        "Restructuring And Mergern Acquisition": NaN,
        "Gain On Sale Of Security": 1000000.0,
        "Net Non Operating Interest Income Expense": NaN,
        "Interest Expense Non Operating": NaN,
        "Interest Income Non Operating": NaN,
        "Operating Income": NaN,
        "Operating Expense": NaN,
        "Other Operating Expenses": NaN,
        "Research And Development": NaN,
        "Selling General And Administration": NaN,
        "Gross Profit": NaN,
        "Cost Of Revenue": NaN,
        "Total Revenue": NaN,
        "Operating Revenue": NaN
    },
    "2022-05-31": {
        "Tax Effect Of Unusual Items": 0.0,
        "Tax Rate For Calcs": 0.119813,
        "Normalized EBITDA": 4853000000.0,
        "Total Unusual Items": 0.0,
        "Total Unusual Items Excluding Goodwill": 0.0,
        "Net Income From Continuing Operation Net Minority Interest": 2626000000.0,
        "Reconciled Depreciation": 1821000000.0,
        "Reconciled Cost Of Revenue": 4607000000.0,
        "EBIT": 3032000000.0,
        "Net Interest Income": -24000000.0,
        "Interest Expense": 44000000.0,
        "Interest Income": 20000000.0,
        "Normalized Income": 2626000000.0,
        "Net Income From Continuing And Discontinued Operation": 2626000000.0,
        "Total Expenses": 5638000000.0,
        "Total Operating Income As Reported": 3004000000.0,
        "Diluted Average Shares": 1121000000.0,
        "Basic Average Shares": 1112000000.0,
        "Diluted EPS": 2.34,
        "Basic EPS": 2.36,
        "Diluted NI Availto Com Stockholders": 2626000000.0,
        "Net Income Common Stockholders": 2626000000.0,
        "Net Income": 2626000000.0,
        "Net Income Including Noncontrolling Interests": 2626000000.0,
        "Net Income Continuous Operations": 2626000000.0,
        "Earnings From Equity Interest Net Of Tax": -4000000.0,
        "Tax Provision": 358000000.0,
        "Pretax Income": 2988000000.0,
        "Other Income Expense": 8000000.0,
        "Other Non Operating Income Expenses": 8000000.0,
        "Special Income Charges": 0.0,
        "Gain On Sale Of Ppe": NaN,
        "Other Special Charges": NaN,
        "Write Off": NaN,
        "Restructuring And Mergern Acquisition": 0.0,
        "Gain On Sale Of Security": 12000000.0,
        "Net Non Operating Interest Income Expense": -24000000.0,
        "Interest Expense Non Operating": 44000000.0,
        "Interest Income Non Operating": 20000000.0,
        "Operating Income": 3004000000.0,
        "Operating Expense": 1031000000.0,
        "Other Operating Expenses": -6000000.0,
        "Research And Development": 773000000.0,
        "Selling General And Administration": 264000000.0,
        "Gross Profit": 4035000000.0,
        "Cost Of Revenue": 4607000000.0,
        "Total Revenue": 8642000000.0,
        "Operating Revenue": 8642000000.0
    },
    "2023-08-31": {
        "Tax Effect Of Unusual Items": NaN,
        "Tax Rate For Calcs": NaN,
        "Normalized EBITDA": NaN,
        "Total Unusual Items": -105000000.0,
        "Total Unusual Items Excluding Goodwill": -105000000.0,
        "Net Income From Continuing Operation Net Minority Interest": NaN,
        "Reconciled Depreciation": NaN,
        "Reconciled Cost Of Revenue": NaN,
        "EBITDA": NaN,
        "EBIT": NaN,
        "Net Interest Income": NaN,
        "Interest Expense": NaN,
        "Interest Income": NaN,
        "Normalized Income": NaN,
        "Net Income From Continuing And Discontinued Operation": NaN,
        "Total Expenses": NaN,
        "Total Operating Income As Reported": NaN,
        "Diluted Average Shares": NaN,
        "Basic Average Shares": NaN,
        "Diluted EPS": NaN,
        "Basic EPS": NaN,
        "Diluted NI Availto Com Stockholders": NaN,
        "Net Income Common Stockholders": NaN,
        "Net Income": NaN,
        "Net Income Including Noncontrolling Interests": NaN,
        "Net Income Continuous Operations": NaN,
        "Earnings From Equity Interest Net Of Tax": NaN,
        "Tax Provision": NaN,
        "Pretax Income": NaN,
        "Other Income Expense": NaN,
        "Other Non Operating Income Expenses": NaN,
        "Special Income Charges": -97000000.0,
        "Gain On Sale Of Ppe": 8000000.0,
        "Other Special Charges": 0.0,
        "Write Off": 5000000.0,
        "Restructuring And Mergern Acquisition": -1000000.0,
        "Net Non Operating Interest Income Expense": NaN,
        "Interest Expense Non Operating": NaN,
        "Interest Income Non Operating": NaN,
        "Operating Income": NaN,
        "Operating Expense": NaN,
        "Other Operating Expenses": NaN,
        "Research And Development": NaN,
        "Selling General And Administration": NaN,
        "Gross Profit": NaN,
        "Cost Of Revenue": NaN,
        "Total Revenue": NaN,
        "Operating Revenue": NaN
    },
    "2023-11-30": {
        "Tax Effect Of Unusual Items": NaN,
        "Tax Rate For Calcs": NaN,
        "Normalized EBITDA": NaN,
        "Total Unusual Items": 0.0,
        "Total Unusual Items Excluding Goodwill": 0.0,
        "Net Income From Continuing Operation Net Minority Interest": NaN,
        "Reconciled Depreciation": NaN,
        "Reconciled Cost Of Revenue": NaN,
        "EBITDA": NaN,
        "EBIT": NaN,
        "Net Interest Income": NaN,
        "Interest Expense": NaN,
        "Interest Income": NaN,
        "Normalized Income": NaN,
        "Net Income From Continuing And Discontinued Operation": NaN,
        "Total Expenses": NaN,
        "Total Operating Income As Reported": NaN,
        "Diluted Average Shares": NaN,
        "Basic Average Shares": NaN,
        "Diluted EPS": NaN,
        "Basic EPS": NaN,
        "Diluted NI Availto Com Stockholders": NaN,
        "Net Income Common Stockholders": NaN,
        "Net Income": NaN,
        "Net Income Including Noncontrolling Interests": NaN,
        "Net Income Continuous Operations": NaN,
        "Earnings From Equity Interest Net Of Tax": NaN,
        "Tax Provision": NaN,
        "Pretax Income": NaN,
        "Other Income Expense": NaN,
        "Other Non Operating Income Expenses": NaN,
        "Special Income Charges": 0.0,
        "Gain On Sale Of Ppe": NaN,
        "Write Off": NaN,
        "Restructuring And Mergern Acquisition": 0.0,
        "Net Non Operating Interest Income Expense": NaN,
        "Interest Expense Non Operating": NaN,
        "Interest Income Non Operating": NaN,
        "Operating Income": NaN,
        "Operating Expense": NaN,
        "Other Operating Expenses": NaN,
        "Research And Development": NaN,
        "Selling General And Administration": NaN,
        "Gross Profit": NaN,
        "Cost Of Revenue": NaN,
        "Total Revenue": NaN,
        "Operating Revenue": NaN
    },
    "2024-02-29": {
        "Tax Effect Of Unusual Items": NaN,
        "Tax Rate For Calcs": NaN,
        "Normalized EBITDA": NaN,
        "Total Unusual Items": 9000000.0,
        "Total Unusual Items Excluding Goodwill": 9000000.0,
        "Net Income From Continuing Operation Net Minority Interest": NaN,
        "Reconciled Depreciation": NaN,
        "Reconciled Cost Of Revenue": NaN,
        "EBITDA": NaN,
        "EBIT": NaN,
        "Net Interest Income": NaN,
        "Interest Expense": NaN,
        "Interest Income": NaN,
        "Normalized Income": NaN,
        "Net Income From Continuing And Discontinued Operation": NaN,
        "Total Expenses": NaN,
        "Total Operating Income As Reported": NaN,
        "Diluted Average Shares": NaN,
        "Basic Average Shares": NaN,
        "Diluted EPS": NaN,
        "Basic EPS": NaN,
        "Diluted NI Availto Com Stockholders": NaN,
        "Net Income Common Stockholders": NaN,
        "Net Income": NaN,
        "Net Income Including Noncontrolling Interests": NaN,
        "Net Income Continuous Operations": NaN,
        "Earnings From Equity Interest Net Of Tax": NaN,
        "Tax Provision": NaN,
        "Pretax Income": NaN,
        "Other Income Expense": NaN,
        "Other Non Operating Income Expenses": NaN,
        "Special Income Charges": 9000000.0,
        "Gain On Sale Of Ppe": 9000000.0,
        "Write Off": 0.0,
        "Restructuring And Mergern Acquisition": 0.0,
        "Net Non Operating Interest Income Expense": NaN,
        "Interest Expense Non Operating": NaN,
        "Interest Income Non Operating": NaN,
        "Operating Income": NaN,
        "Operating Expense": NaN,
        "Other Operating Expenses": NaN,
        "Research And Development": NaN,
        "Selling General And Administration": NaN,
        "Gross Profit": NaN,
        "Cost Of Revenue": NaN,
        "Total Revenue": NaN,
        "Operating Revenue": NaN
    },
    "2024-05-31": {
        "Tax Effect Of Unusual Items": NaN,
        "Tax Rate For Calcs": NaN,
        "Normalized EBITDA": NaN,
        "Total Unusual Items": 38000000.0,
        "Total Unusual Items Excluding Goodwill": 38000000.0,
        "Net Income From Continuing Operation Net Minority Interest": NaN,
        "Reconciled Depreciation": NaN,
        "Reconciled Cost Of Revenue": NaN,
        "EBITDA": NaN,
        "EBIT": NaN,
        "Net Interest Income": NaN,
        "Interest Expense": NaN,
        "Interest Income": NaN,
        "Normalized Income": NaN,
        "Net Income From Continuing And Discontinued Operation": NaN,
        "Total Expenses": NaN,
        "Total Operating Income As Reported": NaN,
        "Diluted Average Shares": NaN,
        "Basic Average Shares": NaN,
        "Diluted EPS": NaN,
        "Basic EPS": NaN,
        "Diluted NI Availto Com Stockholders": NaN,
        "Net Income Common Stockholders": NaN,
        "Net Income": NaN,
        "Net Income Including Noncontrolling Interests": NaN,
        "Net Income Continuous Operations": NaN,
        "Earnings From Equity Interest Net Of Tax": NaN,
        "Tax Provision": NaN,
        "Pretax Income": NaN,
        "Other Income Expense": NaN,
        "Other Non Operating Income Expenses": NaN,
        "Special Income Charges": 38000000.0,
        "Gain On Sale Of Ppe": 38000000.0,
        "Write Off": 0.0,
        "Restructuring And Mergern Acquisition": 0.0,
        "Net Non Operating Interest Income Expense": NaN,
        "Interest Expense Non Operating": NaN,
        "Interest Income Non Operating": NaN,
        "Operating Income": NaN,
        "Operating Expense": NaN,
        "Other Operating Expenses": NaN,
        "Research And Development": NaN,
        "Selling General And Administration": NaN,
        "Gross Profit": NaN,
        "Cost Of Revenue": NaN,
        "Total Revenue": NaN,
        "Operating Revenue": NaN
    },
    "2024-08-31": {
        "Tax Effect Of Unusual Items": -1050000.0,
        "Tax Rate For Calcs": 0.21,
        "Normalized EBITDA": 3637000000.0,
        "Total Unusual Items": -5000000.0,
        "Total Unusual Items Excluding Goodwill": -5000000.0,
        "Net Income From Continuing Operation Net Minority Interest": 887000000.0,
        "Reconciled Depreciation": 1986000000.0,
        "Reconciled Cost Of Revenue": 5013000000.0,
        "EBITDA": 3632000000.0,
        "EBIT": 1646000000.0,
        "Net Interest Income": -5000000.0,
        "Interest Expense": 136000000.0,
        "Interest Income": 131000000.0,
        "Normalized Income": 890950000.0,
        "Net Income From Continuing And Discontinued Operation": 887000000.0,
        "Total Expenses": 6223000000.0,
        "Total Operating Income As Reported": 1522000000.0,
        "Diluted Average Shares": NaN,
        "Basic Average Shares": NaN,
        "Diluted EPS": NaN,
        "Basic EPS": NaN,
        "Diluted NI Availto Com Stockholders": 887000000.0,
        "Net Income Common Stockholders": 887000000.0,
        "Net Income": 887000000.0,
        "Net Income Including Noncontrolling Interests": 887000000.0,
        "Net Income Continuous Operations": 887000000.0,
        "Earnings From Equity Interest Net Of Tax": 0.0,
        "Tax Provision": 623000000.0,
        "Pretax Income": 1510000000.0,
        "Other Income Expense": -12000000.0,
        "Other Non Operating Income Expenses": -7000000.0,
        "Special Income Charges": -5000000.0,
        "Gain On Sale Of Ppe": -4000000.0,
        "Write Off": 0.0,
        "Restructuring And Mergern Acquisition": 1000000.0,
        "Net Non Operating Interest Income Expense": -5000000.0,
        "Interest Expense Non Operating": 136000000.0,
        "Interest Income Non Operating": 131000000.0,
        "Operating Income": 1527000000.0,
        "Operating Expense": 1210000000.0,
        "Other Operating Expenses": 12000000.0,
        "Research And Development": 903000000.0,
        "Selling General And Administration": 295000000.0,
        "Gross Profit": 2737000000.0,
        "Cost Of Revenue": 5013000000.0,
        "Total Revenue": 7750000000.0,
        "Operating Revenue": 7750000000.0
    },
    "2024-11-30": {
        "Tax Effect Of Unusual Items": 0.0,
        "Tax Rate For Calcs": 0.132,
        "Normalized EBITDA": 4300000000.0,
        "Total Unusual Items": NaN,
        "Total Unusual Items Excluding Goodwill": NaN,
        "Net Income From Continuing Operation Net Minority Interest": 1870000000.0,
        "Reconciled Depreciation": 2030000000.0,
        "Reconciled Cost Of Revenue": 5361000000.0,
        "EBITDA": 4300000000.0,
        "EBIT": 2270000000.0,
        "Net Interest Income": -11000000.0,
        "Interest Expense": 118000000.0,
        "Interest Income": 107000000.0,
        "Normalized Income": 1870000000.0,
        "Net Income From Continuing And Discontinued Operation": 1870000000.0,
        "Total Expenses": 6535000000.0,
        "Total Operating Income As Reported": 2174000000.0,
        "Diluted Average Shares": 1122000000.0,
        "Basic Average Shares": 1111000000.0,
        "Diluted EPS": 1.67,
        "Basic EPS": 1.68,
        "Diluted NI Availto Com Stockholders": 1870000000.0,
        "Net Income Common Stockholders": 1870000000.0,
        "Net Income": 1870000000.0,
        "Net Income Including Noncontrolling Interests": 1870000000.0,
        "Net Income Continuous Operations": 1870000000.0,
        "Earnings From Equity Interest Net Of Tax": 1000000.0,
        "Tax Provision": 283000000.0,
        "Pretax Income": 2152000000.0,
        "Other Income Expense": -11000000.0,
        "Other Non Operating Income Expenses": -11000000.0,
        "Special Income Charges": NaN,
        "Gain On Sale Of Ppe": NaN,
        "Write Off": NaN,
        "Restructuring And Mergern Acquisition": NaN,
        "Net Non Operating Interest Income Expense": -11000000.0,
        "Interest Expense Non Operating": 118000000.0,
        "Interest Income Non Operating": 107000000.0,
        "Operating Income": 2174000000.0,
        "Operating Expense": 1174000000.0,
        "Other Operating Expenses": -2000000.0,
        "Research And Development": 888000000.0,
        "Selling General And Administration": 288000000.0,
        "Gross Profit": 3348000000.0,
        "Cost Of Revenue": 5361000000.0,
        "Total Revenue": 8709000000.0,
        "Operating Revenue": 8709000000.0
    },
    "2025-02-28": {
        "Tax Effect Of Unusual Items": 0.0,
        "Tax Rate For Calcs": 0.101,
        "Normalized EBITDA": 3949000000.0,
        "Total Unusual Items": NaN,
        "Total Unusual Items Excluding Goodwill": NaN,
        "Net Income From Continuing Operation Net Minority Interest": 1583000000.0,
        "Reconciled Depreciation": 2079000000.0,
        "Reconciled Cost Of Revenue": 5090000000.0,
        "EBITDA": 3949000000.0,
        "EBIT": 1870000000.0,
        "Net Interest Income": -4000000.0,
        "Interest Expense": 112000000.0,
        "Interest Income": 108000000.0,
        "Normalized Income": 1583000000.0,
        "Net Income From Continuing And Discontinued Operation": 1583000000.0,
        "Total Expenses": 6280000000.0,
        "Total Operating Income As Reported": 1773000000.0,
        "Diluted Average Shares": 1123000000.0,
        "Basic Average Shares": 1115000000.0,
        "Diluted EPS": 1.41,
        "Basic EPS": 1.42,
        "Diluted NI Availto Com Stockholders": 1583000000.0,
        "Net Income Common Stockholders": 1583000000.0,
        "Net Income": 1583000000.0,
        "Net Income Including Noncontrolling Interests": 1583000000.0,
        "Net Income Continuous Operations": 1583000000.0,
        "Earnings From Equity Interest Net Of Tax": 2000000.0,
        "Tax Provision": 177000000.0,
        "Pretax Income": 1758000000.0,
        "Other Income Expense": -11000000.0,
        "Other Non Operating Income Expenses": -11000000.0,
        "Special Income Charges": NaN,
        "Gain On Sale Of Ppe": NaN,
        "Write Off": NaN,
        "Restructuring And Mergern Acquisition": NaN,
        "Net Non Operating Interest Income Expense": -4000000.0,
        "Interest Expense Non Operating": 112000000.0,
        "Interest Income Non Operating": 108000000.0,
        "Operating Income": 1773000000.0,
        "Operating Expense": 1190000000.0,
        "Other Operating Expenses": 7000000.0,
        "Research And Development": 898000000.0,
        "Selling General And Administration": 285000000.0,
        "Gross Profit": 2963000000.0,
        "Cost Of Revenue": 5090000000.0,
        "Total Revenue": 8053000000.0,
        "Operating Revenue": 8053000000.0
    },
    "2025-05-31": {
        "Tax Effect Of Unusual Items": 0.0,
        "Tax Rate For Calcs": 0.111,
        "Normalized EBITDA": 4330000000.0,
        "Total Unusual Items": NaN,
        "Total Unusual Items Excluding Goodwill": NaN,
        "Net Income From Continuing Operation Net Minority Interest": 1885000000.0,
        "Reconciled Depreciation": 2094000000.0,
        "Reconciled Cost Of Revenue": 5793000000.0,
        "EBITDA": 4330000000.0,
        "EBIT": 2236000000.0,
        "Net Interest Income": 12000000.0,
        "Interest Expense": 123000000.0,
        "Interest Income": 135000000.0,
        "Normalized Income": 1885000000.0,
        "Net Income From Continuing And Discontinued Operation": 1885000000.0,
        "Total Expenses": 7132000000.0,
        "Total Operating Income As Reported": 2169000000.0,
        "Diluted Average Shares": 1125000000.0,
        "Basic Average Shares": 1118000000.0,
        "Diluted EPS": 1.68,
        "Basic EPS": 1.69,
        "Diluted NI Availto Com Stockholders": 1885000000.0,
        "Net Income Common Stockholders": 1885000000.0,
        "Net Income": 1885000000.0,
        "Net Income Including Noncontrolling Interests": 1885000000.0,
        "Net Income Continuous Operations": 1885000000.0,
        "Earnings From Equity Interest Net Of Tax": 7000000.0,
        "Tax Provision": 235000000.0,
        "Pretax Income": 2113000000.0,
        "Other Income Expense": -68000000.0,
        "Other Non Operating Income Expenses": -68000000.0,
        "Special Income Charges": NaN,
        "Gain On Sale Of Ppe": NaN,
        "Write Off": NaN,
        "Restructuring And Mergern Acquisition": NaN,
        "Net Non Operating Interest Income Expense": 12000000.0,
        "Interest Expense Non Operating": 123000000.0,
        "Interest Income Non Operating": 135000000.0,
        "Operating Income": 2169000000.0,
        "Operating Expense": 1339000000.0,
        "Other Operating Expenses": 56000000.0,
        "Research And Development": 965000000.0,
        "Selling General And Administration": 318000000.0,
        "Gross Profit": 3508000000.0,
        "Cost Of Revenue": 5793000000.0,
        "Total Revenue": 9301000000.0,
        "Operating Revenue": 9301000000.0
    },
    "2025-08-31": {
        "Tax Effect Of Unusual Items": 0.0,
        "Tax Rate For Calcs": 0.118149,
        "Normalized EBITDA": 5904000000.0,
        "Total Unusual Items": NaN,
        "Total Unusual Items Excluding Goodwill": NaN,
        "Net Income From Continuing Operation Net Minority Interest": 3201000000.0,
        "Reconciled Depreciation": 2149000000.0,
        "Reconciled Cost Of Revenue": 6261000000.0,
        "EBITDA": 5904000000.0,
        "EBIT": 3755000000.0,
        "Net Interest Income": 22000000.0,
        "Interest Expense": 124000000.0,
        "Interest Income": 146000000.0,
        "Normalized Income": 3201000000.0,
        "Net Income From Continuing And Discontinued Operation": 3201000000.0,
        "Total Expenses": 7622000000.0,
        "Total Operating Income As Reported": 3654000000.0,
        "Diluted Average Shares": 1131000000.0,
        "Basic Average Shares": 1120000000.0,
        "Diluted EPS": 2.83,
        "Basic EPS": 2.86,
        "Diluted NI Availto Com Stockholders": 3201000000.0,
        "Net Income Common Stockholders": 3201000000.0,
        "Net Income": 3201000000.0,
        "Net Income Including Noncontrolling Interests": 3201000000.0,
        "Net Income Continuous Operations": 3201000000.0,
        "Earnings From Equity Interest Net Of Tax": -1000000.0,
        "Tax Provision": 429000000.0,
        "Pretax Income": 3631000000.0,
        "Other Income Expense": -84000000.0,
        "Other Non Operating Income Expenses": 86000000.0,
        "Special Income Charges": NaN,
        "Gain On Sale Of Ppe": NaN,
        "Write Off": NaN,
        "Restructuring And Mergern Acquisition": NaN,
        "Net Non Operating Interest Income Expense": 22000000.0,
        "Interest Expense Non Operating": 124000000.0,
        "Interest Income Non Operating": 146000000.0,
        "Operating Income": 3693000000.0,
        "Operating Expense": 1361000000.0,
        "Other Operating Expenses": 0.0,
        "Research And Development": 1047000000.0,
        "Selling General And Administration": 314000000.0,
        "Gross Profit": 5054000000.0,
        "Cost Of Revenue": 6261000000.0,
        "Total Revenue": 11315000000.0,
        "Operating Revenue": 11315000000.0
    },
    "2025-11-30": {
        "Tax Effect Of Unusual Items": NaN,
        "Tax Rate For Calcs": NaN,
        "Normalized EBITDA": NaN,
        "Total Unusual Items": NaN,
        "Total Unusual Items Excluding Goodwill": NaN,
        "Net Income From Continuing Operation Net Minority Interest": NaN,
        "Reconciled Depreciation": NaN,
        "Reconciled Cost Of Revenue": NaN,
        "EBITDA": NaN,
        "EBIT": NaN,
        "Net Interest Income": NaN,
        "Interest Expense": NaN,
        "Interest Income": NaN,
        "Normalized Income": NaN,
        "Net Income From Continuing And Discontinued Operation": NaN,
        "Total Expenses": NaN,
        "Total Operating Income As Reported": NaN,
        "Diluted Average Shares": 1138000000.0,
        "Basic Average Shares": 1125000000.0,
        "Diluted EPS": 4.6,
        "Basic EPS": 4.66,
        "Diluted NI Availto Com Stockholders": NaN,
        "Net Income Common Stockholders": NaN,
        "Net Income": NaN,
        "Net Income Including Noncontrolling Interests": NaN,
        "Net Income Continuous Operations": NaN,
        "Earnings From Equity Interest Net Of Tax": NaN,
        "Tax Provision": NaN,
        "Pretax Income": NaN,
        "Other Income Expense": NaN,
        "Other Non Operating Income Expenses": NaN,
        "Special Income Charges": NaN,
        "Gain On Sale Of Ppe": NaN,
        "Write Off": NaN,
        "Restructuring And Mergern Acquisition": NaN,
        "Net Non Operating Interest Income Expense": NaN,
        "Interest Expense Non Operating": NaN,
        "Interest Income Non Operating": NaN,
        "Operating Income": NaN,
        "Operating Expense": NaN,
        "Other Operating Expenses": NaN,
        "Research And Development": NaN,
        "Selling General And Administration": NaN,
        "Gross Profit": NaN,
        "Cost Of Revenue": NaN,
        "Total Revenue": NaN,
        "Operating Revenue": NaN
    }
}