{
    "2023-03-31": {
        "Tax Effect Of Unusual Items": NaN,
        "Tax Rate For Calcs": NaN,
        "Normalized EBITDA": NaN,
        "Total Unusual Items": NaN,
        "Total Unusual Items Excluding Goodwill": NaN,
        "Net Income From Continuing Operation Net Minority Interest": NaN,
        "Reconciled Depreciation": NaN,
        "Reconciled Cost Of Revenue": NaN,
        "EBITDA": NaN,
        "EBIT": NaN,
        "Net Interest Income": NaN,
        "Interest Expense": NaN,
        "Normalized Income": NaN,
        "Net Income From Continuing And Discontinued Operation": NaN,
        "Total Expenses": NaN,
        "Total Operating Income As Reported": NaN,
        "Diluted Average Shares": NaN,
        "Basic Average Shares": NaN,
        "Diluted EPS": NaN,
        "Basic EPS": NaN,
        "Diluted NI Availto Com Stockholders": NaN,
        "Net Income Common Stockholders": NaN,
        "Net Income": NaN,
        "Net Income Including Noncontrolling Interests": NaN,
        "Net Income Continuous Operations": NaN,
        "Tax Provision": NaN,
        "Pretax Income": NaN,
        "Other Income Expense": NaN,
        "Other Non Operating Income Expenses": NaN,
        "Special Income Charges": NaN,
        "Gain On Sale Of Ppe": NaN,
        "Restructuring And Mergern Acquisition": 0.0,
        "Gain On Sale Of Security": NaN,
        "Net Non Operating Interest Income Expense": NaN,
        "Interest Expense Non Operating": NaN,
        "Operating Income": NaN,
        "Operating Expense": NaN,
        "Other Operating Expenses": NaN,
        "Depreciation Amortization Depletion Income Statement": NaN,
        "Depreciation And Amortization In Income Statement": NaN,
        "Selling General And Administration": NaN,
        "Gross Profit": NaN,
        "Cost Of Revenue": NaN,
        "Total Revenue": NaN,
        "Excise Taxes": NaN,
        "Operating Revenue": NaN
    },
    "2022-12-31": {
        "Tax Effect Of Unusual Items": NaN,
        "Tax Rate For Calcs": NaN,
        "Normalized EBITDA": NaN,
        "Total Unusual Items": NaN,
        "Total Unusual Items Excluding Goodwill": NaN,
        "Net Income From Continuing Operation Net Minority Interest": NaN,
        "Reconciled Depreciation": NaN,
        "Reconciled Cost Of Revenue": NaN,
        "EBITDA": NaN,
        "EBIT": NaN,
        "Net Interest Income": NaN,
        "Interest Expense": NaN,
        "Interest Income": 1200000.0,
        "Normalized Income": NaN,
        "Net Income From Continuing And Discontinued Operation": NaN,
        "Total Expenses": NaN,
        "Total Operating Income As Reported": NaN,
        "Diluted Average Shares": NaN,
        "Basic Average Shares": NaN,
        "Diluted EPS": NaN,
        "Basic EPS": NaN,
        "Diluted NI Availto Com Stockholders": NaN,
        "Net Income Common Stockholders": NaN,
        "Net Income": NaN,
        "Net Income Including Noncontrolling Interests": NaN,
        "Net Income Continuous Operations": NaN,
        "Tax Provision": NaN,
        "Pretax Income": NaN,
        "Other Income Expense": NaN,
        "Other Non Operating Income Expenses": NaN,
        "Special Income Charges": NaN,
        "Gain On Sale Of Ppe": NaN,
        "Restructuring And Mergern Acquisition": 100000.0,
        "Gain On Sale Of Security": NaN,
        "Net Non Operating Interest Income Expense": NaN,
        "Interest Expense Non Operating": NaN,
        "Interest Income Non Operating": 1200000.0,
        "Operating Income": NaN,
        "Operating Expense": NaN,
        "Other Operating Expenses": NaN,
        "Depreciation Amortization Depletion Income Statement": NaN,
        "Depreciation And Amortization In Income Statement": NaN,
        "Selling General And Administration": NaN,
        "Gross Profit": NaN,
        "Cost Of Revenue": NaN,
        "Total Revenue": NaN,
        "Excise Taxes": NaN,
        "Operating Revenue": NaN
    },
    "2022-09-30": {
        "Tax Effect Of Unusual Items": NaN,
        "Tax Rate For Calcs": NaN,
        "Normalized EBITDA": NaN,
        "Total Unusual Items": NaN,
        "Total Unusual Items Excluding Goodwill": NaN,
        "Net Income From Continuing Operation Net Minority Interest": NaN,
        "Reconciled Depreciation": NaN,
        "Reconciled Cost Of Revenue": NaN,
        "EBITDA": NaN,
        "EBIT": NaN,
        "Net Interest Income": NaN,
        "Interest Expense": NaN,
        "Interest Income": 1400000.0,
        "Normalized Income": NaN,
        "Net Income From Continuing And Discontinued Operation": NaN,
        "Total Expenses": NaN,
        "Total Operating Income As Reported": NaN,
        "Diluted Average Shares": NaN,
        "Basic Average Shares": NaN,
        "Diluted EPS": NaN,
        "Basic EPS": NaN,
        "Diluted NI Availto Com Stockholders": NaN,
        "Net Income Common Stockholders": NaN,
        "Net Income": NaN,
        "Net Income Including Noncontrolling Interests": NaN,
        "Net Income Continuous Operations": NaN,
        "Tax Provision": NaN,
        "Pretax Income": NaN,
        "Other Income Expense": NaN,
        "Other Non Operating Income Expenses": NaN,
        "Special Income Charges": NaN,
        "Gain On Sale Of Ppe": NaN,
        "Restructuring And Mergern Acquisition": NaN,
        "Gain On Sale Of Security": NaN,
        "Net Non Operating Interest Income Expense": NaN,
        "Interest Expense Non Operating": NaN,
        "Interest Income Non Operating": 1400000.0,
        "Operating Income": NaN,
        "Operating Expense": NaN,
        "Other Operating Expenses": NaN,
        "Depreciation Amortization Depletion Income Statement": NaN,
        "Depreciation And Amortization In Income Statement": NaN,
        "Selling General And Administration": NaN,
        "Gross Profit": NaN,
        "Cost Of Revenue": NaN,
        "Total Revenue": NaN,
        "Excise Taxes": 569700000.0,
        "Operating Revenue": NaN
    },
    "2022-06-30": {
        "Tax Effect Of Unusual Items": 264000.0,
        "Tax Rate For Calcs": 0.24,
        "Normalized EBITDA": 315100000.0,
        "Total Unusual Items": 1100000.0,
        "Total Unusual Items Excluding Goodwill": 1100000.0,
        "Net Income From Continuing Operation Net Minority Interest": 183300000.0,
        "Reconciled Depreciation": 54700000.0,
        "Reconciled Cost Of Revenue": 6145700000.0,
        "EBITDA": 316200000.0,
        "EBIT": 261500000.0,
        "Net Interest Income": -19800000.0,
        "Interest Expense": 20200000.0,
        "Interest Income": 400000.0,
        "Normalized Income": 182464000.0,
        "Net Income From Continuing And Discontinued Operation": 183300000.0,
        "Total Expenses": 6505500000.0,
        "Total Operating Income As Reported": 262300000.0,
        "Diluted Average Shares": 24341000.0,
        "Basic Average Shares": 23952000.0,
        "Diluted EPS": 7.53,
        "Basic EPS": 7.65,
        "Diluted NI Availto Com Stockholders": 183300000.0,
        "Net Income Common Stockholders": 183300000.0,
        "Net Income": 183300000.0,
        "Net Income Including Noncontrolling Interests": 183300000.0,
        "Net Income Continuous Operations": 183300000.0,
        "Tax Provision": 58000000.0,
        "Pretax Income": 241300000.0,
        "Other Income Expense": -100000.0,
        "Other Non Operating Income Expenses": -1200000.0,
        "Special Income Charges": 1100000.0,
        "Gain On Sale Of Ppe": 1900000.0,
        "Restructuring And Mergern Acquisition": 800000.0,
        "Gain On Sale Of Security": NaN,
        "Net Non Operating Interest Income Expense": -19800000.0,
        "Interest Expense Non Operating": 20200000.0,
        "Interest Income Non Operating": 400000.0,
        "Operating Income": 261200000.0,
        "Operating Expense": 359800000.0,
        "Other Operating Expenses": 252900000.0,
        "Depreciation Amortization Depletion Income Statement": 54700000.0,
        "Depreciation And Amortization In Income Statement": 54700000.0,
        "Selling General And Administration": 52200000.0,
        "Gross Profit": 621000000.0,
        "Cost Of Revenue": 6145700000.0,
        "Total Revenue": 6766700000.0,
        "Excise Taxes": 554700000.0,
        "Operating Revenue": 7239600000.0
    },
    "2023-06-30": {
        "Tax Effect Of Unusual Items": NaN,
        "Tax Rate For Calcs": NaN,
        "Normalized EBITDA": NaN,
        "Total Unusual Items": NaN,
        "Total Unusual Items Excluding Goodwill": NaN,
        "Net Income From Continuing Operation Net Minority Interest": NaN,
        "Reconciled Depreciation": NaN,
        "Reconciled Cost Of Revenue": NaN,
        "EBITDA": NaN,
        "EBIT": NaN,
        "Net Interest Income": NaN,
        "Interest Expense": NaN,
        "Normalized Income": NaN,
        "Net Income From Continuing And Discontinued Operation": NaN,
        "Total Expenses": NaN,
        "Total Operating Income As Reported": NaN,
        "Diluted Average Shares": NaN,
        "Basic Average Shares": NaN,
        "Diluted EPS": NaN,
        "Basic EPS": NaN,
        "Diluted NI Availto Com Stockholders": NaN,
        "Net Income Common Stockholders": NaN,
        "Net Income": NaN,
        "Net Income Including Noncontrolling Interests": NaN,
        "Net Income Continuous Operations": NaN,
        "Tax Provision": NaN,
        "Pretax Income": NaN,
        "Other Income Expense": NaN,
        "Other Non Operating Income Expenses": NaN,
        "Special Income Charges": NaN,
        "Gain On Sale Of Ppe": NaN,
        "Restructuring And Mergern Acquisition": 0.0,
        "Gain On Sale Of Security": NaN,
        "Net Non Operating Interest Income Expense": NaN,
        "Interest Expense Non Operating": NaN,
        "Operating Income": NaN,
        "Operating Expense": NaN,
        "Other Operating Expenses": NaN,
        "Depreciation Amortization Depletion Income Statement": NaN,
        "Depreciation And Amortization In Income Statement": NaN,
        "Selling General And Administration": NaN,
        "Gross Profit": NaN,
        "Cost Of Revenue": NaN,
        "Total Revenue": NaN,
        "Excise Taxes": 594200000.0,
        "Operating Revenue": NaN
    },
    "2022-03-31": {
        "Diluted EPS": 6.08,
        "Total Revenue": NaN,
        "Gross Profit": 546,
        "Operating Income": 221,
        "EBIT": 276,
        "Net Income": 152
    },
    "2021-12-31": {
        "Diluted EPS": 4.14,
        "Total Revenue": NaN,
        "Gross Profit": 490,
        "Operating Income": 161,
        "EBIT": 216,
        "Net Income": 109
    },
    "2021-09-30": {
        "Diluted EPS": 3.98,
        "Total Revenue": NaN,
        "Gross Profit": 481,
        "Operating Income": 158,
        "EBIT": 211,
        "Net Income": 104
    },
    "2021-06-30": {
        "Diluted EPS": 4.79,
        "Total Revenue": NaN,
        "Gross Profit": 502,
        "Operating Income": 190,
        "EBIT": 244,
        "Net Income": 129
    },
    "2021-03-31": {
        "Diluted EPS": 2.01,
        "Total Revenue": NaN,
        "Gross Profit": 376,
        "Operating Income": 95,
        "EBIT": 146,
        "Net Income": 55
    },
    "2020-12-31": {
        "Diluted EPS": 2.16,
        "Total Revenue": NaN,
        "Gross Profit": 317,
        "Operating Income": 92,
        "EBIT": 134,
        "Net Income": 61
    },
    "2020-09-30": {
        "Diluted EPS": 2.27,
        "Total Revenue": NaN,
        "Gross Profit": 338,
        "Operating Income": 100,
        "EBIT": 141,
        "Net Income": 67
    },
    "2020-06-30": {
        "Diluted EPS": 5.73,
        "Total Revenue": NaN,
        "Gross Profit": 443,
        "Operating Income": 236,
        "EBIT": 274,
        "Net Income": 169
    },
    "2020-03-31": {
        "Diluted EPS": 2.92,
        "Total Revenue": NaN,
        "Gross Profit": 345,
        "Operating Income": 131,
        "EBIT": 171,
        "Net Income": 89
    },
    "2019-12-31": {
        "Diluted EPS": 1.51,
        "Total Revenue": NaN,
        "Gross Profit": 289,
        "Operating Income": 73,
        "EBIT": 112,
        "Net Income": 48
    },
    "2019-09-30": {
        "Diluted EPS": 2.18,
        "Total Revenue": NaN,
        "Gross Profit": 338,
        "Operating Income": 121,
        "EBIT": 158,
        "Net Income": 69
    },
    "2019-06-30": {
        "Diluted EPS": 1.01,
        "Total Revenue": NaN,
        "Gross Profit": 273,
        "Operating Income": 56,
        "EBIT": 92,
        "Net Income": 33
    },
    "2019-03-31": {
        "Diluted EPS": 0.16,
        "Total Revenue": NaN,
        "Gross Profit": 226,
        "Operating Income": 19,
        "EBIT": 59,
        "Net Income": 5
    },
    "2018-12-31": {
        "Diluted EPS": 2.36,
        "Total Revenue": NaN,
        "Gross Profit": 322,
        "Operating Income": 113,
        "EBIT": 148,
        "Net Income": 78
    },
    "2018-09-30": {
        "Diluted EPS": 1.38,
        "Total Revenue": NaN,
        "Gross Profit": 278,
        "Operating Income": 71,
        "EBIT": 105,
        "Net Income": 45
    },
    "2018-06-30": {
        "Diluted EPS": 1.58,
        "Total Revenue": NaN,
        "Gross Profit": 283,
        "Operating Income": 82,
        "EBIT": 115,
        "Net Income": 52
    },
    "2018-03-31": {
        "Diluted EPS": 1.16,
        "Total Revenue": NaN,
        "Gross Profit": 207,
        "Operating Income": 60,
        "EBIT": 92,
        "Net Income": 39
    },
    "2017-12-31": {
        "Diluted EPS": 3.45,
        "Total Revenue": NaN,
        "Gross Profit": 269,
        "Operating Income": 65,
        "EBIT": 98,
        "Net Income": 125
    },
    "2017-09-30": {
        "Diluted EPS": 1.9,
        "Total Revenue": NaN,
        "Gross Profit": 309,
        "Operating Income": 118,
        "EBIT": 147,
        "Net Income": 68
    },
    "2017-06-30": {
        "Diluted EPS": 1.51,
        "Total Revenue": NaN,
        "Gross Profit": 290,
        "Operating Income": 101,
        "EBIT": 129,
        "Net Income": 56
    },
    "2017-03-31": {
        "Diluted EPS": -0.08,
        "Total Revenue": NaN,
        "Gross Profit": 193,
        "Operating Income": -1,
        "EBIT": 26,
        "Net Income": -3
    },
    "2016-12-31": {
        "Diluted EPS": 1.18,
        "Total Revenue": NaN,
        "Gross Profit": 255,
        "Operating Income": 166,
        "EBIT": 192,
        "Net Income": 44
    },
    "2016-09-30": {
        "Diluted EPS": 1.16,
        "Total Revenue": NaN,
        "Gross Profit": 264,
        "Operating Income": 79,
        "EBIT": 105,
        "Net Income": 45
    },
    "2016-06-30": {
        "Diluted EPS": 1.17,
        "Total Revenue": NaN,
        "Gross Profit": 266,
        "Operating Income": 84,
        "EBIT": 108,
        "Net Income": 46
    },
    "2016-03-31": {
        "Diluted EPS": 2.08,
        "Total Revenue": NaN,
        "Gross Profit": 231,
        "Operating Income": 59,
        "EBIT": 83,
        "Net Income": 86
    },
    "2015-12-31": {
        "Diluted EPS": 1.52,
        "Total Revenue": NaN,
        "Gross Profit": 238,
        "Operating Income": 50,
        "EBIT": 72,
        "Net Income": 67
    },
    "2015-09-30": {
        "Diluted EPS": 1.41,
        "Total Revenue": NaN,
        "Gross Profit": 283,
        "Operating Income": 106,
        "EBIT": 128,
        "Net Income": 61
    },
    "2015-06-30": {
        "Diluted EPS": 0.59,
        "Total Revenue": NaN,
        "Gross Profit": 229,
        "Operating Income": 52,
        "EBIT": 73,
        "Net Income": 26
    },
    "2015-03-31": {
        "Diluted EPS": 0.5,
        "Total Revenue": NaN,
        "Gross Profit": 209,
        "Operating Income": 42,
        "EBIT": 63,
        "Net Income": 23
    },
    "2014-12-31": {
        "Diluted EPS": 2.12,
        "Total Revenue": NaN,
        "Gross Profit": 286,
        "Operating Income": 125,
        "EBIT": 146,
        "Net Income": 98
    },
    "2014-09-30": {
        "Diluted EPS": 1.36,
        "Total Revenue": NaN,
        "Gross Profit": 272,
        "Operating Income": 99,
        "EBIT": 119,
        "Net Income": 63
    },
    "2014-06-30": {
        "Diluted EPS": 1.57,
        "Total Revenue": NaN,
        "Gross Profit": 300,
        "Operating Income": 117,
        "EBIT": 137,
        "Net Income": 73
    },
    "2014-03-31": {
        "Diluted EPS": 0.21,
        "Total Revenue": NaN,
        "Gross Profit": 194,
        "Operating Income": 23,
        "EBIT": 43,
        "Net Income": 10
    },
    "2013-12-31": {
        "Diluted EPS": 2.0,
        "Total Revenue": NaN,
        "Gross Profit": 191,
        "Operating Income": 55,
        "EBIT": 74,
        "Net Income": 94
    },
    "2013-09-30": {
        "Diluted EPS": 0.89,
        "Total Revenue": NaN,
        "Gross Profit": 243,
        "Operating Income": 57,
        "EBIT": 75,
        "Net Income": 42
    },
    "2013-06-30": {
        "Diluted EPS": 1.66,
        "Total Revenue": NaN,
        "Gross Profit": 287,
        "Operating Income": 115,
        "EBIT": 133,
        "Net Income": 78
    },
    "2013-03-31": {
        "Diluted EPS": 0.47,
        "Total Revenue": NaN,
        "Gross Profit": 206,
        "Operating Income": 35,
        "EBIT": 53,
        "Net Income": 22
    },
    "2012-12-31": {
        "Diluted EPS": 0.0,
        "Total Revenue": NaN,
        "Gross Profit": NaN,
        "Operating Income": NaN,
        "EBIT": NaN,
        "Net Income": NaN
    },
    "2012-09-30": {
        "Diluted EPS": 0.24,
        "Total Revenue": NaN,
        "Gross Profit": 202,
        "Operating Income": 20,
        "EBIT": 20,
        "Net Income": 11
    },
    "2011-12-31": {
        "Diluted EPS": 0.0,
        "Total Revenue": NaN,
        "Gross Profit": NaN,
        "Operating Income": NaN,
        "EBIT": NaN,
        "Net Income": NaN
    },
    "2023-09-30": {
        "Tax Effect Of Unusual Items": NaN,
        "Tax Rate For Calcs": NaN,
        "Normalized EBITDA": NaN,
        "Total Unusual Items": NaN,
        "Total Unusual Items Excluding Goodwill": NaN,
        "Net Income From Continuing Operation Net Minority Interest": NaN,
        "Reconciled Depreciation": NaN,
        "Reconciled Cost Of Revenue": NaN,
        "EBITDA": NaN,
        "EBIT": NaN,
        "Net Interest Income": NaN,
        "Interest Expense": NaN,
        "Normalized Income": NaN,
        "Net Income From Continuing And Discontinued Operation": NaN,
        "Total Expenses": NaN,
        "Total Operating Income As Reported": NaN,
        "Diluted Average Shares": NaN,
        "Basic Average Shares": NaN,
        "Diluted EPS": NaN,
        "Basic EPS": NaN,
        "Diluted NI Availto Com Stockholders": NaN,
        "Net Income Common Stockholders": NaN,
        "Net Income": NaN,
        "Net Income Including Noncontrolling Interests": NaN,
        "Net Income Continuous Operations": NaN,
        "Tax Provision": NaN,
        "Pretax Income": NaN,
        "Other Income Expense": NaN,
        "Other Non Operating Income Expenses": NaN,
        "Special Income Charges": NaN,
        "Gain On Sale Of Ppe": NaN,
        "Restructuring And Mergern Acquisition": 0.0,
        "Gain On Sale Of Security": NaN,
        "Net Non Operating Interest Income Expense": NaN,
        "Interest Expense Non Operating": NaN,
        "Operating Income": NaN,
        "Operating Expense": NaN,
        "Other Operating Expenses": NaN,
        "Depreciation Amortization Depletion Income Statement": NaN,
        "Depreciation And Amortization In Income Statement": NaN,
        "Selling General And Administration": NaN,
        "Gross Profit": NaN,
        "Cost Of Revenue": NaN,
        "Total Revenue": NaN,
        "Excise Taxes": 582100000.0,
        "Operating Revenue": NaN
    },
    "2023-12-31": {
        "Tax Effect Of Unusual Items": NaN,
        "Tax Rate For Calcs": NaN,
        "Normalized EBITDA": NaN,
        "Total Unusual Items": NaN,
        "Total Unusual Items Excluding Goodwill": NaN,
        "Net Income From Continuing Operation Net Minority Interest": NaN,
        "Reconciled Depreciation": NaN,
        "Reconciled Cost Of Revenue": NaN,
        "EBITDA": NaN,
        "EBIT": NaN,
        "Net Interest Income": NaN,
        "Interest Expense": NaN,
        "Normalized Income": NaN,
        "Net Income From Continuing And Discontinued Operation": NaN,
        "Total Expenses": NaN,
        "Total Operating Income As Reported": NaN,
        "Diluted Average Shares": NaN,
        "Basic Average Shares": NaN,
        "Diluted EPS": NaN,
        "Basic EPS": NaN,
        "Diluted NI Availto Com Stockholders": NaN,
        "Net Income Common Stockholders": NaN,
        "Net Income": NaN,
        "Net Income Including Noncontrolling Interests": NaN,
        "Net Income Continuous Operations": NaN,
        "Tax Provision": NaN,
        "Pretax Income": NaN,
        "Other Income Expense": NaN,
        "Other Non Operating Income Expenses": NaN,
        "Special Income Charges": NaN,
        "Gain On Sale Of Ppe": NaN,
        "Restructuring And Mergern Acquisition": 0.0,
        "Gain On Sale Of Security": NaN,
        "Net Non Operating Interest Income Expense": NaN,
        "Interest Expense Non Operating": NaN,
        "Operating Income": NaN,
        "Operating Expense": NaN,
        "Other Operating Expenses": NaN,
        "Depreciation Amortization Depletion Income Statement": NaN,
        "Depreciation And Amortization In Income Statement": NaN,
        "Selling General And Administration": NaN,
        "Gross Profit": NaN,
        "Cost Of Revenue": NaN,
        "Total Revenue": NaN,
        "Excise Taxes": NaN,
        "Operating Revenue": NaN
    },
    "2024-03-31": {
        "Tax Effect Of Unusual Items": 310622.710623,
        "Tax Rate For Calcs": 0.194139,
        "Normalized EBITDA": 163900000.0,
        "Total Unusual Items": 1600000.0,
        "Total Unusual Items Excluding Goodwill": 1600000.0,
        "Net Income From Continuing Operation Net Minority Interest": 66000000.0,
        "Reconciled Depreciation": 58700000.0,
        "Reconciled Cost Of Revenue": 4365200000.0,
        "EBITDA": 165500000.0,
        "EBIT": 106800000.0,
        "Net Interest Income": -24900000.0,
        "Interest Expense": 24900000.0,
        "Normalized Income": 64710622.710623,
        "Net Income From Continuing And Discontinued Operation": 66000000.0,
        "Total Expenses": 4738900000.0,
        "Total Operating Income As Reported": 105200000.0,
        "Diluted Average Shares": 21162000.0,
        "Basic Average Shares": 20814000.0,
        "Diluted EPS": 3.12,
        "Basic EPS": 3.17,
        "Diluted NI Availto Com Stockholders": 66000000.0,
        "Net Income Common Stockholders": 66000000.0,
        "Net Income": 66000000.0,
        "Net Income Including Noncontrolling Interests": 66000000.0,
        "Net Income Continuous Operations": 66000000.0,
        "Tax Provision": 15900000.0,
        "Pretax Income": 81900000.0,
        "Other Income Expense": 2000000.0,
        "Other Non Operating Income Expenses": 400000.0,
        "Special Income Charges": 400000.0,
        "Gain On Sale Of Ppe": 400000.0,
        "Restructuring And Mergern Acquisition": NaN,
        "Gain On Sale Of Security": 1200000.0,
        "Net Non Operating Interest Income Expense": -24900000.0,
        "Interest Expense Non Operating": 24900000.0,
        "Operating Income": 104800000.0,
        "Operating Expense": 373700000.0,
        "Other Operating Expenses": 252900000.0,
        "Depreciation Amortization Depletion Income Statement": 58700000.0,
        "Depreciation And Amortization In Income Statement": 58700000.0,
        "Selling General And Administration": 62100000.0,
        "Gross Profit": 478500000.0,
        "Cost Of Revenue": 4365200000.0,
        "Total Revenue": 4843700000.0,
        "Excise Taxes": 558800000.0,
        "Operating Revenue": 5371200000.0
    },
    "2024-06-30": {
        "Tax Effect Of Unusual Items": -125258.799172,
        "Tax Rate For Calcs": 0.250518,
        "Normalized EBITDA": 277900000.0,
        "Total Unusual Items": -500000.0,
        "Total Unusual Items Excluding Goodwill": -500000.0,
        "Net Income From Continuing Operation Net Minority Interest": 144800000.0,
        "Reconciled Depreciation": 59300000.0,
        "Reconciled Cost Of Revenue": 4844100000.0,
        "EBITDA": 277400000.0,
        "EBIT": 218100000.0,
        "Net Interest Income": -24900000.0,
        "Interest Expense": 24900000.0,
        "Normalized Income": 145174741.200828,
        "Net Income From Continuing And Discontinued Operation": 144800000.0,
        "Total Expenses": 5233200000.0,
        "Total Operating Income As Reported": 217100000.0,
        "Diluted Average Shares": 20922000.0,
        "Basic Average Shares": 20643000.0,
        "Diluted EPS": 6.92,
        "Basic EPS": 7.02,
        "Diluted NI Availto Com Stockholders": 144800000.0,
        "Net Income Common Stockholders": 144800000.0,
        "Net Income": 144800000.0,
        "Net Income Including Noncontrolling Interests": 144800000.0,
        "Net Income Continuous Operations": 144800000.0,
        "Tax Provision": 48400000.0,
        "Pretax Income": 193200000.0,
        "Other Income Expense": -400000.0,
        "Other Non Operating Income Expenses": 100000.0,
        "Special Income Charges": -1400000.0,
        "Gain On Sale Of Ppe": -1400000.0,
        "Restructuring And Mergern Acquisition": NaN,
        "Gain On Sale Of Security": 900000.0,
        "Net Non Operating Interest Income Expense": -24900000.0,
        "Interest Expense Non Operating": 24900000.0,
        "Operating Income": 218500000.0,
        "Operating Expense": 389100000.0,
        "Other Operating Expenses": 270700000.0,
        "Depreciation Amortization Depletion Income Statement": 59300000.0,
        "Depreciation And Amortization In Income Statement": 59300000.0,
        "Selling General And Administration": 59100000.0,
        "Gross Profit": 607600000.0,
        "Cost Of Revenue": 4844100000.0,
        "Total Revenue": 5451700000.0,
        "Excise Taxes": 597500000.0,
        "Operating Revenue": 6018400000.0
    },
    "2024-09-30": {
        "Tax Effect Of Unusual Items": 149471.565174,
        "Tax Rate For Calcs": 0.249119,
        "Normalized EBITDA": 285300000.0,
        "Total Unusual Items": 600000.0,
        "Total Unusual Items Excluding Goodwill": 600000.0,
        "Net Income From Continuing Operation Net Minority Interest": 149200000.0,
        "Reconciled Depreciation": 62800000.0,
        "Reconciled Cost Of Revenue": 4616800000.0,
        "EBITDA": 285900000.0,
        "EBIT": 223100000.0,
        "Net Interest Income": -24400000.0,
        "Interest Expense": 24400000.0,
        "Normalized Income": 148749471.565174,
        "Net Income From Continuing And Discontinued Operation": 149200000.0,
        "Total Expenses": 5016500000.0,
        "Total Operating Income As Reported": 221600000.0,
        "Diluted Average Shares": 20735000.0,
        "Basic Average Shares": 20440000.0,
        "Diluted EPS": 7.2,
        "Basic EPS": 7.3,
        "Diluted NI Availto Com Stockholders": 149200000.0,
        "Net Income Common Stockholders": 149200000.0,
        "Net Income": 149200000.0,
        "Net Income Including Noncontrolling Interests": 149200000.0,
        "Net Income Continuous Operations": 149200000.0,
        "Tax Provision": 49500000.0,
        "Pretax Income": 198700000.0,
        "Other Income Expense": 1100000.0,
        "Other Non Operating Income Expenses": 500000.0,
        "Special Income Charges": -400000.0,
        "Gain On Sale Of Ppe": -400000.0,
        "Restructuring And Mergern Acquisition": NaN,
        "Gain On Sale Of Security": 1000000.0,
        "Net Non Operating Interest Income Expense": -24400000.0,
        "Interest Expense Non Operating": 24400000.0,
        "Operating Income": 222000000.0,
        "Operating Expense": 399700000.0,
        "Other Operating Expenses": 276900000.0,
        "Depreciation Amortization Depletion Income Statement": 62800000.0,
        "Depreciation And Amortization In Income Statement": 62800000.0,
        "Selling General And Administration": 60000000.0,
        "Gross Profit": 621700000.0,
        "Cost Of Revenue": 4616800000.0,
        "Total Revenue": 5238500000.0,
        "Excise Taxes": 601100000.0,
        "Operating Revenue": 5804900000.0
    },
    "2024-12-31": {
        "Tax Effect Of Unusual Items": -1588301.462317,
        "Tax Rate For Calcs": 0.198538,
        "Normalized EBITDA": 275900000.0,
        "Total Unusual Items": -8000000.0,
        "Total Unusual Items Excluding Goodwill": -8000000.0,
        "Net Income From Continuing Operation Net Minority Interest": 142500000.0,
        "Reconciled Depreciation": 67200000.0,
        "Reconciled Cost Of Revenue": 4111400000.0,
        "EBITDA": 267900000.0,
        "EBIT": 200700000.0,
        "Net Interest Income": -22900000.0,
        "Interest Expense": 22900000.0,
        "Normalized Income": 148911698.537683,
        "Net Income From Continuing And Discontinued Operation": 142500000.0,
        "Total Expenses": 4500100000.0,
        "Total Operating Income As Reported": 199000000.0,
        "Diluted Average Shares": 20458000.0,
        "Basic Average Shares": 20159000.0,
        "Diluted EPS": 6.96,
        "Basic EPS": 7.07,
        "Diluted NI Availto Com Stockholders": 142500000.0,
        "Net Income Common Stockholders": 142500000.0,
        "Net Income": 142500000.0,
        "Net Income Including Noncontrolling Interests": 142500000.0,
        "Net Income Continuous Operations": 142500000.0,
        "Tax Provision": 35300000.0,
        "Pretax Income": 177800000.0,
        "Other Income Expense": -9600000.0,
        "Other Non Operating Income Expenses": -1600000.0,
        "Special Income Charges": -11300000.0,
        "Gain On Sale Of Ppe": -3100000.0,
        "Restructuring And Mergern Acquisition": NaN,
        "Gain On Sale Of Security": 3300000.0,
        "Net Non Operating Interest Income Expense": -22900000.0,
        "Interest Expense Non Operating": 22900000.0,
        "Operating Income": 210300000.0,
        "Operating Expense": 388700000.0,
        "Other Operating Expenses": 267300000.0,
        "Depreciation Amortization Depletion Income Statement": 67200000.0,
        "Depreciation And Amortization In Income Statement": 67200000.0,
        "Selling General And Administration": 54200000.0,
        "Gross Profit": 599000000.0,
        "Cost Of Revenue": 4111400000.0,
        "Total Revenue": 4710400000.0,
        "Excise Taxes": NaN,
        "Operating Revenue": 2912100000.0
    },
    "2025-03-31": {
        "Tax Effect Of Unusual Items": -56219.709208,
        "Tax Rate For Calcs": 0.140549,
        "Normalized EBITDA": 155900000.0,
        "Total Unusual Items": -400000.0,
        "Total Unusual Items Excluding Goodwill": -400000.0,
        "Net Income From Continuing Operation Net Minority Interest": 53200000.0,
        "Reconciled Depreciation": 68200000.0,
        "Reconciled Cost Of Revenue": 4041800000.0,
        "EBITDA": 155500000.0,
        "EBIT": 87300000.0,
        "Net Interest Income": -25400000.0,
        "Interest Expense": 25400000.0,
        "Normalized Income": 53543780.290792,
        "Net Income From Continuing And Discontinued Operation": 53200000.0,
        "Total Expenses": 4437100000.0,
        "Total Operating Income As Reported": 88000000.0,
        "Diluted Average Shares": 20204000.0,
        "Basic Average Shares": 19929000.0,
        "Diluted EPS": 2.63,
        "Basic EPS": 2.67,
        "Diluted NI Availto Com Stockholders": 53200000.0,
        "Net Income Common Stockholders": 53200000.0,
        "Net Income": 53200000.0,
        "Net Income Including Noncontrolling Interests": 53200000.0,
        "Net Income Continuous Operations": 53200000.0,
        "Tax Provision": 8700000.0,
        "Pretax Income": 61900000.0,
        "Other Income Expense": -1000000.0,
        "Other Non Operating Income Expenses": -600000.0,
        "Special Income Charges": -300000.0,
        "Gain On Sale Of Ppe": -300000.0,
        "Restructuring And Mergern Acquisition": NaN,
        "Gain On Sale Of Security": -100000.0,
        "Net Non Operating Interest Income Expense": -25400000.0,
        "Interest Expense Non Operating": 25400000.0,
        "Operating Income": 88300000.0,
        "Operating Expense": 395300000.0,
        "Other Operating Expenses": 267000000.0,
        "Depreciation Amortization Depletion Income Statement": 68200000.0,
        "Depreciation And Amortization In Income Statement": 68200000.0,
        "Selling General And Administration": 60100000.0,
        "Gross Profit": 483600000.0,
        "Cost Of Revenue": 4041800000.0,
        "Total Revenue": 4525400000.0,
        "Excise Taxes": 551800000.0,
        "Operating Revenue": 5041000000.0
    }
}