{
    "2023-03-31": {
        "Tax Effect Of Unusual Items": NaN,
        "Tax Rate For Calcs": NaN,
        "Normalized EBITDA": NaN,
        "Total Unusual Items": NaN,
        "Total Unusual Items Excluding Goodwill": NaN,
        "Net Income From Continuing Operation Net Minority Interest": NaN,
        "Reconciled Depreciation": NaN,
        "Reconciled Cost Of Revenue": NaN,
        "EBITDA": NaN,
        "EBIT": NaN,
        "Normalized Income": NaN,
        "Net Income From Continuing And Discontinued Operation": NaN,
        "Total Expenses": NaN,
        "Total Operating Income As Reported": NaN,
        "Diluted Average Shares": 174703000.0,
        "Basic Average Shares": 174703000.0,
        "Diluted EPS": -0.11,
        "Basic EPS": -0.11,
        "Diluted NI Availto Com Stockholders": NaN,
        "Net Income Common Stockholders": NaN,
        "Net Income": NaN,
        "Net Income Including Noncontrolling Interests": NaN,
        "Net Income Continuous Operations": NaN,
        "Tax Provision": NaN,
        "Pretax Income": NaN,
        "Other Income Expense": NaN,
        "Other Non Operating Income Expenses": NaN,
        "Special Income Charges": NaN,
        "Gain On Sale Of Ppe": NaN,
        "Impairment Of Capital Assets": NaN,
        "Restructuring And Mergern Acquisition": NaN,
        "Operating Income": NaN,
        "Operating Expense": NaN,
        "Research And Development": NaN,
        "Selling General And Administration": NaN,
        "Gross Profit": NaN,
        "Cost Of Revenue": NaN,
        "Total Revenue": NaN,
        "Operating Revenue": NaN
    },
    "2022-12-31": {
        "Tax Effect Of Unusual Items": NaN,
        "Tax Rate For Calcs": NaN,
        "Normalized EBITDA": NaN,
        "Total Unusual Items": NaN,
        "Total Unusual Items Excluding Goodwill": NaN,
        "Net Income From Continuing Operation Net Minority Interest": NaN,
        "Reconciled Depreciation": NaN,
        "Reconciled Cost Of Revenue": NaN,
        "EBITDA": NaN,
        "EBIT": NaN,
        "Normalized Income": NaN,
        "Net Income From Continuing And Discontinued Operation": NaN,
        "Total Expenses": NaN,
        "Total Operating Income As Reported": NaN,
        "Diluted Average Shares": 168308000.0,
        "Basic Average Shares": 168308000.0,
        "Diluted EPS": -0.08,
        "Basic EPS": -0.08,
        "Diluted NI Availto Com Stockholders": NaN,
        "Net Income Common Stockholders": NaN,
        "Net Income": NaN,
        "Net Income Including Noncontrolling Interests": NaN,
        "Net Income Continuous Operations": NaN,
        "Tax Provision": NaN,
        "Pretax Income": NaN,
        "Other Income Expense": NaN,
        "Other Non Operating Income Expenses": NaN,
        "Special Income Charges": NaN,
        "Gain On Sale Of Ppe": NaN,
        "Restructuring And Mergern Acquisition": NaN,
        "Operating Income": NaN,
        "Operating Expense": NaN,
        "Research And Development": NaN,
        "Selling General And Administration": NaN,
        "Gross Profit": NaN,
        "Cost Of Revenue": NaN,
        "Total Revenue": NaN,
        "Operating Revenue": NaN
    },
    "2022-09-30": {
        "Tax Effect Of Unusual Items": NaN,
        "Tax Rate For Calcs": NaN,
        "Normalized EBITDA": NaN,
        "Total Unusual Items": NaN,
        "Total Unusual Items Excluding Goodwill": NaN,
        "Net Income From Continuing Operation Net Minority Interest": NaN,
        "Reconciled Depreciation": NaN,
        "Reconciled Cost Of Revenue": NaN,
        "EBITDA": NaN,
        "EBIT": NaN,
        "Normalized Income": NaN,
        "Net Income From Continuing And Discontinued Operation": NaN,
        "Total Expenses": NaN,
        "Total Operating Income As Reported": NaN,
        "Diluted Average Shares": NaN,
        "Basic Average Shares": NaN,
        "Diluted EPS": NaN,
        "Basic EPS": NaN,
        "Diluted NI Availto Com Stockholders": NaN,
        "Net Income Common Stockholders": NaN,
        "Net Income": NaN,
        "Net Income Including Noncontrolling Interests": NaN,
        "Net Income Continuous Operations": NaN,
        "Tax Provision": NaN,
        "Pretax Income": NaN,
        "Other Income Expense": NaN,
        "Other Non Operating Income Expenses": NaN,
        "Special Income Charges": NaN,
        "Gain On Sale Of Ppe": 0.0,
        "Restructuring And Mergern Acquisition": NaN,
        "Operating Income": NaN,
        "Operating Expense": NaN,
        "Research And Development": NaN,
        "Selling General And Administration": NaN,
        "Gross Profit": NaN,
        "Cost Of Revenue": NaN,
        "Total Revenue": NaN,
        "Operating Revenue": NaN
    },
    "2022-06-30": {
        "Tax Effect Of Unusual Items": 0.0,
        "Tax Rate For Calcs": 0.0,
        "Normalized EBITDA": -13251000.0,
        "Total Unusual Items": NaN,
        "Total Unusual Items Excluding Goodwill": NaN,
        "Net Income From Continuing Operation Net Minority Interest": -13597000.0,
        "Reconciled Depreciation": 418000.0,
        "Reconciled Cost Of Revenue": 18000.0,
        "EBITDA": -13251000.0,
        "EBIT": -13669000.0,
        "Normalized Income": -13597000.0,
        "Net Income From Continuing And Discontinued Operation": -13597000.0,
        "Total Expenses": 13983000.0,
        "Total Operating Income As Reported": -13669000.0,
        "Diluted Average Shares": 165238000.0,
        "Basic Average Shares": 165238000.0,
        "Diluted EPS": -0.08,
        "Basic EPS": -0.08,
        "Diluted NI Availto Com Stockholders": -13597000.0,
        "Net Income Common Stockholders": -13597000.0,
        "Net Income": -13597000.0,
        "Net Income Including Noncontrolling Interests": -13597000.0,
        "Net Income Continuous Operations": -13597000.0,
        "Tax Provision": NaN,
        "Pretax Income": -13597000.0,
        "Other Income Expense": 72000.0,
        "Other Non Operating Income Expenses": 72000.0,
        "Special Income Charges": NaN,
        "Gain On Sale Of Ppe": NaN,
        "Restructuring And Mergern Acquisition": NaN,
        "Gain On Sale Of Security": NaN,
        "Operating Income": -13669000.0,
        "Operating Expense": 13965000.0,
        "Research And Development": 7700000.0,
        "Selling General And Administration": 6265000.0,
        "Gross Profit": 296000.0,
        "Cost Of Revenue": 18000.0,
        "Total Revenue": 314000.0,
        "Operating Revenue": 314000.0
    },
    "2022-03-31": {
        "Diluted EPS": -0.08,
        "Total Revenue": 0,
        "Gross Profit": 0,
        "Operating Income": -13,
        "EBIT": -13,
        "Net Income": -13
    },
    "2021-12-31": {
        "Diluted EPS": -0.08,
        "Total Revenue": 1,
        "Gross Profit": 1,
        "Operating Income": -13,
        "EBIT": -12,
        "Net Income": -13
    },
    "2021-09-30": {
        "Diluted EPS": -0.06,
        "Total Revenue": 1,
        "Gross Profit": 1,
        "Operating Income": -10,
        "EBIT": -10,
        "Net Income": -9
    },
    "2021-06-30": {
        "Diluted EPS": -0.09,
        "Total Revenue": 1,
        "Gross Profit": 1,
        "Operating Income": -15,
        "EBIT": -15,
        "Net Income": -15
    },
    "2021-03-31": {
        "Diluted EPS": -0.04,
        "Total Revenue": 0,
        "Gross Profit": 0,
        "Operating Income": -6,
        "EBIT": -6,
        "Net Income": -6
    },
    "2020-12-31": {
        "Diluted EPS": -0.02,
        "Total Revenue": 0,
        "Gross Profit": 0,
        "Operating Income": -4,
        "EBIT": -3,
        "Net Income": -4
    },
    "2020-09-30": {
        "Diluted EPS": -0.02,
        "Total Revenue": 1,
        "Gross Profit": 1,
        "Operating Income": -3,
        "EBIT": -3,
        "Net Income": -3
    },
    "2020-06-30": {
        "Diluted EPS": -0.02,
        "Total Revenue": 1,
        "Gross Profit": 1,
        "Operating Income": -2,
        "EBIT": -2,
        "Net Income": -2
    },
    "2020-03-31": {
        "Diluted EPS": -0.04,
        "Total Revenue": 1,
        "Gross Profit": 0,
        "Operating Income": -5,
        "EBIT": -5,
        "Net Income": -5
    },
    "2019-12-31": {
        "Diluted EPS": -0.03,
        "Total Revenue": 5,
        "Gross Profit": 1,
        "Operating Income": -3,
        "EBIT": -3,
        "Net Income": -3
    },
    "2019-09-30": {
        "Diluted EPS": -0.05,
        "Total Revenue": 1,
        "Gross Profit": -1,
        "Operating Income": -6,
        "EBIT": -6,
        "Net Income": -6
    },
    "2019-06-30": {
        "Diluted EPS": -0.08,
        "Total Revenue": 1,
        "Gross Profit": -1,
        "Operating Income": -9,
        "EBIT": -8,
        "Net Income": -9
    },
    "2019-03-31": {
        "Diluted EPS": -0.08,
        "Total Revenue": 2,
        "Gross Profit": 1,
        "Operating Income": -8,
        "EBIT": -8,
        "Net Income": -8
    },
    "2018-12-31": {
        "Diluted EPS": -0.12,
        "Total Revenue": 2,
        "Gross Profit": -3,
        "Operating Income": -12,
        "EBIT": -11,
        "Net Income": -12
    },
    "2018-09-30": {
        "Diluted EPS": 0.0,
        "Total Revenue": 12,
        "Gross Profit": 9,
        "Operating Income": 0,
        "EBIT": 1,
        "Net Income": 0
    },
    "2018-06-30": {
        "Diluted EPS": -0.1,
        "Total Revenue": 2,
        "Gross Profit": 0,
        "Operating Income": -8,
        "EBIT": -8,
        "Net Income": -8
    },
    "2018-03-31": {
        "Diluted EPS": -0.09,
        "Total Revenue": 2,
        "Gross Profit": 0,
        "Operating Income": -7,
        "EBIT": -7,
        "Net Income": -7
    },
    "2017-12-31": {
        "Diluted EPS": -0.1,
        "Total Revenue": 2,
        "Gross Profit": 0,
        "Operating Income": -8,
        "EBIT": -8,
        "Net Income": -8
    },
    "2017-09-30": {
        "Diluted EPS": -0.08,
        "Total Revenue": 5,
        "Gross Profit": 0,
        "Operating Income": -6,
        "EBIT": -5,
        "Net Income": -6
    },
    "2017-06-30": {
        "Diluted EPS": -0.08,
        "Total Revenue": 1,
        "Gross Profit": 0,
        "Operating Income": -6,
        "EBIT": -6,
        "Net Income": -6
    },
    "2017-03-31": {
        "Diluted EPS": -0.09,
        "Total Revenue": 1,
        "Gross Profit": 0,
        "Operating Income": -6,
        "EBIT": -6,
        "Net Income": -6
    },
    "2016-12-31": {
        "Diluted EPS": -0.1,
        "Total Revenue": 3,
        "Gross Profit": 1,
        "Operating Income": -5,
        "EBIT": -5,
        "Net Income": -5
    },
    "2016-09-30": {
        "Diluted EPS": -0.08,
        "Total Revenue": 4,
        "Gross Profit": 1,
        "Operating Income": -4,
        "EBIT": -4,
        "Net Income": -4
    },
    "2016-06-30": {
        "Diluted EPS": -0.07,
        "Total Revenue": 4,
        "Gross Profit": 2,
        "Operating Income": -3,
        "EBIT": -3,
        "Net Income": -3
    },
    "2016-03-31": {
        "Diluted EPS": -0.07,
        "Total Revenue": 4,
        "Gross Profit": 1,
        "Operating Income": -4,
        "EBIT": -3,
        "Net Income": -4
    },
    "2015-12-31": {
        "Diluted EPS": -0.09,
        "Total Revenue": 2,
        "Gross Profit": 0,
        "Operating Income": -4,
        "EBIT": -4,
        "Net Income": -4
    },
    "2015-09-30": {
        "Diluted EPS": -0.07,
        "Total Revenue": 2,
        "Gross Profit": 1,
        "Operating Income": -4,
        "EBIT": -3,
        "Net Income": -4
    },
    "2015-06-30": {
        "Diluted EPS": -0.06,
        "Total Revenue": 4,
        "Gross Profit": 1,
        "Operating Income": -3,
        "EBIT": -3,
        "Net Income": -3
    },
    "2015-03-31": {
        "Diluted EPS": -0.09,
        "Total Revenue": 1,
        "Gross Profit": 0,
        "Operating Income": -4,
        "EBIT": -4,
        "Net Income": -4
    },
    "2014-12-31": {
        "Diluted EPS": -0.05,
        "Total Revenue": 1,
        "Gross Profit": 0,
        "Operating Income": -3,
        "EBIT": -3,
        "Net Income": -3
    },
    "2014-09-30": {
        "Diluted EPS": -0.08,
        "Total Revenue": 1,
        "Gross Profit": 1,
        "Operating Income": -3,
        "EBIT": -3,
        "Net Income": -3
    },
    "2014-06-30": {
        "Diluted EPS": -0.08,
        "Total Revenue": 1,
        "Gross Profit": 0,
        "Operating Income": -3,
        "EBIT": -3,
        "Net Income": -3
    },
    "2014-03-31": {
        "Diluted EPS": -0.23,
        "Total Revenue": 1,
        "Gross Profit": 1,
        "Operating Income": -3,
        "EBIT": -3,
        "Net Income": -8
    },
    "2013-12-31": {
        "Diluted EPS": -0.07,
        "Total Revenue": 1,
        "Gross Profit": 1,
        "Operating Income": -4,
        "EBIT": -4,
        "Net Income": -2
    },
    "2013-09-30": {
        "Diluted EPS": -0.13,
        "Total Revenue": 1,
        "Gross Profit": 1,
        "Operating Income": -4,
        "EBIT": -4,
        "Net Income": -4
    },
    "2013-06-30": {
        "Diluted EPS": -0.13,
        "Total Revenue": 2,
        "Gross Profit": 1,
        "Operating Income": -3,
        "EBIT": -3,
        "Net Income": -3
    },
    "2013-03-31": {
        "Diluted EPS": -0.14,
        "Total Revenue": 2,
        "Gross Profit": 1,
        "Operating Income": -4,
        "EBIT": -3,
        "Net Income": -4
    },
    "2012-12-31": {
        "Diluted EPS": -0.06,
        "Total Revenue": 3,
        "Gross Profit": 1,
        "Operating Income": -4,
        "EBIT": -4,
        "Net Income": -4
    },
    "2012-09-30": {
        "Diluted EPS": -0.15,
        "Total Revenue": 3,
        "Gross Profit": 1,
        "Operating Income": -4,
        "EBIT": -4,
        "Net Income": -4
    },
    "2012-06-30": {
        "Diluted EPS": -0.26,
        "Total Revenue": 1,
        "Gross Profit": 1,
        "Operating Income": -5,
        "EBIT": -5,
        "Net Income": -5
    },
    "2012-03-31": {
        "Diluted EPS": -0.58,
        "Total Revenue": 2,
        "Gross Profit": -3,
        "Operating Income": -10,
        "EBIT": -9,
        "Net Income": -10
    },
    "2011-12-31": {
        "Diluted EPS": -0.61,
        "Total Revenue": 2,
        "Gross Profit": -3,
        "Operating Income": -10,
        "EBIT": -9,
        "Net Income": -10
    },
    "2011-09-30": {
        "Diluted EPS": -0.57,
        "Total Revenue": 2,
        "Gross Profit": -1,
        "Operating Income": -8,
        "EBIT": -7,
        "Net Income": -8
    },
    "2011-06-30": {
        "Diluted EPS": -0.69,
        "Total Revenue": 1,
        "Gross Profit": -2,
        "Operating Income": -9,
        "EBIT": -9,
        "Net Income": -9
    },
    "2011-03-31": {
        "Diluted EPS": -0.7,
        "Total Revenue": 1,
        "Gross Profit": -1,
        "Operating Income": -9,
        "EBIT": -8,
        "Net Income": -9
    },
    "2010-12-31": {
        "Diluted EPS": -1.37,
        "Total Revenue": 1,
        "Gross Profit": -7,
        "Operating Income": -15,
        "EBIT": -15,
        "Net Income": -15
    },
    "2010-09-30": {
        "Diluted EPS": -1.04,
        "Total Revenue": 1,
        "Gross Profit": -3,
        "Operating Income": -12,
        "EBIT": -12,
        "Net Income": -12
    },
    "2010-06-30": {
        "Diluted EPS": -0.96,
        "Total Revenue": 2,
        "Gross Profit": -1,
        "Operating Income": -11,
        "EBIT": -11,
        "Net Income": -11
    },
    "2010-03-31": {
        "Diluted EPS": -0.8,
        "Total Revenue": 1,
        "Gross Profit": -1,
        "Operating Income": -10,
        "EBIT": -9,
        "Net Income": -9
    },
    "2009-12-31": {
        "Diluted EPS": -0.85,
        "Total Revenue": 1,
        "Gross Profit": 0,
        "Operating Income": -11,
        "EBIT": -11,
        "Net Income": -9
    },
    "2009-09-30": {
        "Diluted EPS": -1.2,
        "Total Revenue": 1,
        "Gross Profit": 0,
        "Operating Income": -9,
        "EBIT": -9,
        "Net Income": -12
    },
    "2009-06-30": {
        "Diluted EPS": -1.2,
        "Total Revenue": 1,
        "Gross Profit": 0,
        "Operating Income": -9,
        "EBIT": -9,
        "Net Income": -10
    },
    "2009-03-31": {
        "Diluted EPS": -1.04,
        "Total Revenue": 1,
        "Gross Profit": 0,
        "Operating Income": -9,
        "EBIT": -9,
        "Net Income": -9
    },
    "2023-06-30": {
        "Tax Effect Of Unusual Items": NaN,
        "Tax Rate For Calcs": NaN,
        "Normalized EBITDA": NaN,
        "Total Unusual Items": NaN,
        "Total Unusual Items Excluding Goodwill": NaN,
        "Net Income From Continuing Operation Net Minority Interest": NaN,
        "Reconciled Depreciation": NaN,
        "Reconciled Cost Of Revenue": NaN,
        "EBITDA": NaN,
        "EBIT": NaN,
        "Normalized Income": NaN,
        "Net Income From Continuing And Discontinued Operation": NaN,
        "Total Expenses": NaN,
        "Total Operating Income As Reported": NaN,
        "Diluted Average Shares": NaN,
        "Basic Average Shares": NaN,
        "Diluted EPS": NaN,
        "Basic EPS": NaN,
        "Diluted NI Availto Com Stockholders": NaN,
        "Net Income Common Stockholders": NaN,
        "Net Income": NaN,
        "Net Income Including Noncontrolling Interests": NaN,
        "Net Income Continuous Operations": NaN,
        "Tax Provision": NaN,
        "Pretax Income": NaN,
        "Other Income Expense": NaN,
        "Other Non Operating Income Expenses": NaN,
        "Special Income Charges": NaN,
        "Gain On Sale Of Ppe": NaN,
        "Impairment Of Capital Assets": 0.0,
        "Restructuring And Mergern Acquisition": NaN,
        "Operating Income": NaN,
        "Operating Expense": NaN,
        "Research And Development": NaN,
        "Selling General And Administration": NaN,
        "Gross Profit": NaN,
        "Cost Of Revenue": NaN,
        "Total Revenue": NaN,
        "Operating Revenue": NaN
    },
    "2023-09-30": {
        "Tax Effect Of Unusual Items": NaN,
        "Tax Rate For Calcs": NaN,
        "Normalized EBITDA": NaN,
        "Total Unusual Items": NaN,
        "Total Unusual Items Excluding Goodwill": NaN,
        "Net Income From Continuing Operation Net Minority Interest": NaN,
        "Reconciled Depreciation": NaN,
        "Reconciled Cost Of Revenue": NaN,
        "EBITDA": NaN,
        "EBIT": NaN,
        "Normalized Income": NaN,
        "Net Income From Continuing And Discontinued Operation": NaN,
        "Total Expenses": NaN,
        "Total Operating Income As Reported": NaN,
        "Diluted Average Shares": 188306000.0,
        "Basic Average Shares": 188306000.0,
        "Diluted EPS": -0.12,
        "Basic EPS": -0.12,
        "Diluted NI Availto Com Stockholders": NaN,
        "Net Income Common Stockholders": NaN,
        "Net Income": NaN,
        "Net Income Including Noncontrolling Interests": NaN,
        "Net Income Continuous Operations": NaN,
        "Tax Provision": NaN,
        "Pretax Income": NaN,
        "Other Income Expense": NaN,
        "Other Non Operating Income Expenses": NaN,
        "Special Income Charges": NaN,
        "Gain On Sale Of Ppe": 10000.0,
        "Impairment Of Capital Assets": 0.0,
        "Restructuring And Mergern Acquisition": NaN,
        "Operating Income": NaN,
        "Operating Expense": NaN,
        "Research And Development": NaN,
        "Selling General And Administration": NaN,
        "Gross Profit": NaN,
        "Cost Of Revenue": NaN,
        "Total Revenue": NaN,
        "Operating Revenue": NaN
    },
    "2023-12-31": {
        "Tax Effect Of Unusual Items": -5880.0,
        "Tax Rate For Calcs": 0.21,
        "Normalized EBITDA": -18294000.0,
        "Total Unusual Items": -28000.0,
        "Total Unusual Items Excluding Goodwill": -28000.0,
        "Net Income From Continuing Operation Net Minority Interest": -19737000.0,
        "Reconciled Depreciation": 1576000.0,
        "Reconciled Cost Of Revenue": 902000.0,
        "EBITDA": -18322000.0,
        "EBIT": -19898000.0,
        "Normalized Income": -19714880.0,
        "Net Income From Continuing And Discontinued Operation": -19737000.0,
        "Total Expenses": 24999000.0,
        "Total Operating Income As Reported": -19889000.0,
        "Diluted Average Shares": NaN,
        "Basic Average Shares": NaN,
        "Diluted EPS": NaN,
        "Basic EPS": NaN,
        "Diluted NI Availto Com Stockholders": -19737000.0,
        "Net Income Common Stockholders": -19737000.0,
        "Net Income": -19737000.0,
        "Net Income Including Noncontrolling Interests": -19737000.0,
        "Net Income Continuous Operations": -19737000.0,
        "Tax Provision": 475000.0,
        "Pretax Income": -19262000.0,
        "Other Income Expense": 636000.0,
        "Other Non Operating Income Expenses": 664000.0,
        "Special Income Charges": -28000.0,
        "Gain On Sale Of Ppe": 9000.0,
        "Impairment Of Capital Assets": NaN,
        "Restructuring And Mergern Acquisition": 37000.0,
        "Operating Income": -19898000.0,
        "Operating Expense": 24097000.0,
        "Research And Development": 14580000.0,
        "Selling General And Administration": 9517000.0,
        "Gross Profit": 4199000.0,
        "Cost Of Revenue": 902000.0,
        "Total Revenue": 5101000.0,
        "Operating Revenue": 5101000.0
    },
    "2024-03-31": {
        "Tax Effect Of Unusual Items": 0.0,
        "Tax Rate For Calcs": 0.21,
        "Normalized EBITDA": -24910000.0,
        "Total Unusual Items": 0.0,
        "Total Unusual Items Excluding Goodwill": 0.0,
        "Net Income From Continuing Operation Net Minority Interest": -26313000.0,
        "Reconciled Depreciation": 1800000.0,
        "Reconciled Cost Of Revenue": 1277000.0,
        "EBITDA": -24910000.0,
        "EBIT": -26710000.0,
        "Normalized Income": -26313000.0,
        "Net Income From Continuing And Discontinued Operation": -26313000.0,
        "Total Expenses": 27666000.0,
        "Total Operating Income As Reported": -26710000.0,
        "Diluted Average Shares": 196748000.0,
        "Basic Average Shares": 196748000.0,
        "Diluted EPS": -0.13,
        "Basic EPS": -0.13,
        "Diluted NI Availto Com Stockholders": -26313000.0,
        "Net Income Common Stockholders": -26313000.0,
        "Net Income": -26313000.0,
        "Net Income Including Noncontrolling Interests": -26313000.0,
        "Net Income Continuous Operations": -26313000.0,
        "Tax Provision": 234000.0,
        "Pretax Income": -26079000.0,
        "Other Income Expense": 631000.0,
        "Other Non Operating Income Expenses": 631000.0,
        "Special Income Charges": 0.0,
        "Gain On Sale Of Ppe": NaN,
        "Impairment Of Capital Assets": NaN,
        "Restructuring And Mergern Acquisition": 0.0,
        "Operating Income": -26710000.0,
        "Operating Expense": 26389000.0,
        "Research And Development": 17311000.0,
        "Selling General And Administration": 9078000.0,
        "Gross Profit": -321000.0,
        "Cost Of Revenue": 1277000.0,
        "Total Revenue": 956000.0,
        "Operating Revenue": 956000.0
    },
    "2024-06-30": {
        "Tax Effect Of Unusual Items": -635670.0,
        "Tax Rate For Calcs": 0.21,
        "Normalized EBITDA": -16807000.0,
        "Total Unusual Items": -3027000.0,
        "Total Unusual Items Excluding Goodwill": -3027000.0,
        "Net Income From Continuing Operation Net Minority Interest": -23930000.0,
        "Reconciled Depreciation": 1770000.0,
        "Reconciled Cost Of Revenue": 1554000.0,
        "EBITDA": -19834000.0,
        "EBIT": -21604000.0,
        "Normalized Income": -21538670.0,
        "Net Income From Continuing And Discontinued Operation": -23930000.0,
        "Total Expenses": 23504000.0,
        "Total Operating Income As Reported": -24631000.0,
        "Diluted Average Shares": 208665000.0,
        "Basic Average Shares": 208665000.0,
        "Diluted EPS": -0.11,
        "Basic EPS": -0.11,
        "Diluted NI Availto Com Stockholders": -23930000.0,
        "Net Income Common Stockholders": -23930000.0,
        "Net Income": -23930000.0,
        "Net Income Including Noncontrolling Interests": -23930000.0,
        "Net Income Continuous Operations": -23930000.0,
        "Tax Provision": 84000.0,
        "Pretax Income": -23846000.0,
        "Other Income Expense": -2242000.0,
        "Other Non Operating Income Expenses": 785000.0,
        "Special Income Charges": -3027000.0,
        "Gain On Sale Of Ppe": 0.0,
        "Impairment Of Capital Assets": 3027000.0,
        "Restructuring And Mergern Acquisition": 0.0,
        "Operating Income": -21604000.0,
        "Operating Expense": 21950000.0,
        "Research And Development": 14204000.0,
        "Selling General And Administration": 7746000.0,
        "Gross Profit": 346000.0,
        "Cost Of Revenue": 1554000.0,
        "Total Revenue": 1900000.0,
        "Operating Revenue": 1900000.0
    },
    "2024-09-30": {
        "Tax Effect Of Unusual Items": 4620.0,
        "Tax Rate For Calcs": 0.21,
        "Normalized EBITDA": -14074000.0,
        "Total Unusual Items": 22000.0,
        "Total Unusual Items Excluding Goodwill": 22000.0,
        "Net Income From Continuing Operation Net Minority Interest": -15517000.0,
        "Reconciled Depreciation": 1676000.0,
        "Reconciled Cost Of Revenue": 583000.0,
        "EBITDA": -14052000.0,
        "EBIT": -15728000.0,
        "Normalized Income": -15534380.0,
        "Net Income From Continuing And Discontinued Operation": -15517000.0,
        "Total Expenses": 15918000.0,
        "Total Operating Income As Reported": -15706000.0,
        "Diluted Average Shares": 213004000.0,
        "Basic Average Shares": 213004000.0,
        "Diluted EPS": -0.07,
        "Basic EPS": -0.07,
        "Diluted NI Availto Com Stockholders": -15517000.0,
        "Net Income Common Stockholders": -15517000.0,
        "Net Income": -15517000.0,
        "Net Income Including Noncontrolling Interests": -15517000.0,
        "Net Income Continuous Operations": -15517000.0,
        "Tax Provision": 108000.0,
        "Pretax Income": -15409000.0,
        "Other Income Expense": 319000.0,
        "Other Non Operating Income Expenses": 297000.0,
        "Special Income Charges": 22000.0,
        "Gain On Sale Of Ppe": 22000.0,
        "Impairment Of Capital Assets": 0.0,
        "Restructuring And Mergern Acquisition": 0.0,
        "Operating Income": -15728000.0,
        "Operating Expense": 15335000.0,
        "Research And Development": 8736000.0,
        "Selling General And Administration": 6599000.0,
        "Gross Profit": -393000.0,
        "Cost Of Revenue": 583000.0,
        "Total Revenue": 190000.0,
        "Operating Revenue": 190000.0
    },
    "2024-12-31": {
        "Tax Effect Of Unusual Items": -2138850.0,
        "Tax Rate For Calcs": 0.21,
        "Normalized EBITDA": -16050000.0,
        "Total Unusual Items": -10185000.0,
        "Total Unusual Items Excluding Goodwill": -10185000.0,
        "Net Income From Continuing Operation Net Minority Interest": -31155000.0,
        "Reconciled Depreciation": 1674000.0,
        "Reconciled Cost Of Revenue": 4116000.0,
        "EBITDA": -26235000.0,
        "EBIT": -27909000.0,
        "Normalized Income": -23108850.0,
        "Net Income From Continuing And Discontinued Operation": -31155000.0,
        "Total Expenses": 18803000.0,
        "Total Operating Income As Reported": -18472000.0,
        "Diluted Average Shares": 219475000.0,
        "Basic Average Shares": 219475000.0,
        "Diluted EPS": -0.14,
        "Basic EPS": -0.14,
        "Diluted NI Availto Com Stockholders": -31155000.0,
        "Net Income Common Stockholders": -31155000.0,
        "Net Income": -31155000.0,
        "Net Income Including Noncontrolling Interests": -31155000.0,
        "Net Income Continuous Operations": -31155000.0,
        "Tax Provision": 81000.0,
        "Pretax Income": -31074000.0,
        "Other Income Expense": -9464000.0,
        "Other Non Operating Income Expenses": 721000.0,
        "Special Income Charges": -1319000.0,
        "Gain On Sale Of Ppe": -165000.0,
        "Impairment Of Capital Assets": 1154000.0,
        "Restructuring And Mergern Acquisition": 0.0,
        "Operating Income": -17153000.0,
        "Operating Expense": 14687000.0,
        "Research And Development": 8764000.0,
        "Selling General And Administration": 5923000.0,
        "Gross Profit": -2466000.0,
        "Cost Of Revenue": 4116000.0,
        "Total Revenue": 1650000.0,
        "Operating Revenue": 1650000.0
    }
}