{
    "2023-03-31": {
        "Tax Effect Of Unusual Items": NaN,
        "Tax Rate For Calcs": NaN,
        "Normalized EBITDA": NaN,
        "Total Unusual Items": NaN,
        "Total Unusual Items Excluding Goodwill": NaN,
        "Net Income From Continuing Operation Net Minority Interest": NaN,
        "Reconciled Depreciation": NaN,
        "Reconciled Cost Of Revenue": NaN,
        "EBITDA": NaN,
        "EBIT": NaN,
        "Net Interest Income": NaN,
        "Interest Expense": NaN,
        "Interest Income": NaN,
        "Normalized Income": NaN,
        "Net Income From Continuing And Discontinued Operation": NaN,
        "Total Expenses": NaN,
        "Total Operating Income As Reported": NaN,
        "Diluted Average Shares": NaN,
        "Basic Average Shares": NaN,
        "Diluted EPS": NaN,
        "Basic EPS": NaN,
        "Diluted NI Availto Com Stockholders": NaN,
        "Net Income Common Stockholders": NaN,
        "Net Income": NaN,
        "Minority Interests": NaN,
        "Net Income Including Noncontrolling Interests": NaN,
        "Net Income Continuous Operations": NaN,
        "Tax Provision": NaN,
        "Pretax Income": NaN,
        "Other Income Expense": NaN,
        "Other Non Operating Income Expenses": NaN,
        "Special Income Charges": NaN,
        "Impairment Of Capital Assets": NaN,
        "Gain On Sale Of Security": 17000.0,
        "Net Non Operating Interest Income Expense": NaN,
        "Interest Expense Non Operating": NaN,
        "Interest Income Non Operating": NaN,
        "Operating Income": NaN,
        "Operating Expense": NaN,
        "Other Operating Expenses": NaN,
        "Research And Development": NaN,
        "Selling General And Administration": NaN,
        "Selling And Marketing Expense": NaN,
        "General And Administrative Expense": NaN,
        "Other Gand A": NaN,
        "Gross Profit": NaN,
        "Cost Of Revenue": NaN,
        "Total Revenue": NaN,
        "Operating Revenue": NaN
    },
    "2022-12-31": {
        "Tax Effect Of Unusual Items": NaN,
        "Tax Rate For Calcs": NaN,
        "Normalized EBITDA": NaN,
        "Total Unusual Items": NaN,
        "Total Unusual Items Excluding Goodwill": NaN,
        "Net Income From Continuing Operation Net Minority Interest": NaN,
        "Reconciled Depreciation": NaN,
        "Reconciled Cost Of Revenue": NaN,
        "EBITDA": NaN,
        "EBIT": NaN,
        "Net Interest Income": NaN,
        "Interest Expense": NaN,
        "Interest Income": NaN,
        "Normalized Income": NaN,
        "Net Income From Continuing And Discontinued Operation": NaN,
        "Total Expenses": NaN,
        "Total Operating Income As Reported": NaN,
        "Diluted Average Shares": NaN,
        "Basic Average Shares": NaN,
        "Diluted EPS": NaN,
        "Basic EPS": NaN,
        "Diluted NI Availto Com Stockholders": NaN,
        "Net Income Common Stockholders": NaN,
        "Otherunder Preferred Stock Dividend": 0.0,
        "Net Income": NaN,
        "Minority Interests": NaN,
        "Net Income Including Noncontrolling Interests": NaN,
        "Net Income Continuous Operations": NaN,
        "Tax Provision": NaN,
        "Pretax Income": NaN,
        "Other Income Expense": NaN,
        "Other Non Operating Income Expenses": NaN,
        "Special Income Charges": NaN,
        "Impairment Of Capital Assets": NaN,
        "Gain On Sale Of Security": 58000.0,
        "Net Non Operating Interest Income Expense": NaN,
        "Interest Expense Non Operating": NaN,
        "Interest Income Non Operating": NaN,
        "Operating Income": NaN,
        "Operating Expense": NaN,
        "Other Operating Expenses": NaN,
        "Research And Development": NaN,
        "Selling General And Administration": NaN,
        "Selling And Marketing Expense": NaN,
        "General And Administrative Expense": NaN,
        "Other Gand A": NaN,
        "Gross Profit": NaN,
        "Cost Of Revenue": NaN,
        "Total Revenue": NaN,
        "Operating Revenue": NaN
    },
    "2022-09-30": {
        "Tax Effect Of Unusual Items": NaN,
        "Tax Rate For Calcs": NaN,
        "Normalized EBITDA": NaN,
        "Total Unusual Items": 101000.0,
        "Total Unusual Items Excluding Goodwill": 101000.0,
        "Net Income From Continuing Operation Net Minority Interest": NaN,
        "Reconciled Depreciation": NaN,
        "Reconciled Cost Of Revenue": NaN,
        "EBITDA": NaN,
        "EBIT": NaN,
        "Net Interest Income": NaN,
        "Interest Expense": NaN,
        "Interest Income": NaN,
        "Normalized Income": NaN,
        "Net Income From Continuing And Discontinued Operation": NaN,
        "Total Expenses": NaN,
        "Total Operating Income As Reported": NaN,
        "Diluted Average Shares": NaN,
        "Basic Average Shares": NaN,
        "Diluted EPS": NaN,
        "Basic EPS": NaN,
        "Diluted NI Availto Com Stockholders": NaN,
        "Net Income Common Stockholders": NaN,
        "Otherunder Preferred Stock Dividend": 0.0,
        "Net Income": NaN,
        "Minority Interests": NaN,
        "Net Income Including Noncontrolling Interests": NaN,
        "Net Income Continuous Operations": NaN,
        "Tax Provision": NaN,
        "Pretax Income": NaN,
        "Other Income Expense": NaN,
        "Other Non Operating Income Expenses": NaN,
        "Gain On Sale Of Security": 101000.0,
        "Net Non Operating Interest Income Expense": NaN,
        "Interest Expense Non Operating": NaN,
        "Interest Income Non Operating": NaN,
        "Operating Income": NaN,
        "Operating Expense": NaN,
        "Other Operating Expenses": NaN,
        "Research And Development": NaN,
        "Selling General And Administration": NaN,
        "Selling And Marketing Expense": NaN,
        "General And Administrative Expense": NaN,
        "Other Gand A": NaN,
        "Gross Profit": NaN,
        "Cost Of Revenue": NaN,
        "Total Revenue": NaN,
        "Operating Revenue": NaN
    },
    "2022-06-30": {
        "Tax Effect Of Unusual Items": 0.0,
        "Tax Rate For Calcs": 0.0,
        "Normalized EBITDA": -39335000.0,
        "Total Unusual Items": 1255000.0,
        "Total Unusual Items Excluding Goodwill": 1255000.0,
        "Net Income From Continuing Operation Net Minority Interest": -44182000.0,
        "Reconciled Depreciation": 5207000.0,
        "Reconciled Cost Of Revenue": 59573000.0,
        "EBITDA": -38080000.0,
        "EBIT": -43287000.0,
        "Net Interest Income": -475000.0,
        "Interest Expense": 895000.0,
        "Interest Income": 420000.0,
        "Normalized Income": -45437000.0,
        "Net Income From Continuing And Discontinued Operation": -44182000.0,
        "Total Expenses": 109386000.0,
        "Total Operating Income As Reported": -44972000.0,
        "Diluted Average Shares": 300565515.0,
        "Basic Average Shares": 300565515.0,
        "Diluted EPS": -0.15,
        "Basic EPS": -0.15,
        "Diluted NI Availto Com Stockholders": -44182000.0,
        "Net Income Common Stockholders": -44182000.0,
        "Otherunder Preferred Stock Dividend": 0.0,
        "Net Income": -44182000.0,
        "Minority Interests": 0.0,
        "Net Income Including Noncontrolling Interests": -44182000.0,
        "Net Income Continuous Operations": -44182000.0,
        "Tax Provision": 0.0,
        "Pretax Income": -44182000.0,
        "Other Income Expense": 1265000.0,
        "Other Non Operating Income Expenses": 10000.0,
        "Gain On Sale Of Security": 1255000.0,
        "Net Non Operating Interest Income Expense": -475000.0,
        "Interest Expense Non Operating": 895000.0,
        "Interest Income Non Operating": 420000.0,
        "Operating Income": -44972000.0,
        "Operating Expense": 49813000.0,
        "Other Operating Expenses": -576000.0,
        "Research And Development": 10244000.0,
        "Selling General And Administration": 40145000.0,
        "Selling And Marketing Expense": 5810000.0,
        "General And Administrative Expense": 34335000.0,
        "Other Gand A": 34335000.0,
        "Gross Profit": 4841000.0,
        "Cost Of Revenue": 59573000.0,
        "Total Revenue": 64414000.0,
        "Operating Revenue": 64414000.0
    },
    "2022-03-31": {
        "Diluted EPS": -0.15,
        "Total Revenue": 37,
        "Gross Profit": 0,
        "Operating Income": -43,
        "EBIT": -38,
        "Net Income": -44
    },
    "2021-12-31": {
        "Diluted EPS": -0.08,
        "Total Revenue": 67,
        "Gross Profit": 1,
        "Operating Income": -48,
        "EBIT": -42,
        "Net Income": -47
    },
    "2021-09-30": {
        "Diluted EPS": -0.49,
        "Total Revenue": 37,
        "Gross Profit": -36,
        "Operating Income": -113,
        "EBIT": -108,
        "Net Income": -120
    },
    "2021-06-30": {
        "Diluted EPS": -0.4,
        "Total Revenue": 33,
        "Gross Profit": -7,
        "Operating Income": -22,
        "EBIT": -17,
        "Net Income": -39
    },
    "2021-03-31": {
        "Diluted EPS": -0.29,
        "Total Revenue": 15,
        "Gross Profit": -1,
        "Operating Income": -11,
        "EBIT": -6,
        "Net Income": -28
    },
    "2020-12-31": {
        "Diluted EPS": -0.56,
        "Total Revenue": 77,
        "Gross Profit": 13,
        "Operating Income": -20,
        "EBIT": -15,
        "Net Income": -61
    },
    "2020-09-30": {
        "Diluted EPS": -0.22,
        "Total Revenue": 31,
        "Gross Profit": 4,
        "Operating Income": -9,
        "EBIT": -9,
        "Net Income": -22
    },
    "2020-06-30": {
        "Diluted EPS": -0.04,
        "Total Revenue": NaN,
        "Gross Profit": NaN,
        "Operating Income": 0,
        "EBIT": 0,
        "Net Income": 0
    },
    "2020-03-31": {
        "Diluted EPS": 0.0,
        "Total Revenue": NaN,
        "Gross Profit": NaN,
        "Operating Income": 0,
        "EBIT": 0,
        "Net Income": 2
    },
    "2019-12-31": {
        "Diluted EPS": -1.13,
        "Total Revenue": NaN,
        "Gross Profit": NaN,
        "Operating Income": -130,
        "EBIT": -130,
        "Net Income": -118
    },
    "2019-09-30": {
        "Diluted EPS": -0.02,
        "Total Revenue": NaN,
        "Gross Profit": NaN,
        "Operating Income": 0,
        "EBIT": 0,
        "Net Income": 1
    },
    "2019-06-30": {
        "Diluted EPS": -0.02,
        "Total Revenue": NaN,
        "Gross Profit": NaN,
        "Operating Income": 0,
        "EBIT": 0,
        "Net Income": 1
    },
    "2019-03-31": {
        "Diluted EPS": 0.0,
        "Total Revenue": NaN,
        "Gross Profit": NaN,
        "Operating Income": 0,
        "EBIT": 0,
        "Net Income": 0
    },
    "2018-12-31": {
        "Diluted EPS": 0.0,
        "Total Revenue": NaN,
        "Gross Profit": NaN,
        "Operating Income": NaN,
        "EBIT": NaN,
        "Net Income": NaN
    },
    "2023-06-30": {
        "Tax Effect Of Unusual Items": 0.0,
        "Tax Rate For Calcs": 0.0,
        "Normalized EBITDA": -20441000.0,
        "Total Unusual Items": -51000.0,
        "Total Unusual Items Excluding Goodwill": -51000.0,
        "Net Income From Continuing Operation Net Minority Interest": -26089000.0,
        "Reconciled Depreciation": 5099000.0,
        "Reconciled Cost Of Revenue": 63492000.0,
        "EBITDA": -20492000.0,
        "EBIT": -25591000.0,
        "Net Interest Income": 1031000.0,
        "Interest Expense": 487000.0,
        "Interest Income": 1518000.0,
        "Normalized Income": -26038000.0,
        "Net Income From Continuing And Discontinued Operation": -26089000.0,
        "Total Expenses": 101768000.0,
        "Total Operating Income As Reported": -26866000.0,
        "Diluted Average Shares": 307742032.0,
        "Basic Average Shares": 307742032.0,
        "Diluted EPS": -0.08,
        "Basic EPS": -0.08,
        "Diluted NI Availto Com Stockholders": -26089000.0,
        "Net Income Common Stockholders": -26089000.0,
        "Net Income": -26089000.0,
        "Minority Interests": -11000.0,
        "Net Income Including Noncontrolling Interests": -26078000.0,
        "Net Income Continuous Operations": -26078000.0,
        "Tax Provision": 0.0,
        "Pretax Income": -26078000.0,
        "Other Income Expense": -294000.0,
        "Other Non Operating Income Expenses": -243000.0,
        "Special Income Charges": -51000.0,
        "Impairment Of Capital Assets": 51000.0,
        "Gain On Sale Of Security": NaN,
        "Net Non Operating Interest Income Expense": 1031000.0,
        "Interest Expense Non Operating": 487000.0,
        "Interest Income Non Operating": 1518000.0,
        "Operating Income": -26815000.0,
        "Operating Expense": 38276000.0,
        "Other Operating Expenses": -637000.0,
        "Research And Development": 9507000.0,
        "Selling General And Administration": 29406000.0,
        "Selling And Marketing Expense": 5897000.0,
        "General And Administrative Expense": 23509000.0,
        "Other Gand A": 23509000.0,
        "Gross Profit": 11461000.0,
        "Cost Of Revenue": 63492000.0,
        "Total Revenue": 74953000.0,
        "Operating Revenue": 74953000.0
    },
    "2023-09-30": {
        "Tax Effect Of Unusual Items": NaN,
        "Tax Rate For Calcs": NaN,
        "Normalized EBITDA": NaN,
        "Total Unusual Items": NaN,
        "Total Unusual Items Excluding Goodwill": NaN,
        "Net Income From Continuing Operation Net Minority Interest": NaN,
        "Reconciled Depreciation": NaN,
        "Reconciled Cost Of Revenue": NaN,
        "EBITDA": NaN,
        "EBIT": NaN,
        "Net Interest Income": NaN,
        "Interest Expense": NaN,
        "Interest Income": NaN,
        "Normalized Income": NaN,
        "Net Income From Continuing And Discontinued Operation": NaN,
        "Total Expenses": NaN,
        "Total Operating Income As Reported": NaN,
        "Diluted Average Shares": NaN,
        "Basic Average Shares": NaN,
        "Diluted EPS": NaN,
        "Basic EPS": NaN,
        "Diluted NI Availto Com Stockholders": NaN,
        "Net Income Common Stockholders": NaN,
        "Net Income": NaN,
        "Minority Interests": NaN,
        "Net Income Including Noncontrolling Interests": NaN,
        "Net Income Continuous Operations": NaN,
        "Tax Provision": NaN,
        "Pretax Income": NaN,
        "Other Income Expense": NaN,
        "Other Non Operating Income Expenses": NaN,
        "Special Income Charges": NaN,
        "Other Special Charges": NaN,
        "Impairment Of Capital Assets": 422000.0,
        "Gain On Sale Of Security": NaN,
        "Net Non Operating Interest Income Expense": NaN,
        "Interest Expense Non Operating": NaN,
        "Interest Income Non Operating": NaN,
        "Operating Income": NaN,
        "Operating Expense": NaN,
        "Other Operating Expenses": NaN,
        "Research And Development": NaN,
        "Selling General And Administration": NaN,
        "Selling And Marketing Expense": NaN,
        "General And Administrative Expense": NaN,
        "Other Gand A": NaN,
        "Gross Profit": NaN,
        "Cost Of Revenue": NaN,
        "Total Revenue": NaN,
        "Operating Revenue": NaN
    },
    "2024-03-31": {
        "Tax Effect Of Unusual Items": NaN,
        "Tax Rate For Calcs": NaN,
        "Normalized EBITDA": NaN,
        "Total Unusual Items": NaN,
        "Total Unusual Items Excluding Goodwill": NaN,
        "Net Income From Continuing Operation Net Minority Interest": NaN,
        "Reconciled Depreciation": NaN,
        "Reconciled Cost Of Revenue": NaN,
        "EBITDA": NaN,
        "EBIT": NaN,
        "Net Interest Income": NaN,
        "Interest Expense": NaN,
        "Interest Income": NaN,
        "Normalized Income": NaN,
        "Net Income From Continuing And Discontinued Operation": NaN,
        "Total Expenses": NaN,
        "Total Operating Income As Reported": NaN,
        "Diluted Average Shares": NaN,
        "Basic Average Shares": NaN,
        "Diluted EPS": NaN,
        "Basic EPS": NaN,
        "Diluted NI Availto Com Stockholders": NaN,
        "Average Dilution Earnings": NaN,
        "Net Income Common Stockholders": NaN,
        "Net Income": NaN,
        "Minority Interests": 0.0,
        "Net Income Including Noncontrolling Interests": NaN,
        "Net Income Continuous Operations": NaN,
        "Tax Provision": NaN,
        "Pretax Income": NaN,
        "Other Income Expense": NaN,
        "Other Non Operating Income Expenses": NaN,
        "Special Income Charges": NaN,
        "Other Special Charges": NaN,
        "Impairment Of Capital Assets": NaN,
        "Gain On Sale Of Security": NaN,
        "Net Non Operating Interest Income Expense": NaN,
        "Interest Expense Non Operating": NaN,
        "Interest Income Non Operating": NaN,
        "Operating Income": NaN,
        "Operating Expense": NaN,
        "Other Operating Expenses": NaN,
        "Research And Development": NaN,
        "Selling General And Administration": NaN,
        "Selling And Marketing Expense": NaN,
        "General And Administrative Expense": NaN,
        "Other Gand A": NaN,
        "Gross Profit": NaN,
        "Cost Of Revenue": NaN,
        "Total Revenue": NaN,
        "Operating Revenue": NaN
    },
    "2024-06-30": {
        "Tax Effect Of Unusual Items": NaN,
        "Tax Rate For Calcs": NaN,
        "Normalized EBITDA": NaN,
        "Total Unusual Items": NaN,
        "Total Unusual Items Excluding Goodwill": NaN,
        "Net Income From Continuing Operation Net Minority Interest": NaN,
        "Reconciled Depreciation": NaN,
        "Reconciled Cost Of Revenue": NaN,
        "EBITDA": NaN,
        "EBIT": NaN,
        "Net Interest Income": NaN,
        "Interest Expense": NaN,
        "Interest Income": NaN,
        "Normalized Income": NaN,
        "Net Income From Continuing And Discontinued Operation": NaN,
        "Total Expenses": NaN,
        "Total Operating Income As Reported": NaN,
        "Diluted Average Shares": NaN,
        "Basic Average Shares": NaN,
        "Diluted EPS": NaN,
        "Basic EPS": NaN,
        "Diluted NI Availto Com Stockholders": NaN,
        "Average Dilution Earnings": NaN,
        "Net Income Common Stockholders": NaN,
        "Net Income": NaN,
        "Minority Interests": 0.0,
        "Net Income Including Noncontrolling Interests": NaN,
        "Net Income Continuous Operations": NaN,
        "Tax Provision": NaN,
        "Pretax Income": NaN,
        "Other Income Expense": NaN,
        "Other Non Operating Income Expenses": NaN,
        "Special Income Charges": NaN,
        "Other Special Charges": -448000.0,
        "Impairment Of Capital Assets": 88027000.0,
        "Gain On Sale Of Security": NaN,
        "Net Non Operating Interest Income Expense": NaN,
        "Interest Expense Non Operating": NaN,
        "Interest Income Non Operating": NaN,
        "Operating Income": NaN,
        "Operating Expense": NaN,
        "Other Operating Expenses": NaN,
        "Research And Development": NaN,
        "Selling General And Administration": NaN,
        "Selling And Marketing Expense": NaN,
        "General And Administrative Expense": NaN,
        "Other Gand A": NaN,
        "Gross Profit": NaN,
        "Cost Of Revenue": NaN,
        "Total Revenue": NaN,
        "Operating Revenue": NaN
    },
    "2024-09-30": {
        "Tax Effect Of Unusual Items": 0.0,
        "Tax Rate For Calcs": 0.0,
        "Normalized EBITDA": 14798000.0,
        "Total Unusual Items": 10463000.0,
        "Total Unusual Items Excluding Goodwill": 10463000.0,
        "Net Income From Continuing Operation Net Minority Interest": 13247000.0,
        "Reconciled Depreciation": 7724000.0,
        "Reconciled Cost Of Revenue": 67776000.0,
        "EBITDA": 25261000.0,
        "EBIT": 17537000.0,
        "Net Interest Income": -4104000.0,
        "Interest Expense": 4290000.0,
        "Interest Income": 186000.0,
        "Normalized Income": 2784000.0,
        "Net Income From Continuing And Discontinued Operation": 13247000.0,
        "Total Expenses": 94190000.0,
        "Total Operating Income As Reported": 7186000.0,
        "Diluted Average Shares": 320545388.0,
        "Basic Average Shares": 320545388.0,
        "Diluted EPS": 0.03,
        "Basic EPS": 0.04,
        "Diluted NI Availto Com Stockholders": 10483000.0,
        "Average Dilution Earnings": -2764000.0,
        "Net Income Common Stockholders": 13247000.0,
        "Net Income": 13247000.0,
        "Minority Interests": 0.0,
        "Net Income Including Noncontrolling Interests": 13247000.0,
        "Net Income Continuous Operations": 13247000.0,
        "Tax Provision": 0.0,
        "Pretax Income": 13247000.0,
        "Other Income Expense": 10153000.0,
        "Other Non Operating Income Expenses": -310000.0,
        "Special Income Charges": 7697000.0,
        "Other Special Charges": -7709000.0,
        "Impairment Of Capital Assets": 12000.0,
        "Gain On Sale Of Security": 2766000.0,
        "Net Non Operating Interest Income Expense": -4104000.0,
        "Interest Expense Non Operating": 4290000.0,
        "Interest Income Non Operating": 186000.0,
        "Operating Income": 7198000.0,
        "Operating Expense": 26414000.0,
        "Other Operating Expenses": -1082000.0,
        "Research And Development": 10692000.0,
        "Selling General And Administration": 16804000.0,
        "Selling And Marketing Expense": 4963000.0,
        "General And Administrative Expense": 11841000.0,
        "Other Gand A": 11841000.0,
        "Gross Profit": 33612000.0,
        "Cost Of Revenue": 67776000.0,
        "Total Revenue": 101388000.0,
        "Operating Revenue": 101388000.0
    },
    "2024-12-31": {
        "Tax Effect Of Unusual Items": 0.0,
        "Tax Rate For Calcs": 0.0,
        "Normalized EBITDA": 4009000.0,
        "Total Unusual Items": -100043000.0,
        "Total Unusual Items Excluding Goodwill": -100043000.0,
        "Net Income From Continuing Operation Net Minority Interest": -105438000.0,
        "Reconciled Depreciation": 7809000.0,
        "Reconciled Cost Of Revenue": 71867000.0,
        "EBITDA": -96034000.0,
        "EBIT": -103843000.0,
        "Net Interest Income": -1404000.0,
        "Interest Expense": 1595000.0,
        "Interest Income": 191000.0,
        "Normalized Income": -5395000.0,
        "Net Income From Continuing And Discontinued Operation": -105438000.0,
        "Total Expenses": 109670000.0,
        "Total Operating Income As Reported": -24532000.0,
        "Diluted Average Shares": 322327294.0,
        "Basic Average Shares": 322327294.0,
        "Diluted EPS": -0.26,
        "Basic EPS": -0.26,
        "Diluted NI Availto Com Stockholders": -105438000.0,
        "Average Dilution Earnings": NaN,
        "Net Income Common Stockholders": -105438000.0,
        "Net Income": -105438000.0,
        "Minority Interests": 0.0,
        "Net Income Including Noncontrolling Interests": -105438000.0,
        "Net Income Continuous Operations": -105438000.0,
        "Tax Provision": 0.0,
        "Pretax Income": -105438000.0,
        "Other Income Expense": -107751000.0,
        "Other Non Operating Income Expenses": -7708000.0,
        "Special Income Charges": -18843000.0,
        "Other Special Charges": NaN,
        "Impairment Of Capital Assets": 28249000.0,
        "Gain On Sale Of Security": -81200000.0,
        "Net Non Operating Interest Income Expense": -1404000.0,
        "Interest Expense Non Operating": 1595000.0,
        "Interest Income Non Operating": 191000.0,
        "Operating Income": 3717000.0,
        "Operating Expense": 37803000.0,
        "Other Operating Expenses": -307000.0,
        "Research And Development": 8774000.0,
        "Selling General And Administration": 29336000.0,
        "Selling And Marketing Expense": 6996000.0,
        "General And Administrative Expense": 22340000.0,
        "Other Gand A": 22340000.0,
        "Gross Profit": 41520000.0,
        "Cost Of Revenue": 71867000.0,
        "Total Revenue": 113387000.0,
        "Operating Revenue": 113387000.0
    },
    "2025-03-31": {
        "Tax Effect Of Unusual Items": 0.0,
        "Tax Rate For Calcs": 0.0,
        "Normalized EBITDA": 27606000.0,
        "Total Unusual Items": 43549000.0,
        "Total Unusual Items Excluding Goodwill": 43549000.0,
        "Net Income From Continuing Operation Net Minority Interest": 61790000.0,
        "Reconciled Depreciation": 8177000.0,
        "Reconciled Cost Of Revenue": 73475000.0,
        "EBITDA": 71155000.0,
        "EBIT": 62978000.0,
        "Net Interest Income": -1011000.0,
        "Interest Expense": 1188000.0,
        "Interest Income": 177000.0,
        "Normalized Income": 18241000.0,
        "Net Income From Continuing And Discontinued Operation": 61790000.0,
        "Total Expenses": 97559000.0,
        "Total Operating Income As Reported": 18932000.0,
        "Diluted Average Shares": 374425026.0,
        "Basic Average Shares": 323430721.0,
        "Diluted EPS": 0.05,
        "Basic EPS": 0.19,
        "Diluted NI Availto Com Stockholders": 61790000.0,
        "Average Dilution Earnings": NaN,
        "Net Income Common Stockholders": 61790000.0,
        "Net Income": 61790000.0,
        "Minority Interests": 0.0,
        "Net Income Including Noncontrolling Interests": 61790000.0,
        "Net Income Continuous Operations": 61790000.0,
        "Tax Provision": 0.0,
        "Pretax Income": 61790000.0,
        "Other Income Expense": 43869000.0,
        "Other Non Operating Income Expenses": 320000.0,
        "Special Income Charges": 389000.0,
        "Other Special Charges": -389000.0,
        "Impairment Of Capital Assets": NaN,
        "Gain On Sale Of Security": 43160000.0,
        "Net Non Operating Interest Income Expense": -1011000.0,
        "Interest Expense Non Operating": 1188000.0,
        "Interest Income Non Operating": 177000.0,
        "Operating Income": 18932000.0,
        "Operating Expense": 24084000.0,
        "Other Operating Expenses": -1416000.0,
        "Research And Development": 8248000.0,
        "Selling General And Administration": 17252000.0,
        "Selling And Marketing Expense": 6799000.0,
        "General And Administrative Expense": 10453000.0,
        "Other Gand A": 10453000.0,
        "Gross Profit": 43016000.0,
        "Cost Of Revenue": 73475000.0,
        "Total Revenue": 116491000.0,
        "Operating Revenue": 116491000.0
    },
    "2025-06-30": {
        "Tax Effect Of Unusual Items": -25721220.0,
        "Tax Rate For Calcs": 0.21,
        "Normalized EBITDA": 26194000.0,
        "Total Unusual Items": -122482000.0,
        "Total Unusual Items Excluding Goodwill": -122482000.0,
        "Net Income From Continuing Operation Net Minority Interest": -106058000.0,
        "Reconciled Depreciation": 8298000.0,
        "Reconciled Cost Of Revenue": 59616000.0,
        "EBITDA": -96288000.0,
        "EBIT": -104586000.0,
        "Net Interest Income": -1054000.0,
        "Interest Expense": 1252000.0,
        "Interest Income": 198000.0,
        "Normalized Income": -9297220.0,
        "Net Income From Continuing And Discontinued Operation": -106058000.0,
        "Total Expenses": 73761000.0,
        "Total Operating Income As Reported": 16214000.0,
        "Diluted Average Shares": 323643200.0,
        "Basic Average Shares": 323643200.0,
        "Diluted EPS": -0.33,
        "Basic EPS": -0.33,
        "Diluted NI Availto Com Stockholders": -106058000.0,
        "Average Dilution Earnings": NaN,
        "Net Income Common Stockholders": -106058000.0,
        "Net Income": -106058000.0,
        "Minority Interests": NaN,
        "Net Income Including Noncontrolling Interests": -106058000.0,
        "Net Income Continuous Operations": -106058000.0,
        "Tax Provision": 220000.0,
        "Pretax Income": -105838000.0,
        "Other Income Expense": -122362000.0,
        "Other Non Operating Income Expenses": 120000.0,
        "Special Income Charges": -961000.0,
        "Other Special Charges": -403000.0,
        "Impairment Of Capital Assets": 1364000.0,
        "Gain On Sale Of Security": -121521000.0,
        "Net Non Operating Interest Income Expense": -1054000.0,
        "Interest Expense Non Operating": 1252000.0,
        "Interest Income Non Operating": 198000.0,
        "Operating Income": 17578000.0,
        "Operating Expense": 14145000.0,
        "Other Operating Expenses": -995000.0,
        "Research And Development": 7719000.0,
        "Selling General And Administration": 7421000.0,
        "Selling And Marketing Expense": 3424000.0,
        "General And Administrative Expense": 3997000.0,
        "Other Gand A": 3997000.0,
        "Gross Profit": 31723000.0,
        "Cost Of Revenue": 59616000.0,
        "Total Revenue": 91339000.0,
        "Operating Revenue": 91339000.0
    },
    "2025-09-30": {
        "Tax Effect Of Unusual Items": -2662170.0,
        "Tax Rate For Calcs": 0.21,
        "Normalized EBITDA": 21454000.0,
        "Total Unusual Items": -12677000.0,
        "Total Unusual Items Excluding Goodwill": -12677000.0,
        "Net Income From Continuing Operation Net Minority Interest": -1489000.0,
        "Reconciled Depreciation": 8272000.0,
        "Reconciled Cost Of Revenue": 76875000.0,
        "EBITDA": 8777000.0,
        "EBIT": 505000.0,
        "Net Interest Income": -1019000.0,
        "Interest Expense": 1255000.0,
        "Interest Income": 236000.0,
        "Normalized Income": 8525830.0,
        "Net Income From Continuing And Discontinued Operation": -1489000.0,
        "Total Expenses": 110257000.0,
        "Total Operating Income As Reported": 12994000.0,
        "Diluted Average Shares": 323755691.0,
        "Basic Average Shares": 323755691.0,
        "Diluted EPS": 0.0,
        "Basic EPS": 0.0,
        "Diluted NI Availto Com Stockholders": -1489000.0,
        "Average Dilution Earnings": 0.0,
        "Net Income Common Stockholders": -1489000.0,
        "Net Income": -1489000.0,
        "Minority Interests": NaN,
        "Net Income Including Noncontrolling Interests": -1489000.0,
        "Net Income Continuous Operations": -1489000.0,
        "Tax Provision": 739000.0,
        "Pretax Income": -750000.0,
        "Other Income Expense": -12761000.0,
        "Other Non Operating Income Expenses": -84000.0,
        "Special Income Charges": -36000.0,
        "Other Special Charges": NaN,
        "Impairment Of Capital Assets": 36000.0,
        "Gain On Sale Of Security": -12641000.0,
        "Net Non Operating Interest Income Expense": -1019000.0,
        "Interest Expense Non Operating": 1255000.0,
        "Interest Income Non Operating": 236000.0,
        "Operating Income": 13030000.0,
        "Operating Expense": 33382000.0,
        "Other Operating Expenses": -44000.0,
        "Research And Development": 7757000.0,
        "Selling General And Administration": 25669000.0,
        "Selling And Marketing Expense": 6006000.0,
        "General And Administrative Expense": 19663000.0,
        "Other Gand A": 19663000.0,
        "Gross Profit": 46412000.0,
        "Cost Of Revenue": 76875000.0,
        "Total Revenue": 123287000.0,
        "Operating Revenue": 123287000.0
    }
}