{
    "2023-03-31": {
        "Tax Effect Of Unusual Items": NaN,
        "Tax Rate For Calcs": NaN,
        "Normalized EBITDA": NaN,
        "Total Unusual Items": NaN,
        "Total Unusual Items Excluding Goodwill": NaN,
        "Net Income From Continuing Operation Net Minority Interest": NaN,
        "Reconciled Depreciation": NaN,
        "Reconciled Cost Of Revenue": NaN,
        "EBITDA": NaN,
        "EBIT": NaN,
        "Net Interest Income": NaN,
        "Interest Expense": NaN,
        "Interest Income": NaN,
        "Normalized Income": NaN,
        "Net Income From Continuing And Discontinued Operation": NaN,
        "Total Expenses": NaN,
        "Total Operating Income As Reported": NaN,
        "Diluted Average Shares": NaN,
        "Basic Average Shares": NaN,
        "Diluted EPS": NaN,
        "Basic EPS": NaN,
        "Diluted NI Availto Com Stockholders": NaN,
        "Net Income Common Stockholders": NaN,
        "Net Income": NaN,
        "Net Income Including Noncontrolling Interests": NaN,
        "Net Income Continuous Operations": NaN,
        "Tax Provision": NaN,
        "Pretax Income": NaN,
        "Other Income Expense": NaN,
        "Other Non Operating Income Expenses": NaN,
        "Special Income Charges": NaN,
        "Other Special Charges": 8449000.0,
        "Restructuring And Mergern Acquisition": NaN,
        "Gain On Sale Of Security": NaN,
        "Net Non Operating Interest Income Expense": NaN,
        "Interest Expense Non Operating": NaN,
        "Interest Income Non Operating": NaN,
        "Operating Income": NaN,
        "Operating Expense": NaN,
        "Research And Development": NaN,
        "Selling General And Administration": NaN,
        "Gross Profit": NaN,
        "Cost Of Revenue": NaN,
        "Total Revenue": NaN,
        "Operating Revenue": NaN
    },
    "2022-12-31": {
        "Tax Effect Of Unusual Items": 2980740.0,
        "Tax Rate For Calcs": 0.21,
        "Normalized EBITDA": -666000.0,
        "Total Unusual Items": 14194000.0,
        "Total Unusual Items Excluding Goodwill": 14194000.0,
        "Net Income From Continuing Operation Net Minority Interest": 2971000.0,
        "Reconciled Depreciation": 3775000.0,
        "Reconciled Cost Of Revenue": 44892000.0,
        "EBITDA": 13528000.0,
        "EBIT": 9753000.0,
        "Net Interest Income": 5711000.0,
        "Interest Expense": 269000.0,
        "Interest Income": NaN,
        "Normalized Income": -8242260.0,
        "Net Income From Continuing And Discontinued Operation": 2971000.0,
        "Total Expenses": 67809000.0,
        "Total Operating Income As Reported": -10117000.0,
        "Diluted Average Shares": 44731683.0,
        "Basic Average Shares": 44054275.0,
        "Diluted EPS": 0.07,
        "Basic EPS": 0.07,
        "Diluted NI Availto Com Stockholders": 2971000.0,
        "Net Income Common Stockholders": 2971000.0,
        "Net Income": 2971000.0,
        "Net Income Including Noncontrolling Interests": 2971000.0,
        "Net Income Continuous Operations": 2971000.0,
        "Tax Provision": 6513000.0,
        "Pretax Income": 9484000.0,
        "Other Income Expense": 10592000.0,
        "Other Non Operating Income Expenses": -3602000.0,
        "Special Income Charges": -3298000.0,
        "Other Special Charges": NaN,
        "Restructuring And Mergern Acquisition": 3298000.0,
        "Gain On Sale Of Security": 17492000.0,
        "Net Non Operating Interest Income Expense": 5711000.0,
        "Interest Expense Non Operating": 269000.0,
        "Interest Income Non Operating": NaN,
        "Operating Income": -6819000.0,
        "Operating Expense": 22917000.0,
        "Research And Development": 13653000.0,
        "Selling General And Administration": 12562000.0,
        "Gross Profit": 16098000.0,
        "Cost Of Revenue": 44892000.0,
        "Total Revenue": 60990000.0,
        "Operating Revenue": 60990000.0
    },
    "2022-09-30": {
        "Tax Effect Of Unusual Items": NaN,
        "Tax Rate For Calcs": NaN,
        "Normalized EBITDA": NaN,
        "Total Unusual Items": NaN,
        "Total Unusual Items Excluding Goodwill": NaN,
        "Net Income From Continuing Operation Net Minority Interest": NaN,
        "Reconciled Depreciation": NaN,
        "Reconciled Cost Of Revenue": NaN,
        "EBITDA": NaN,
        "EBIT": NaN,
        "Net Interest Income": NaN,
        "Interest Expense": NaN,
        "Interest Income": NaN,
        "Normalized Income": NaN,
        "Net Income From Continuing And Discontinued Operation": NaN,
        "Total Expenses": NaN,
        "Total Operating Income As Reported": NaN,
        "Diluted Average Shares": NaN,
        "Basic Average Shares": NaN,
        "Diluted EPS": NaN,
        "Basic EPS": NaN,
        "Diluted NI Availto Com Stockholders": NaN,
        "Net Income Common Stockholders": NaN,
        "Net Income": NaN,
        "Net Income Including Noncontrolling Interests": NaN,
        "Net Income Continuous Operations": NaN,
        "Tax Provision": NaN,
        "Pretax Income": NaN,
        "Other Income Expense": NaN,
        "Other Non Operating Income Expenses": NaN,
        "Special Income Charges": NaN,
        "Other Special Charges": NaN,
        "Restructuring And Mergern Acquisition": NaN,
        "Gain On Sale Of Security": NaN,
        "Net Non Operating Interest Income Expense": NaN,
        "Interest Expense Non Operating": NaN,
        "Interest Income Non Operating": NaN,
        "Operating Income": NaN,
        "Operating Expense": NaN,
        "Other Operating Expenses": 2501000.0,
        "Research And Development": NaN,
        "Selling General And Administration": NaN,
        "Gross Profit": NaN,
        "Cost Of Revenue": NaN,
        "Total Revenue": NaN,
        "Operating Revenue": NaN
    },
    "2022-06-30": {
        "Tax Effect Of Unusual Items": -1484485.248997,
        "Tax Rate For Calcs": 0.211706,
        "Normalized EBITDA": 6985000.0,
        "Total Unusual Items": -7012000.0,
        "Total Unusual Items Excluding Goodwill": -7012000.0,
        "Net Income From Continuing Operation Net Minority Interest": -3340000.0,
        "Reconciled Depreciation": 3711000.0,
        "Reconciled Cost Of Revenue": 72431000.0,
        "EBITDA": -27000.0,
        "EBIT": -3738000.0,
        "Net Interest Income": -499000.0,
        "Interest Expense": 499000.0,
        "Interest Income": NaN,
        "Normalized Income": 2187514.751003,
        "Net Income From Continuing And Discontinued Operation": -3340000.0,
        "Total Expenses": 99374000.0,
        "Total Operating Income As Reported": 2002000.0,
        "Diluted Average Shares": 44897278.0,
        "Basic Average Shares": 44897278.0,
        "Diluted EPS": -0.07,
        "Basic EPS": -0.07,
        "Diluted NI Availto Com Stockholders": -3340000.0,
        "Net Income Common Stockholders": -3340000.0,
        "Net Income": -3340000.0,
        "Net Income Including Noncontrolling Interests": -3340000.0,
        "Net Income Continuous Operations": -3340000.0,
        "Tax Provision": -897000.0,
        "Pretax Income": -4237000.0,
        "Other Income Expense": -5740000.0,
        "Other Non Operating Income Expenses": 1272000.0,
        "Special Income Charges": 0.0,
        "Other Special Charges": NaN,
        "Restructuring And Mergern Acquisition": 0.0,
        "Gain On Sale Of Security": -7012000.0,
        "Net Non Operating Interest Income Expense": -499000.0,
        "Interest Expense Non Operating": 499000.0,
        "Interest Income Non Operating": NaN,
        "Operating Income": 2002000.0,
        "Operating Expense": 26943000.0,
        "Other Operating Expenses": 797000.0,
        "Research And Development": 13410000.0,
        "Selling General And Administration": 12736000.0,
        "Gross Profit": 28945000.0,
        "Cost Of Revenue": 72431000.0,
        "Total Revenue": 101376000.0,
        "Operating Revenue": 101376000.0
    },
    "2023-06-30": {
        "Tax Effect Of Unusual Items": NaN,
        "Tax Rate For Calcs": NaN,
        "Normalized EBITDA": NaN,
        "Total Unusual Items": NaN,
        "Total Unusual Items Excluding Goodwill": NaN,
        "Net Income From Continuing Operation Net Minority Interest": NaN,
        "Reconciled Depreciation": NaN,
        "Reconciled Cost Of Revenue": NaN,
        "EBITDA": NaN,
        "EBIT": NaN,
        "Net Interest Income": NaN,
        "Interest Expense": NaN,
        "Interest Income": NaN,
        "Normalized Income": NaN,
        "Net Income From Continuing And Discontinued Operation": NaN,
        "Total Expenses": NaN,
        "Total Operating Income As Reported": NaN,
        "Diluted Average Shares": NaN,
        "Basic Average Shares": NaN,
        "Diluted EPS": NaN,
        "Basic EPS": NaN,
        "Diluted NI Availto Com Stockholders": NaN,
        "Net Income Common Stockholders": NaN,
        "Net Income": NaN,
        "Net Income Including Noncontrolling Interests": NaN,
        "Net Income Continuous Operations": NaN,
        "Tax Provision": NaN,
        "Pretax Income": NaN,
        "Other Income Expense": NaN,
        "Other Non Operating Income Expenses": NaN,
        "Special Income Charges": NaN,
        "Other Special Charges": 802000.0,
        "Restructuring And Mergern Acquisition": NaN,
        "Gain On Sale Of Security": NaN,
        "Net Non Operating Interest Income Expense": NaN,
        "Interest Expense Non Operating": NaN,
        "Interest Income Non Operating": NaN,
        "Operating Income": NaN,
        "Operating Expense": NaN,
        "Research And Development": NaN,
        "Selling General And Administration": NaN,
        "Gross Profit": NaN,
        "Cost Of Revenue": NaN,
        "Total Revenue": NaN,
        "Operating Revenue": NaN
    },
    "2023-09-30": {
        "Tax Effect Of Unusual Items": NaN,
        "Tax Rate For Calcs": NaN,
        "Normalized EBITDA": NaN,
        "Total Unusual Items": NaN,
        "Total Unusual Items Excluding Goodwill": NaN,
        "Net Income From Continuing Operation Net Minority Interest": NaN,
        "Reconciled Depreciation": NaN,
        "Reconciled Cost Of Revenue": NaN,
        "EBITDA": NaN,
        "EBIT": NaN,
        "Net Interest Income": NaN,
        "Interest Expense": NaN,
        "Interest Income": NaN,
        "Normalized Income": NaN,
        "Net Income From Continuing And Discontinued Operation": NaN,
        "Total Expenses": NaN,
        "Total Operating Income As Reported": NaN,
        "Diluted Average Shares": 40145290.0,
        "Basic Average Shares": 40145290.0,
        "Diluted EPS": -0.13,
        "Basic EPS": -0.13,
        "Diluted NI Availto Com Stockholders": NaN,
        "Net Income Common Stockholders": NaN,
        "Net Income": NaN,
        "Net Income Including Noncontrolling Interests": NaN,
        "Net Income Continuous Operations": NaN,
        "Tax Provision": NaN,
        "Pretax Income": NaN,
        "Other Income Expense": NaN,
        "Other Non Operating Income Expenses": NaN,
        "Special Income Charges": NaN,
        "Restructuring And Mergern Acquisition": NaN,
        "Gain On Sale Of Security": NaN,
        "Net Non Operating Interest Income Expense": NaN,
        "Interest Expense Non Operating": NaN,
        "Interest Income Non Operating": NaN,
        "Operating Income": NaN,
        "Operating Expense": NaN,
        "Research And Development": NaN,
        "Selling General And Administration": NaN,
        "Gross Profit": NaN,
        "Cost Of Revenue": NaN,
        "Total Revenue": NaN,
        "Operating Revenue": NaN
    },
    "2023-12-31": {
        "Tax Effect Of Unusual Items": NaN,
        "Tax Rate For Calcs": NaN,
        "Normalized EBITDA": NaN,
        "Total Unusual Items": NaN,
        "Total Unusual Items Excluding Goodwill": NaN,
        "Net Income From Continuing Operation Net Minority Interest": NaN,
        "Reconciled Depreciation": NaN,
        "Reconciled Cost Of Revenue": NaN,
        "EBITDA": NaN,
        "EBIT": NaN,
        "Net Interest Income": NaN,
        "Interest Expense": NaN,
        "Interest Income": NaN,
        "Normalized Income": NaN,
        "Net Income From Continuing And Discontinued Operation": NaN,
        "Total Expenses": NaN,
        "Total Operating Income As Reported": NaN,
        "Diluted Average Shares": NaN,
        "Basic Average Shares": NaN,
        "Diluted EPS": NaN,
        "Basic EPS": NaN,
        "Diluted NI Availto Com Stockholders": NaN,
        "Net Income Common Stockholders": NaN,
        "Net Income": NaN,
        "Net Income Including Noncontrolling Interests": NaN,
        "Net Income Discontinuous Operations": NaN,
        "Net Income Continuous Operations": NaN,
        "Tax Provision": NaN,
        "Pretax Income": NaN,
        "Other Income Expense": NaN,
        "Other Non Operating Income Expenses": NaN,
        "Special Income Charges": 0.0,
        "Restructuring And Mergern Acquisition": 0.0,
        "Gain On Sale Of Security": NaN,
        "Net Non Operating Interest Income Expense": NaN,
        "Interest Expense Non Operating": NaN,
        "Interest Income Non Operating": NaN,
        "Operating Income": NaN,
        "Operating Expense": NaN,
        "Other Operating Expenses": NaN,
        "Research And Development": NaN,
        "Selling General And Administration": NaN,
        "Gross Profit": NaN,
        "Cost Of Revenue": NaN,
        "Total Revenue": NaN,
        "Operating Revenue": NaN
    },
    "2024-03-31": {
        "Tax Effect Of Unusual Items": NaN,
        "Tax Rate For Calcs": NaN,
        "Normalized EBITDA": NaN,
        "Total Unusual Items": NaN,
        "Total Unusual Items Excluding Goodwill": NaN,
        "Net Income From Continuing Operation Net Minority Interest": NaN,
        "Reconciled Depreciation": NaN,
        "Reconciled Cost Of Revenue": NaN,
        "EBITDA": NaN,
        "EBIT": NaN,
        "Net Interest Income": NaN,
        "Interest Expense": NaN,
        "Interest Income": NaN,
        "Normalized Income": NaN,
        "Net Income From Continuing And Discontinued Operation": NaN,
        "Total Expenses": NaN,
        "Total Operating Income As Reported": NaN,
        "Diluted Average Shares": NaN,
        "Basic Average Shares": NaN,
        "Diluted EPS": NaN,
        "Basic EPS": NaN,
        "Diluted NI Availto Com Stockholders": NaN,
        "Net Income Common Stockholders": NaN,
        "Net Income": NaN,
        "Net Income Including Noncontrolling Interests": NaN,
        "Net Income Discontinuous Operations": NaN,
        "Net Income Continuous Operations": NaN,
        "Tax Provision": NaN,
        "Pretax Income": NaN,
        "Other Income Expense": NaN,
        "Other Non Operating Income Expenses": NaN,
        "Special Income Charges": 0.0,
        "Restructuring And Mergern Acquisition": 0.0,
        "Gain On Sale Of Security": NaN,
        "Net Non Operating Interest Income Expense": NaN,
        "Interest Expense Non Operating": NaN,
        "Interest Income Non Operating": NaN,
        "Operating Income": NaN,
        "Operating Expense": NaN,
        "Other Operating Expenses": NaN,
        "Research And Development": NaN,
        "Selling General And Administration": NaN,
        "Gross Profit": NaN,
        "Cost Of Revenue": NaN,
        "Total Revenue": NaN,
        "Operating Revenue": NaN
    },
    "2024-06-30": {
        "Tax Effect Of Unusual Items": NaN,
        "Tax Rate For Calcs": NaN,
        "Normalized EBITDA": NaN,
        "Total Unusual Items": NaN,
        "Total Unusual Items Excluding Goodwill": NaN,
        "Net Income From Continuing Operation Net Minority Interest": NaN,
        "Reconciled Depreciation": NaN,
        "Reconciled Cost Of Revenue": NaN,
        "EBITDA": NaN,
        "EBIT": NaN,
        "Net Interest Income": NaN,
        "Interest Expense": NaN,
        "Interest Income": NaN,
        "Normalized Income": NaN,
        "Net Income From Continuing And Discontinued Operation": NaN,
        "Total Expenses": NaN,
        "Total Operating Income As Reported": NaN,
        "Diluted Average Shares": NaN,
        "Basic Average Shares": NaN,
        "Diluted EPS": NaN,
        "Basic EPS": NaN,
        "Diluted NI Availto Com Stockholders": NaN,
        "Net Income Common Stockholders": NaN,
        "Net Income": NaN,
        "Net Income Including Noncontrolling Interests": NaN,
        "Net Income Discontinuous Operations": -10789000.0,
        "Net Income Continuous Operations": NaN,
        "Tax Provision": NaN,
        "Pretax Income": NaN,
        "Other Income Expense": NaN,
        "Other Non Operating Income Expenses": NaN,
        "Special Income Charges": 0.0,
        "Restructuring And Mergern Acquisition": 0.0,
        "Gain On Sale Of Security": NaN,
        "Net Non Operating Interest Income Expense": NaN,
        "Interest Expense Non Operating": NaN,
        "Interest Income Non Operating": NaN,
        "Operating Income": NaN,
        "Operating Expense": NaN,
        "Other Operating Expenses": NaN,
        "Research And Development": NaN,
        "Selling General And Administration": NaN,
        "Gross Profit": NaN,
        "Cost Of Revenue": NaN,
        "Total Revenue": NaN,
        "Operating Revenue": NaN
    },
    "2024-09-30": {
        "Tax Effect Of Unusual Items": 1101870.0,
        "Tax Rate For Calcs": 0.21,
        "Normalized EBITDA": 1477000.0,
        "Total Unusual Items": 5247000.0,
        "Total Unusual Items Excluding Goodwill": 5247000.0,
        "Net Income From Continuing Operation Net Minority Interest": -3921000.0,
        "Reconciled Depreciation": 4056000.0,
        "Reconciled Cost Of Revenue": 43928000.0,
        "EBITDA": 6724000.0,
        "EBIT": 2668000.0,
        "Net Interest Income": 1467000.0,
        "Interest Expense": 472000.0,
        "Interest Income": 1939000.0,
        "Normalized Income": -8066130.0,
        "Net Income From Continuing And Discontinued Operation": -9617000.0,
        "Total Expenses": 59921000.0,
        "Total Operating Income As Reported": -4487000.0,
        "Diluted Average Shares": 37468849.0,
        "Basic Average Shares": 37468849.0,
        "Diluted EPS": -0.26,
        "Basic EPS": -0.26,
        "Diluted NI Availto Com Stockholders": -9617000.0,
        "Net Income Common Stockholders": -9617000.0,
        "Net Income": -9617000.0,
        "Net Income Including Noncontrolling Interests": -9617000.0,
        "Net Income Discontinuous Operations": -5696000.0,
        "Net Income Continuous Operations": -3921000.0,
        "Tax Provision": 6117000.0,
        "Pretax Income": 2196000.0,
        "Other Income Expense": 5216000.0,
        "Other Non Operating Income Expenses": -31000.0,
        "Special Income Charges": 0.0,
        "Restructuring And Mergern Acquisition": 0.0,
        "Gain On Sale Of Security": 5247000.0,
        "Net Non Operating Interest Income Expense": 1467000.0,
        "Interest Expense Non Operating": 472000.0,
        "Interest Income Non Operating": 1939000.0,
        "Operating Income": -4487000.0,
        "Operating Expense": 15993000.0,
        "Other Operating Expenses": NaN,
        "Research And Development": 6472000.0,
        "Selling General And Administration": 9521000.0,
        "Gross Profit": 11506000.0,
        "Cost Of Revenue": 43928000.0,
        "Total Revenue": 55434000.0,
        "Operating Revenue": 55434000.0
    },
    "2024-12-31": {
        "Tax Effect Of Unusual Items": -8017148.679551,
        "Tax Rate For Calcs": 0.399639,
        "Normalized EBITDA": -2458000.0,
        "Total Unusual Items": -20061000.0,
        "Total Unusual Items Excluding Goodwill": -20061000.0,
        "Net Income From Continuing Operation Net Minority Interest": -16277000.0,
        "Reconciled Depreciation": 3990000.0,
        "Reconciled Cost Of Revenue": 47154000.0,
        "EBITDA": -22519000.0,
        "EBIT": -26509000.0,
        "Net Interest Income": 1676000.0,
        "Interest Expense": 603000.0,
        "Interest Income": 2279000.0,
        "Normalized Income": -4233148.679551,
        "Net Income From Continuing And Discontinued Operation": -16277000.0,
        "Total Expenses": 72130000.0,
        "Total Operating Income As Reported": -15745000.0,
        "Diluted Average Shares": 36921300.0,
        "Basic Average Shares": 36921300.0,
        "Diluted EPS": -0.44,
        "Basic EPS": -0.44,
        "Diluted NI Availto Com Stockholders": -16277000.0,
        "Net Income Common Stockholders": -16277000.0,
        "Net Income": -16277000.0,
        "Net Income Including Noncontrolling Interests": -16277000.0,
        "Net Income Discontinuous Operations": NaN,
        "Net Income Continuous Operations": -16277000.0,
        "Tax Provision": -10835000.0,
        "Pretax Income": -27112000.0,
        "Other Income Expense": -19697000.0,
        "Other Non Operating Income Expenses": 364000.0,
        "Special Income Charges": -6654000.0,
        "Restructuring And Mergern Acquisition": 0.0,
        "Gain On Sale Of Security": -13407000.0,
        "Net Non Operating Interest Income Expense": 1676000.0,
        "Interest Expense Non Operating": 603000.0,
        "Interest Income Non Operating": 2279000.0,
        "Operating Income": -9091000.0,
        "Operating Expense": 24976000.0,
        "Other Operating Expenses": NaN,
        "Research And Development": 12967000.0,
        "Selling General And Administration": 12009000.0,
        "Gross Profit": 15885000.0,
        "Cost Of Revenue": 47154000.0,
        "Total Revenue": 63039000.0,
        "Operating Revenue": 63039000.0
    },
    "2025-03-31": {
        "Tax Effect Of Unusual Items": -29619.733722,
        "Tax Rate For Calcs": 0.073135,
        "Normalized EBITDA": -1356000.0,
        "Total Unusual Items": -405000.0,
        "Total Unusual Items Excluding Goodwill": -405000.0,
        "Net Income From Continuing Operation Net Minority Interest": -5082000.0,
        "Reconciled Depreciation": 3273000.0,
        "Reconciled Cost Of Revenue": 35360000.0,
        "EBITDA": -1761000.0,
        "EBIT": -5034000.0,
        "Net Interest Income": 1096000.0,
        "Interest Expense": 449000.0,
        "Interest Income": 1545000.0,
        "Normalized Income": -4706619.733722,
        "Net Income From Continuing And Discontinued Operation": -8878000.0,
        "Total Expenses": 51010000.0,
        "Total Operating Income As Reported": -6288000.0,
        "Diluted Average Shares": 36887841.0,
        "Basic Average Shares": 36887841.0,
        "Diluted EPS": -0.24,
        "Basic EPS": -0.24,
        "Diluted NI Availto Com Stockholders": -8878000.0,
        "Net Income Common Stockholders": -8878000.0,
        "Net Income": -8878000.0,
        "Net Income Including Noncontrolling Interests": -8878000.0,
        "Net Income Discontinuous Operations": -3796000.0,
        "Net Income Continuous Operations": -5082000.0,
        "Tax Provision": -401000.0,
        "Pretax Income": -5483000.0,
        "Other Income Expense": -291000.0,
        "Other Non Operating Income Expenses": 114000.0,
        "Special Income Charges": NaN,
        "Restructuring And Mergern Acquisition": NaN,
        "Gain On Sale Of Security": -405000.0,
        "Net Non Operating Interest Income Expense": 1096000.0,
        "Interest Expense Non Operating": 449000.0,
        "Interest Income Non Operating": 1545000.0,
        "Operating Income": -6288000.0,
        "Operating Expense": 15650000.0,
        "Other Operating Expenses": NaN,
        "Research And Development": 5936000.0,
        "Selling General And Administration": 9714000.0,
        "Gross Profit": 9362000.0,
        "Cost Of Revenue": 35360000.0,
        "Total Revenue": 44722000.0,
        "Operating Revenue": 44722000.0
    },
    "2025-06-30": {
        "Tax Effect Of Unusual Items": 2270100.0,
        "Tax Rate For Calcs": 0.21,
        "Normalized EBITDA": -2670000.0,
        "Total Unusual Items": 10810000.0,
        "Total Unusual Items Excluding Goodwill": 10810000.0,
        "Net Income From Continuing Operation Net Minority Interest": 8486000.0,
        "Reconciled Depreciation": 3388000.0,
        "Reconciled Cost Of Revenue": 37910000.0,
        "EBITDA": 8140000.0,
        "EBIT": 4752000.0,
        "Net Interest Income": 922000.0,
        "Interest Expense": 402000.0,
        "Interest Income": 1324000.0,
        "Normalized Income": -53900.0,
        "Net Income From Continuing And Discontinued Operation": 323000.0,
        "Total Expenses": 55060000.0,
        "Total Operating Income As Reported": -7438000.0,
        "Diluted Average Shares": 36768647.0,
        "Basic Average Shares": 36083703.0,
        "Diluted EPS": 0.01,
        "Basic EPS": 0.01,
        "Diluted NI Availto Com Stockholders": 323000.0,
        "Net Income Common Stockholders": 323000.0,
        "Net Income": 323000.0,
        "Net Income Including Noncontrolling Interests": 323000.0,
        "Net Income Discontinuous Operations": -8163000.0,
        "Net Income Continuous Operations": 8486000.0,
        "Tax Provision": -4136000.0,
        "Pretax Income": 4350000.0,
        "Other Income Expense": 10866000.0,
        "Other Non Operating Income Expenses": 56000.0,
        "Special Income Charges": NaN,
        "Restructuring And Mergern Acquisition": NaN,
        "Gain On Sale Of Security": 10810000.0,
        "Net Non Operating Interest Income Expense": 922000.0,
        "Interest Expense Non Operating": 402000.0,
        "Interest Income Non Operating": 1324000.0,
        "Operating Income": -7438000.0,
        "Operating Expense": 17150000.0,
        "Other Operating Expenses": 846000.0,
        "Research And Development": 6983000.0,
        "Selling General And Administration": 9321000.0,
        "Gross Profit": 9712000.0,
        "Cost Of Revenue": 37910000.0,
        "Total Revenue": 47622000.0,
        "Operating Revenue": 47622000.0
    },
    "2025-09-30": {
        "Tax Effect Of Unusual Items": -2334567.968063,
        "Tax Rate For Calcs": 0.282157,
        "Normalized EBITDA": -2759000.0,
        "Total Unusual Items": -8274000.0,
        "Total Unusual Items Excluding Goodwill": -8274000.0,
        "Net Income From Continuing Operation Net Minority Interest": -10609000.0,
        "Reconciled Depreciation": 3277000.0,
        "Reconciled Cost Of Revenue": 37405000.0,
        "EBITDA": -11033000.0,
        "EBIT": -14310000.0,
        "Net Interest Income": 786000.0,
        "Interest Expense": 469000.0,
        "Interest Income": 1255000.0,
        "Normalized Income": -4669567.968063,
        "Net Income From Continuing And Discontinued Operation": -13090000.0,
        "Total Expenses": 53490000.0,
        "Total Operating Income As Reported": -11538000.0,
        "Diluted Average Shares": 35934406.0,
        "Basic Average Shares": 35934406.0,
        "Diluted EPS": -0.36,
        "Basic EPS": -0.36,
        "Diluted NI Availto Com Stockholders": -13090000.0,
        "Net Income Common Stockholders": -13090000.0,
        "Net Income": -13090000.0,
        "Net Income Including Noncontrolling Interests": -13090000.0,
        "Net Income Discontinuous Operations": -2481000.0,
        "Net Income Continuous Operations": -10609000.0,
        "Tax Provision": -4170000.0,
        "Pretax Income": -14779000.0,
        "Other Income Expense": -8021000.0,
        "Other Non Operating Income Expenses": 253000.0,
        "Special Income Charges": -3994000.0,
        "Restructuring And Mergern Acquisition": 3994000.0,
        "Gain On Sale Of Security": -4280000.0,
        "Net Non Operating Interest Income Expense": 786000.0,
        "Interest Expense Non Operating": 469000.0,
        "Interest Income Non Operating": 1255000.0,
        "Operating Income": -7544000.0,
        "Operating Expense": 16085000.0,
        "Other Operating Expenses": NaN,
        "Research And Development": 7773000.0,
        "Selling General And Administration": 8312000.0,
        "Gross Profit": 8541000.0,
        "Cost Of Revenue": 37405000.0,
        "Total Revenue": 45946000.0,
        "Operating Revenue": 45946000.0
    }
}