{
    "2024-03-31": {
        "Tax Effect Of Unusual Items": NaN,
        "Tax Rate For Calcs": NaN,
        "Normalized EBITDA": NaN,
        "Total Unusual Items": NaN,
        "Total Unusual Items Excluding Goodwill": NaN,
        "Net Income From Continuing Operation Net Minority Interest": NaN,
        "Reconciled Depreciation": NaN,
        "EBITDA": NaN,
        "EBIT": NaN,
        "Net Interest Income": NaN,
        "Interest Income": NaN,
        "Normalized Income": NaN,
        "Net Income From Continuing And Discontinued Operation": NaN,
        "Total Expenses": NaN,
        "Total Operating Income As Reported": NaN,
        "Diluted Average Shares": NaN,
        "Basic Average Shares": NaN,
        "Diluted EPS": NaN,
        "Basic EPS": NaN,
        "Diluted NI Availto Com Stockholders": NaN,
        "Net Income Common Stockholders": NaN,
        "Net Income": NaN,
        "Net Income Including Noncontrolling Interests": NaN,
        "Net Income Continuous Operations": NaN,
        "Tax Provision": NaN,
        "Pretax Income": NaN,
        "Other Income Expense": NaN,
        "Special Income Charges": -8702000.0,
        "Gain On Sale Of Ppe": NaN,
        "Restructuring And Mergern Acquisition": 8702000.0,
        "Gain On Sale Of Security": NaN,
        "Net Non Operating Interest Income Expense": NaN,
        "Total Other Finance Cost": 893000.0,
        "Interest Income Non Operating": NaN,
        "Operating Income": NaN,
        "Operating Expense": NaN,
        "Research And Development": NaN,
        "Selling General And Administration": NaN,
        "Selling And Marketing Expense": 4075000.0,
        "General And Administrative Expense": NaN,
        "Other Gand A": NaN,
        "Salaries And Wages": 7373000.0,
        "Total Revenue": NaN,
        "Operating Revenue": NaN
    },
    "2023-06-30": {
        "Tax Effect Of Unusual Items": NaN,
        "Tax Rate For Calcs": NaN,
        "Normalized EBITDA": NaN,
        "Total Unusual Items": NaN,
        "Total Unusual Items Excluding Goodwill": NaN,
        "Net Income From Continuing Operation Net Minority Interest": NaN,
        "Reconciled Depreciation": NaN,
        "EBITDA": NaN,
        "EBIT": NaN,
        "Net Interest Income": NaN,
        "Interest Income": NaN,
        "Normalized Income": NaN,
        "Net Income From Continuing And Discontinued Operation": NaN,
        "Total Expenses": NaN,
        "Total Operating Income As Reported": NaN,
        "Diluted Average Shares": 82064519.0,
        "Basic Average Shares": 82064519.0,
        "Diluted EPS": -0.47,
        "Basic EPS": -0.47,
        "Diluted NI Availto Com Stockholders": NaN,
        "Net Income Common Stockholders": NaN,
        "Net Income": NaN,
        "Net Income Including Noncontrolling Interests": NaN,
        "Net Income Continuous Operations": NaN,
        "Tax Provision": NaN,
        "Pretax Income": NaN,
        "Other Income Expense": NaN,
        "Gain On Sale Of Security": NaN,
        "Net Non Operating Interest Income Expense": NaN,
        "Total Other Finance Cost": NaN,
        "Interest Income Non Operating": NaN,
        "Operating Income": NaN,
        "Operating Expense": NaN,
        "Research And Development": NaN,
        "Selling General And Administration": NaN,
        "Selling And Marketing Expense": NaN,
        "General And Administrative Expense": NaN,
        "Other Gand A": NaN,
        "Salaries And Wages": NaN,
        "Total Revenue": NaN,
        "Operating Revenue": NaN
    },
    "2023-03-31": {
        "Tax Effect Of Unusual Items": 0.0,
        "Tax Rate For Calcs": 0.0,
        "Normalized EBITDA": -35511000.0,
        "Total Unusual Items": -3108000.0,
        "Total Unusual Items Excluding Goodwill": -3108000.0,
        "Net Income From Continuing Operation Net Minority Interest": -42018000.0,
        "Reconciled Depreciation": 9000.0,
        "EBITDA": -38619000.0,
        "EBIT": -38628000.0,
        "Net Interest Income": -282000.0,
        "Interest Income": 943000.0,
        "Normalized Income": -38910000.0,
        "Net Income From Continuing And Discontinued Operation": -42018000.0,
        "Total Expenses": 47257000.0,
        "Total Operating Income As Reported": -39853000.0,
        "Diluted Average Shares": 81634428.0,
        "Basic Average Shares": 81634428.0,
        "Diluted EPS": -0.51,
        "Basic EPS": -0.51,
        "Diluted NI Availto Com Stockholders": -42018000.0,
        "Net Income Common Stockholders": -42018000.0,
        "Net Income": -42018000.0,
        "Net Income Including Noncontrolling Interests": -42018000.0,
        "Net Income Continuous Operations": -42018000.0,
        "Tax Provision": 0.0,
        "Pretax Income": -42018000.0,
        "Other Income Expense": -3108000.0,
        "Gain On Sale Of Security": -3108000.0,
        "Net Non Operating Interest Income Expense": -282000.0,
        "Total Other Finance Cost": 1225000.0,
        "Interest Income Non Operating": 943000.0,
        "Operating Income": -38628000.0,
        "Operating Expense": 47257000.0,
        "Research And Development": 40420000.0,
        "Selling General And Administration": 6837000.0,
        "Selling And Marketing Expense": 618000.0,
        "General And Administrative Expense": 6219000.0,
        "Other Gand A": 1863000.0,
        "Salaries And Wages": 4356000.0,
        "Total Revenue": 8629000.0,
        "Operating Revenue": 8629000.0
    },
    "2024-06-30": {
        "Tax Effect Of Unusual Items": NaN,
        "Tax Rate For Calcs": NaN,
        "Normalized EBITDA": NaN,
        "Total Unusual Items": NaN,
        "Total Unusual Items Excluding Goodwill": NaN,
        "Net Income From Continuing Operation Net Minority Interest": NaN,
        "Reconciled Depreciation": NaN,
        "EBITDA": NaN,
        "EBIT": NaN,
        "Net Interest Income": NaN,
        "Interest Income": NaN,
        "Normalized Income": NaN,
        "Net Income From Continuing And Discontinued Operation": NaN,
        "Total Expenses": NaN,
        "Total Operating Income As Reported": NaN,
        "Diluted Average Shares": 94711604.0,
        "Basic Average Shares": 94711604.0,
        "Diluted EPS": -0.41,
        "Basic EPS": -0.41,
        "Diluted NI Availto Com Stockholders": NaN,
        "Net Income Common Stockholders": NaN,
        "Net Income": NaN,
        "Net Income Including Noncontrolling Interests": NaN,
        "Net Income Continuous Operations": NaN,
        "Tax Provision": NaN,
        "Pretax Income": NaN,
        "Other Income Expense": NaN,
        "Special Income Charges": 3096000.0,
        "Gain On Sale Of Ppe": NaN,
        "Restructuring And Mergern Acquisition": -3096000.0,
        "Gain On Sale Of Security": NaN,
        "Net Non Operating Interest Income Expense": NaN,
        "Total Other Finance Cost": 1177000.0,
        "Interest Income Non Operating": NaN,
        "Operating Income": NaN,
        "Operating Expense": NaN,
        "Research And Development": NaN,
        "Selling General And Administration": NaN,
        "Selling And Marketing Expense": 3522000.0,
        "General And Administrative Expense": NaN,
        "Other Gand A": NaN,
        "Salaries And Wages": 9591000.0,
        "Total Revenue": NaN,
        "Operating Revenue": NaN
    },
    "2024-09-30": {
        "Tax Effect Of Unusual Items": 234.983181,
        "Tax Rate For Calcs": 6e-05,
        "Normalized EBITDA": -27752000.0,
        "Total Unusual Items": 3912000.0,
        "Total Unusual Items Excluding Goodwill": 3912000.0,
        "Net Income From Continuing Operation Net Minority Interest": -16647000.0,
        "Reconciled Depreciation": 28000.0,
        "EBITDA": -23840000.0,
        "EBIT": -23868000.0,
        "Net Interest Income": 3308000.0,
        "Interest Income": 4443000.0,
        "Normalized Income": -20558765.016819,
        "Net Income From Continuing And Discontinued Operation": -16647000.0,
        "Total Expenses": 52979000.0,
        "Total Operating Income As Reported": -25003000.0,
        "Diluted Average Shares": 94754140.0,
        "Basic Average Shares": 94754140.0,
        "Diluted EPS": -0.18,
        "Basic EPS": -0.18,
        "Diluted NI Availto Com Stockholders": -16647000.0,
        "Net Income Common Stockholders": -16647000.0,
        "Net Income": -16647000.0,
        "Net Income Including Noncontrolling Interests": -16647000.0,
        "Net Income Continuous Operations": -16647000.0,
        "Tax Provision": -1000.0,
        "Pretax Income": -16648000.0,
        "Other Income Expense": 3912000.0,
        "Special Income Charges": NaN,
        "Gain On Sale Of Ppe": NaN,
        "Restructuring And Mergern Acquisition": NaN,
        "Gain On Sale Of Security": 3912000.0,
        "Net Non Operating Interest Income Expense": 3308000.0,
        "Total Other Finance Cost": 1135000.0,
        "Interest Income Non Operating": 4443000.0,
        "Operating Income": -23868000.0,
        "Operating Expense": 52979000.0,
        "Research And Development": 35702000.0,
        "Selling General And Administration": 17277000.0,
        "Selling And Marketing Expense": 3546000.0,
        "General And Administrative Expense": 13731000.0,
        "Other Gand A": 3002000.0,
        "Salaries And Wages": 10729000.0,
        "Total Revenue": 29111000.0,
        "Operating Revenue": 29111000.0
    },
    "2023-12-31": {
        "Tax Effect Of Unusual Items": NaN,
        "Tax Rate For Calcs": NaN,
        "Normalized EBITDA": NaN,
        "Total Unusual Items": NaN,
        "Total Unusual Items Excluding Goodwill": NaN,
        "Net Income From Continuing Operation Net Minority Interest": NaN,
        "Reconciled Depreciation": NaN,
        "EBITDA": NaN,
        "EBIT": NaN,
        "Net Interest Income": NaN,
        "Interest Income": NaN,
        "Normalized Income": NaN,
        "Net Income From Continuing And Discontinued Operation": NaN,
        "Total Expenses": NaN,
        "Total Operating Income As Reported": NaN,
        "Diluted Average Shares": NaN,
        "Basic Average Shares": NaN,
        "Diluted EPS": NaN,
        "Basic EPS": NaN,
        "Diluted NI Availto Com Stockholders": NaN,
        "Net Income Common Stockholders": NaN,
        "Net Income": NaN,
        "Net Income Including Noncontrolling Interests": NaN,
        "Net Income Continuous Operations": NaN,
        "Tax Provision": NaN,
        "Pretax Income": NaN,
        "Other Income Expense": NaN,
        "Special Income Charges": NaN,
        "Restructuring And Mergern Acquisition": NaN,
        "Gain On Sale Of Security": NaN,
        "Net Non Operating Interest Income Expense": NaN,
        "Total Other Finance Cost": 1879000.0,
        "Interest Income Non Operating": NaN,
        "Operating Income": NaN,
        "Operating Expense": NaN,
        "Research And Development": NaN,
        "Selling General And Administration": NaN,
        "Selling And Marketing Expense": 1827000.0,
        "General And Administrative Expense": NaN,
        "Other Gand A": NaN,
        "Salaries And Wages": 4695000.0,
        "Total Revenue": NaN,
        "Operating Revenue": NaN
    },
    "2023-09-30": {
        "Tax Effect Of Unusual Items": NaN,
        "Tax Rate For Calcs": NaN,
        "Normalized EBITDA": NaN,
        "Total Unusual Items": NaN,
        "Total Unusual Items Excluding Goodwill": NaN,
        "Net Income From Continuing Operation Net Minority Interest": NaN,
        "Reconciled Depreciation": NaN,
        "EBITDA": NaN,
        "EBIT": NaN,
        "Net Interest Income": NaN,
        "Interest Income": NaN,
        "Normalized Income": NaN,
        "Net Income From Continuing And Discontinued Operation": NaN,
        "Total Expenses": NaN,
        "Total Operating Income As Reported": NaN,
        "Diluted Average Shares": 82466584.0,
        "Basic Average Shares": 82466584.0,
        "Diluted EPS": -0.57,
        "Basic EPS": -0.57,
        "Diluted NI Availto Com Stockholders": NaN,
        "Net Income Common Stockholders": NaN,
        "Net Income": NaN,
        "Net Income Including Noncontrolling Interests": NaN,
        "Net Income Continuous Operations": NaN,
        "Tax Provision": NaN,
        "Pretax Income": NaN,
        "Other Income Expense": NaN,
        "Special Income Charges": NaN,
        "Restructuring And Mergern Acquisition": NaN,
        "Gain On Sale Of Security": NaN,
        "Net Non Operating Interest Income Expense": NaN,
        "Total Other Finance Cost": 1275000.0,
        "Interest Income Non Operating": NaN,
        "Operating Income": NaN,
        "Operating Expense": NaN,
        "Research And Development": NaN,
        "Selling General And Administration": NaN,
        "Selling And Marketing Expense": 1142000.0,
        "General And Administrative Expense": NaN,
        "Other Gand A": NaN,
        "Salaries And Wages": 4263000.0,
        "Total Revenue": NaN,
        "Operating Revenue": NaN
    },
    "2024-12-31": {
        "Tax Effect Of Unusual Items": 0.0,
        "Tax Rate For Calcs": 0.0,
        "Normalized EBITDA": -58260000.0,
        "Total Unusual Items": -53433000.0,
        "Total Unusual Items Excluding Goodwill": -53433000.0,
        "Net Income From Continuing Operation Net Minority Interest": -92177000.0,
        "Reconciled Depreciation": 51000.0,
        "EBITDA": -111693000.0,
        "EBIT": -111744000.0,
        "Net Interest Income": 7690000.0,
        "Interest Income": 4485000.0,
        "Normalized Income": -38744000.0,
        "Net Income From Continuing And Discontinued Operation": -92177000.0,
        "Total Expenses": 59206000.0,
        "Total Operating Income As Reported": -43229000.0,
        "Diluted Average Shares": NaN,
        "Basic Average Shares": NaN,
        "Diluted EPS": NaN,
        "Basic EPS": NaN,
        "Diluted NI Availto Com Stockholders": -92177000.0,
        "Net Income Common Stockholders": -92177000.0,
        "Net Income": -92177000.0,
        "Net Income Including Noncontrolling Interests": -92177000.0,
        "Net Income Continuous Operations": -92177000.0,
        "Tax Provision": 0.0,
        "Pretax Income": -92177000.0,
        "Other Income Expense": -53433000.0,
        "Special Income Charges": NaN,
        "Gain On Sale Of Ppe": NaN,
        "Restructuring And Mergern Acquisition": NaN,
        "Gain On Sale Of Security": -16423000.0,
        "Net Non Operating Interest Income Expense": 7690000.0,
        "Total Other Finance Cost": NaN,
        "Interest Income Non Operating": 4485000.0,
        "Operating Income": -46434000.0,
        "Operating Expense": 59206000.0,
        "Research And Development": 34895000.0,
        "Selling General And Administration": 24311000.0,
        "Selling And Marketing Expense": NaN,
        "General And Administrative Expense": 35454000.0,
        "Other Gand A": 63147000.0,
        "Salaries And Wages": NaN,
        "Total Revenue": 12772000.0,
        "Operating Revenue": 12772000.0
    },
    "2025-03-31": {
        "Tax Effect Of Unusual Items": 0.0,
        "Tax Rate For Calcs": 0.0,
        "Normalized EBITDA": -90920000.0,
        "Total Unusual Items": 22047000.0,
        "Total Unusual Items Excluding Goodwill": 22047000.0,
        "Net Income From Continuing Operation Net Minority Interest": -39527000.0,
        "Reconciled Depreciation": 52000.0,
        "EBITDA": -68873000.0,
        "EBIT": -68925000.0,
        "Net Interest Income": 7351000.0,
        "Interest Income": 7351000.0,
        "Normalized Income": -61574000.0,
        "Net Income From Continuing And Discontinued Operation": -39527000.0,
        "Total Expenses": 71903000.0,
        "Total Operating Income As Reported": -68925000.0,
        "Diluted Average Shares": 116124941.0,
        "Basic Average Shares": 116124941.0,
        "Diluted EPS": -0.34,
        "Basic EPS": -0.34,
        "Diluted NI Availto Com Stockholders": -39527000.0,
        "Net Income Common Stockholders": -39527000.0,
        "Net Income": -39527000.0,
        "Net Income Including Noncontrolling Interests": -39527000.0,
        "Net Income Continuous Operations": -39527000.0,
        "Tax Provision": 0.0,
        "Pretax Income": -39527000.0,
        "Other Income Expense": 22047000.0,
        "Special Income Charges": 3992000.0,
        "Gain On Sale Of Ppe": NaN,
        "Restructuring And Mergern Acquisition": -3992000.0,
        "Gain On Sale Of Security": 18055000.0,
        "Net Non Operating Interest Income Expense": 7351000.0,
        "Total Other Finance Cost": NaN,
        "Interest Income Non Operating": 7351000.0,
        "Operating Income": -68925000.0,
        "Operating Expense": 71903000.0,
        "Research And Development": 44751000.0,
        "Selling General And Administration": 27152000.0,
        "Selling And Marketing Expense": NaN,
        "General And Administrative Expense": 27152000.0,
        "Other Gand A": 27152000.0,
        "Salaries And Wages": NaN,
        "Total Revenue": 2978000.0,
        "Operating Revenue": 2978000.0
    },
    "2025-06-30": {
        "Tax Effect Of Unusual Items": 0.0,
        "Tax Rate For Calcs": 0.0,
        "Normalized EBITDA": -46806000.0,
        "Total Unusual Items": 11216000.0,
        "Total Unusual Items Excluding Goodwill": 11216000.0,
        "Net Income From Continuing Operation Net Minority Interest": -17364000.0,
        "Reconciled Depreciation": 45000.0,
        "EBITDA": -35590000.0,
        "EBIT": -35635000.0,
        "Net Interest Income": 7055000.0,
        "Interest Income": 7055000.0,
        "Normalized Income": -28580000.0,
        "Net Income From Continuing And Discontinued Operation": -17364000.0,
        "Total Expenses": 54780000.0,
        "Total Operating Income As Reported": -35635000.0,
        "Diluted Average Shares": 112509914.0,
        "Basic Average Shares": 112509914.0,
        "Diluted EPS": -0.154333,
        "Basic EPS": -0.154333,
        "Diluted NI Availto Com Stockholders": -17364000.0,
        "Net Income Common Stockholders": -17364000.0,
        "Net Income": -17364000.0,
        "Net Income Including Noncontrolling Interests": -17364000.0,
        "Net Income Continuous Operations": -17364000.0,
        "Tax Provision": 0.0,
        "Pretax Income": -17364000.0,
        "Other Income Expense": 11216000.0,
        "Special Income Charges": 0.0,
        "Gain On Sale Of Ppe": NaN,
        "Restructuring And Mergern Acquisition": 0.0,
        "Gain On Sale Of Security": 11216000.0,
        "Net Non Operating Interest Income Expense": 7055000.0,
        "Total Other Finance Cost": NaN,
        "Interest Income Non Operating": 7055000.0,
        "Operating Income": -35635000.0,
        "Operating Expense": 54780000.0,
        "Research And Development": 27516000.0,
        "Selling General And Administration": 27264000.0,
        "Selling And Marketing Expense": NaN,
        "General And Administrative Expense": 27264000.0,
        "Other Gand A": 27264000.0,
        "Salaries And Wages": NaN,
        "Total Revenue": 19145000.0,
        "Operating Revenue": 19145000.0
    },
    "2025-09-30": {
        "Tax Effect Of Unusual Items": 0.0,
        "Tax Rate For Calcs": 0.0,
        "Normalized EBITDA": -31504000.0,
        "Total Unusual Items": -23575000.0,
        "Total Unusual Items Excluding Goodwill": -23575000.0,
        "Net Income From Continuing Operation Net Minority Interest": -72005000.0,
        "Reconciled Depreciation": 64000.0,
        "EBITDA": -55079000.0,
        "EBIT": -55143000.0,
        "Net Interest Income": 6713000.0,
        "Interest Income": 6713000.0,
        "Normalized Income": -48430000.0,
        "Net Income From Continuing And Discontinued Operation": -72005000.0,
        "Total Expenses": 55491000.0,
        "Total Operating Income As Reported": -55143000.0,
        "Diluted Average Shares": 119000266.0,
        "Basic Average Shares": 119000266.0,
        "Diluted EPS": -0.61,
        "Basic EPS": -0.61,
        "Diluted NI Availto Com Stockholders": -72005000.0,
        "Net Income Common Stockholders": -72005000.0,
        "Net Income": -72005000.0,
        "Net Income Including Noncontrolling Interests": -72005000.0,
        "Net Income Continuous Operations": -72005000.0,
        "Tax Provision": 0.0,
        "Pretax Income": -72005000.0,
        "Other Income Expense": -23575000.0,
        "Special Income Charges": -1000.0,
        "Gain On Sale Of Ppe": -1000.0,
        "Restructuring And Mergern Acquisition": 0.0,
        "Gain On Sale Of Security": -23574000.0,
        "Net Non Operating Interest Income Expense": 6713000.0,
        "Total Other Finance Cost": NaN,
        "Interest Income Non Operating": 6713000.0,
        "Operating Income": -55143000.0,
        "Operating Expense": 55491000.0,
        "Research And Development": 30971000.0,
        "Selling General And Administration": 24520000.0,
        "Selling And Marketing Expense": NaN,
        "General And Administrative Expense": 24520000.0,
        "Other Gand A": 24520000.0,
        "Salaries And Wages": NaN,
        "Total Revenue": 348000.0,
        "Operating Revenue": 348000.0
    }
}