{
    "2023-03-31": {
        "Tax Effect Of Unusual Items": NaN,
        "Tax Rate For Calcs": NaN,
        "Normalized EBITDA": NaN,
        "Net Income From Continuing Operation Net Minority Interest": NaN,
        "Reconciled Depreciation": NaN,
        "Reconciled Cost Of Revenue": NaN,
        "EBITDA": NaN,
        "EBIT": NaN,
        "Net Interest Income": NaN,
        "Interest Expense": NaN,
        "Normalized Income": NaN,
        "Net Income From Continuing And Discontinued Operation": NaN,
        "Total Expenses": NaN,
        "Total Operating Income As Reported": NaN,
        "Diluted Average Shares": 1651936.0,
        "Basic Average Shares": 1651936.0,
        "Diluted EPS": -0.67,
        "Basic EPS": -0.67,
        "Diluted NI Availto Com Stockholders": NaN,
        "Net Income Common Stockholders": NaN,
        "Net Income": NaN,
        "Net Income Including Noncontrolling Interests": NaN,
        "Net Income Continuous Operations": NaN,
        "Tax Provision": NaN,
        "Pretax Income": NaN,
        "Net Non Operating Interest Income Expense": NaN,
        "Total Other Finance Cost": NaN,
        "Interest Expense Non Operating": NaN,
        "Operating Income": NaN,
        "Operating Expense": NaN,
        "Research And Development": NaN,
        "Selling General And Administration": NaN,
        "Selling And Marketing Expense": NaN,
        "General And Administrative Expense": NaN,
        "Other Gand A": NaN,
        "Gross Profit": NaN,
        "Cost Of Revenue": NaN,
        "Total Revenue": NaN,
        "Operating Revenue": NaN
    },
    "2022-12-31": {
        "Tax Effect Of Unusual Items": 0.0,
        "Tax Rate For Calcs": 0.001455,
        "Normalized EBITDA": -1762000.0,
        "Net Income From Continuing Operation Net Minority Interest": -2059000.0,
        "Reconciled Depreciation": 0.0,
        "Reconciled Cost Of Revenue": 198000.0,
        "EBITDA": -1762000.0,
        "EBIT": -1762000.0,
        "Net Interest Income": -354000.0,
        "Interest Expense": 300000.0,
        "Normalized Income": -2059000.0,
        "Net Income From Continuing And Discontinued Operation": -2059000.0,
        "Total Expenses": 1606000.0,
        "Total Operating Income As Reported": -1708000.0,
        "Diluted Average Shares": NaN,
        "Basic Average Shares": NaN,
        "Diluted EPS": NaN,
        "Basic EPS": NaN,
        "Diluted NI Availto Com Stockholders": -2059000.0,
        "Net Income Common Stockholders": -2059000.0,
        "Net Income": -2059000.0,
        "Net Income Including Noncontrolling Interests": -2059000.0,
        "Net Income Continuous Operations": -2059000.0,
        "Tax Provision": -3000.0,
        "Pretax Income": -2062000.0,
        "Net Non Operating Interest Income Expense": -354000.0,
        "Total Other Finance Cost": NaN,
        "Interest Expense Non Operating": 300000.0,
        "Operating Income": -1708000.0,
        "Operating Expense": 1408000.0,
        "Research And Development": 107000.0,
        "Selling General And Administration": 1301000.0,
        "Selling And Marketing Expense": 205000.0,
        "General And Administrative Expense": 1096000.0,
        "Other Gand A": 1096000.0,
        "Gross Profit": -300000.0,
        "Cost Of Revenue": 198000.0,
        "Total Revenue": -102000.0,
        "Operating Revenue": -102000.0
    },
    "2022-09-30": {
        "Tax Effect Of Unusual Items": NaN,
        "Tax Rate For Calcs": NaN,
        "Normalized EBITDA": NaN,
        "Net Income From Continuing Operation Net Minority Interest": NaN,
        "Reconciled Depreciation": NaN,
        "Reconciled Cost Of Revenue": NaN,
        "EBITDA": NaN,
        "EBIT": NaN,
        "Net Interest Income": NaN,
        "Interest Expense": NaN,
        "Normalized Income": NaN,
        "Net Income From Continuing And Discontinued Operation": NaN,
        "Total Expenses": NaN,
        "Total Operating Income As Reported": NaN,
        "Diluted Average Shares": 1399890.0,
        "Basic Average Shares": 1399890.0,
        "Diluted EPS": -0.68,
        "Basic EPS": -0.68,
        "Diluted NI Availto Com Stockholders": NaN,
        "Net Income Common Stockholders": NaN,
        "Net Income": NaN,
        "Net Income Including Noncontrolling Interests": NaN,
        "Net Income Continuous Operations": NaN,
        "Tax Provision": NaN,
        "Pretax Income": NaN,
        "Net Non Operating Interest Income Expense": NaN,
        "Total Other Finance Cost": NaN,
        "Interest Expense Non Operating": NaN,
        "Operating Income": NaN,
        "Operating Expense": NaN,
        "Research And Development": NaN,
        "Selling General And Administration": NaN,
        "Selling And Marketing Expense": NaN,
        "General And Administrative Expense": NaN,
        "Other Gand A": NaN,
        "Gross Profit": NaN,
        "Cost Of Revenue": NaN,
        "Total Revenue": NaN,
        "Operating Revenue": NaN
    },
    "2022-06-30": {
        "Tax Effect Of Unusual Items": 0.0,
        "Tax Rate For Calcs": 0.4,
        "Normalized EBITDA": -1268000.0,
        "Net Income From Continuing Operation Net Minority Interest": -1302000.0,
        "Reconciled Depreciation": 0.0,
        "Reconciled Cost Of Revenue": 204000.0,
        "EBITDA": -1268000.0,
        "EBIT": -1268000.0,
        "Net Interest Income": NaN,
        "Interest Expense": NaN,
        "Normalized Income": -1302000.0,
        "Net Income From Continuing And Discontinued Operation": -1302000.0,
        "Total Expenses": 1753000.0,
        "Total Operating Income As Reported": -1268000.0,
        "Diluted Average Shares": 1399890.0,
        "Basic Average Shares": 1399890.0,
        "Diluted EPS": -0.93,
        "Basic EPS": -0.93,
        "Diluted NI Availto Com Stockholders": -1302000.0,
        "Net Income Common Stockholders": -1302000.0,
        "Net Income": -1302000.0,
        "Net Income Including Noncontrolling Interests": -1302000.0,
        "Net Income Continuous Operations": -1302000.0,
        "Tax Provision": 16000.0,
        "Pretax Income": -1286000.0,
        "Other Income Expense": -18000.0,
        "Other Non Operating Income Expenses": -18000.0,
        "Net Non Operating Interest Income Expense": NaN,
        "Total Other Finance Cost": NaN,
        "Interest Expense Non Operating": NaN,
        "Operating Income": -1268000.0,
        "Operating Expense": 1549000.0,
        "Research And Development": 61000.0,
        "Selling General And Administration": 1488000.0,
        "Selling And Marketing Expense": 333000.0,
        "General And Administrative Expense": 1155000.0,
        "Other Gand A": 1155000.0,
        "Gross Profit": 281000.0,
        "Cost Of Revenue": 204000.0,
        "Total Revenue": 485000.0,
        "Operating Revenue": 485000.0
    },
    "2022-03-31": {
        "Diluted EPS": -0.81,
        "Total Revenue": 0,
        "Gross Profit": 0,
        "Operating Income": -1,
        "EBIT": -1,
        "Net Income": -1
    },
    "2021-12-31": {
        "Diluted EPS": -1.95,
        "Total Revenue": 1,
        "Gross Profit": 0,
        "Operating Income": -3,
        "EBIT": -3,
        "Net Income": -2
    },
    "2021-09-30": {
        "Diluted EPS": -5.2,
        "Total Revenue": 0,
        "Gross Profit": 0,
        "Operating Income": -1,
        "EBIT": -1,
        "Net Income": -7
    },
    "2021-06-30": {
        "Diluted EPS": -0.2,
        "Total Revenue": 0,
        "Gross Profit": 0,
        "Operating Income": -1,
        "EBIT": -1,
        "Net Income": 0
    },
    "2021-03-31": {
        "Diluted EPS": -4.0,
        "Total Revenue": 0,
        "Gross Profit": 0,
        "Operating Income": -1,
        "EBIT": -1,
        "Net Income": -5
    },
    "2020-12-31": {
        "Diluted EPS": 0.2,
        "Total Revenue": 0,
        "Gross Profit": 0,
        "Operating Income": -2,
        "EBIT": -2,
        "Net Income": -1
    },
    "2020-09-30": {
        "Diluted EPS": -2.0,
        "Total Revenue": 0,
        "Gross Profit": 0,
        "Operating Income": -1,
        "EBIT": -1,
        "Net Income": -1
    },
    "2020-06-30": {
        "Diluted EPS": -4.0,
        "Total Revenue": 0,
        "Gross Profit": 0,
        "Operating Income": -1,
        "EBIT": -1,
        "Net Income": -1
    },
    "2020-03-31": {
        "Diluted EPS": -2.6,
        "Total Revenue": 0,
        "Gross Profit": 0,
        "Operating Income": -1,
        "EBIT": -1,
        "Net Income": -1
    },
    "2019-12-31": {
        "Diluted EPS": -3.0,
        "Total Revenue": 0,
        "Gross Profit": 0,
        "Operating Income": -1,
        "EBIT": -1,
        "Net Income": -1
    },
    "2019-09-30": {
        "Diluted EPS": -2.4,
        "Total Revenue": 0,
        "Gross Profit": 0,
        "Operating Income": -1,
        "EBIT": -1,
        "Net Income": -1
    },
    "2019-06-30": {
        "Diluted EPS": -3.2,
        "Total Revenue": 0,
        "Gross Profit": 0,
        "Operating Income": -1,
        "EBIT": -1,
        "Net Income": -1
    },
    "2019-03-31": {
        "Diluted EPS": -8.0,
        "Total Revenue": 0,
        "Gross Profit": 0,
        "Operating Income": -2,
        "EBIT": -2,
        "Net Income": -3
    },
    "2018-12-31": {
        "Diluted EPS": -3.6,
        "Total Revenue": 0,
        "Gross Profit": 0,
        "Operating Income": -1,
        "EBIT": -1,
        "Net Income": -1
    },
    "2018-09-30": {
        "Diluted EPS": -4.2,
        "Total Revenue": 0,
        "Gross Profit": 0,
        "Operating Income": -1,
        "EBIT": -1,
        "Net Income": -1
    },
    "2018-06-30": {
        "Diluted EPS": -2.6,
        "Total Revenue": 0,
        "Gross Profit": 0,
        "Operating Income": -1,
        "EBIT": -1,
        "Net Income": -1
    },
    "2018-03-31": {
        "Diluted EPS": -2.4,
        "Total Revenue": 0,
        "Gross Profit": 0,
        "Operating Income": -1,
        "EBIT": -1,
        "Net Income": -1
    },
    "2017-12-31": {
        "Diluted EPS": -5.4,
        "Total Revenue": 0,
        "Gross Profit": 0,
        "Operating Income": -1,
        "EBIT": 0,
        "Net Income": -2
    },
    "2017-09-30": {
        "Diluted EPS": -7.0,
        "Total Revenue": 0,
        "Gross Profit": 0,
        "Operating Income": -1,
        "EBIT": -1,
        "Net Income": -2
    },
    "2017-06-30": {
        "Diluted EPS": -3.6,
        "Total Revenue": 0,
        "Gross Profit": 0,
        "Operating Income": -1,
        "EBIT": -1,
        "Net Income": -1
    },
    "2017-03-31": {
        "Diluted EPS": -7.4,
        "Total Revenue": 0,
        "Gross Profit": 0,
        "Operating Income": -1,
        "EBIT": -1,
        "Net Income": -2
    },
    "2016-12-31": {
        "Diluted EPS": -5.0,
        "Total Revenue": 0,
        "Gross Profit": 0,
        "Operating Income": -1,
        "EBIT": -1,
        "Net Income": -1
    },
    "2016-09-30": {
        "Diluted EPS": -2.6,
        "Total Revenue": 0,
        "Gross Profit": 0,
        "Operating Income": -1,
        "EBIT": -1,
        "Net Income": -1
    },
    "2016-06-30": {
        "Diluted EPS": -2.6,
        "Total Revenue": 0,
        "Gross Profit": 0,
        "Operating Income": 0,
        "EBIT": 0,
        "Net Income": -1
    },
    "2016-03-31": {
        "Diluted EPS": -2.2,
        "Total Revenue": 0,
        "Gross Profit": 0,
        "Operating Income": 0,
        "EBIT": 0,
        "Net Income": 0
    },
    "2015-12-31": {
        "Diluted EPS": 35.0,
        "Total Revenue": 0,
        "Gross Profit": 0,
        "Operating Income": 0,
        "EBIT": 0,
        "Net Income": -1
    },
    "2015-09-30": {
        "Diluted EPS": -4.6,
        "Total Revenue": 0,
        "Gross Profit": 0,
        "Operating Income": 0,
        "EBIT": 0,
        "Net Income": -1
    },
    "2015-06-30": {
        "Diluted EPS": -2.0,
        "Total Revenue": 0,
        "Gross Profit": 0,
        "Operating Income": 0,
        "EBIT": 0,
        "Net Income": 0
    },
    "2015-03-31": {
        "Diluted EPS": -44.8,
        "Total Revenue": 0,
        "Gross Profit": 0,
        "Operating Income": 0,
        "EBIT": 0,
        "Net Income": -1
    },
    "2014-12-31": {
        "Diluted EPS": -103.4,
        "Total Revenue": 0,
        "Gross Profit": 0,
        "Operating Income": 0,
        "EBIT": 0,
        "Net Income": -1
    },
    "2014-09-30": {
        "Diluted EPS": -98.8,
        "Total Revenue": 0,
        "Gross Profit": 0,
        "Operating Income": -1,
        "EBIT": -1,
        "Net Income": -1
    },
    "2014-06-30": {
        "Diluted EPS": -74.6,
        "Total Revenue": 0,
        "Gross Profit": 0,
        "Operating Income": 0,
        "EBIT": 0,
        "Net Income": -1
    },
    "2014-03-31": {
        "Diluted EPS": -64.8,
        "Total Revenue": 0,
        "Gross Profit": 0,
        "Operating Income": 0,
        "EBIT": 0,
        "Net Income": -1
    },
    "2013-12-31": {
        "Diluted EPS": 0.0,
        "Total Revenue": NaN,
        "Gross Profit": NaN,
        "Operating Income": NaN,
        "EBIT": NaN,
        "Net Income": NaN
    },
    "2023-06-30": {
        "Tax Effect Of Unusual Items": NaN,
        "Tax Rate For Calcs": NaN,
        "Normalized EBITDA": NaN,
        "Net Income From Continuing Operation Net Minority Interest": NaN,
        "Reconciled Depreciation": NaN,
        "Reconciled Cost Of Revenue": NaN,
        "EBITDA": NaN,
        "EBIT": NaN,
        "Net Interest Income": NaN,
        "Interest Expense": NaN,
        "Normalized Income": NaN,
        "Net Income From Continuing And Discontinued Operation": NaN,
        "Total Expenses": NaN,
        "Total Operating Income As Reported": NaN,
        "Diluted Average Shares": 1662330.0,
        "Basic Average Shares": 1662330.0,
        "Diluted EPS": -0.65,
        "Basic EPS": -0.65,
        "Diluted NI Availto Com Stockholders": NaN,
        "Net Income Common Stockholders": NaN,
        "Net Income": NaN,
        "Net Income Including Noncontrolling Interests": NaN,
        "Net Income Continuous Operations": NaN,
        "Tax Provision": NaN,
        "Pretax Income": NaN,
        "Net Non Operating Interest Income Expense": NaN,
        "Total Other Finance Cost": NaN,
        "Interest Expense Non Operating": NaN,
        "Operating Income": NaN,
        "Operating Expense": NaN,
        "Research And Development": NaN,
        "Selling General And Administration": NaN,
        "Selling And Marketing Expense": NaN,
        "General And Administrative Expense": NaN,
        "Other Gand A": NaN,
        "Gross Profit": NaN,
        "Cost Of Revenue": NaN,
        "Total Revenue": NaN,
        "Operating Revenue": NaN
    },
    "2023-09-30": {
        "Tax Effect Of Unusual Items": NaN,
        "Tax Rate For Calcs": NaN,
        "Normalized EBITDA": NaN,
        "Net Income From Continuing Operation Net Minority Interest": NaN,
        "Reconciled Depreciation": NaN,
        "Reconciled Cost Of Revenue": NaN,
        "EBITDA": NaN,
        "EBIT": NaN,
        "Net Interest Income": NaN,
        "Interest Expense": NaN,
        "Normalized Income": NaN,
        "Net Income From Continuing And Discontinued Operation": NaN,
        "Total Expenses": NaN,
        "Total Operating Income As Reported": NaN,
        "Diluted Average Shares": 156456.0,
        "Basic Average Shares": 156456.0,
        "Diluted EPS": -4.62,
        "Basic EPS": -4.62,
        "Diluted NI Availto Com Stockholders": NaN,
        "Net Income Common Stockholders": NaN,
        "Net Income": NaN,
        "Net Income Including Noncontrolling Interests": NaN,
        "Net Income Continuous Operations": NaN,
        "Tax Provision": NaN,
        "Pretax Income": NaN,
        "Net Non Operating Interest Income Expense": NaN,
        "Total Other Finance Cost": NaN,
        "Interest Expense Non Operating": NaN,
        "Operating Income": NaN,
        "Operating Expense": NaN,
        "Research And Development": NaN,
        "Selling General And Administration": NaN,
        "Selling And Marketing Expense": NaN,
        "General And Administrative Expense": NaN,
        "Other Gand A": NaN,
        "Gross Profit": NaN,
        "Cost Of Revenue": NaN,
        "Total Revenue": NaN,
        "Operating Revenue": NaN
    },
    "2023-12-31": {
        "Tax Effect Of Unusual Items": 0.0,
        "Tax Rate For Calcs": 0.21,
        "Normalized EBITDA": -769000.0,
        "Net Income From Continuing Operation Net Minority Interest": -813000.0,
        "Reconciled Depreciation": 0.0,
        "Reconciled Cost Of Revenue": 440000.0,
        "EBITDA": -769000.0,
        "EBIT": -769000.0,
        "Net Interest Income": -100000.0,
        "Interest Expense": 33000.0,
        "Normalized Income": -813000.0,
        "Net Income From Continuing And Discontinued Operation": -813000.0,
        "Total Expenses": 1879000.0,
        "Total Operating Income As Reported": -702000.0,
        "Diluted Average Shares": NaN,
        "Basic Average Shares": NaN,
        "Diluted EPS": NaN,
        "Basic EPS": NaN,
        "Diluted NI Availto Com Stockholders": -813000.0,
        "Net Income Common Stockholders": -813000.0,
        "Net Income": -813000.0,
        "Net Income Including Noncontrolling Interests": -813000.0,
        "Net Income Continuous Operations": -813000.0,
        "Tax Provision": 11000.0,
        "Pretax Income": -802000.0,
        "Net Non Operating Interest Income Expense": -100000.0,
        "Total Other Finance Cost": 67000.0,
        "Interest Expense Non Operating": 33000.0,
        "Operating Income": -702000.0,
        "Operating Expense": 1439000.0,
        "Research And Development": 62000.0,
        "Selling General And Administration": 1377000.0,
        "Selling And Marketing Expense": 233000.0,
        "General And Administrative Expense": 1144000.0,
        "Other Gand A": 1144000.0,
        "Gross Profit": 737000.0,
        "Cost Of Revenue": 440000.0,
        "Total Revenue": 1177000.0,
        "Operating Revenue": 1177000.0
    },
    "2024-03-31": {
        "Tax Effect Of Unusual Items": 0.0,
        "Tax Rate For Calcs": 0.21,
        "Normalized EBITDA": -547000.0,
        "Net Income From Continuing Operation Net Minority Interest": -588000.0,
        "Reconciled Depreciation": 0.0,
        "Reconciled Cost Of Revenue": 257000.0,
        "EBITDA": -547000.0,
        "EBIT": -547000.0,
        "Net Interest Income": -13000.0,
        "Interest Expense": 34000.0,
        "Normalized Income": -588000.0,
        "Net Income From Continuing And Discontinued Operation": -588000.0,
        "Total Expenses": 1489000.0,
        "Total Operating Income As Reported": -568000.0,
        "Diluted Average Shares": 228209.0,
        "Basic Average Shares": 228209.0,
        "Diluted EPS": -2.53,
        "Basic EPS": -2.53,
        "Diluted NI Availto Com Stockholders": -588000.0,
        "Net Income Common Stockholders": -588000.0,
        "Net Income": -588000.0,
        "Net Income Including Noncontrolling Interests": -588000.0,
        "Net Income Continuous Operations": -588000.0,
        "Tax Provision": 7000.0,
        "Pretax Income": -581000.0,
        "Net Non Operating Interest Income Expense": -13000.0,
        "Total Other Finance Cost": -21000.0,
        "Interest Expense Non Operating": 34000.0,
        "Operating Income": -568000.0,
        "Operating Expense": 1232000.0,
        "Research And Development": 121000.0,
        "Selling General And Administration": 1111000.0,
        "Selling And Marketing Expense": 165000.0,
        "General And Administrative Expense": 946000.0,
        "Other Gand A": 946000.0,
        "Gross Profit": 664000.0,
        "Cost Of Revenue": 257000.0,
        "Total Revenue": 921000.0,
        "Operating Revenue": 921000.0
    },
    "2024-06-30": {
        "Tax Effect Of Unusual Items": 0.0,
        "Tax Rate For Calcs": 0.21,
        "Normalized EBITDA": -649000.0,
        "Net Income From Continuing Operation Net Minority Interest": -688000.0,
        "Reconciled Depreciation": 1000.0,
        "Reconciled Cost Of Revenue": 389000.0,
        "EBITDA": -649000.0,
        "EBIT": -650000.0,
        "Net Interest Income": -10000.0,
        "Interest Expense": 34000.0,
        "Normalized Income": -688000.0,
        "Net Income From Continuing And Discontinued Operation": -688000.0,
        "Total Expenses": 1491000.0,
        "Total Operating Income As Reported": -674000.0,
        "Diluted Average Shares": 253122.0,
        "Basic Average Shares": 253122.0,
        "Diluted EPS": -2.75,
        "Basic EPS": -2.75,
        "Diluted NI Availto Com Stockholders": -688000.0,
        "Net Income Common Stockholders": -688000.0,
        "Net Income": -688000.0,
        "Net Income Including Noncontrolling Interests": -688000.0,
        "Net Income Continuous Operations": -688000.0,
        "Tax Provision": 4000.0,
        "Pretax Income": -684000.0,
        "Net Non Operating Interest Income Expense": -10000.0,
        "Total Other Finance Cost": -24000.0,
        "Interest Expense Non Operating": 34000.0,
        "Operating Income": -674000.0,
        "Operating Expense": 1102000.0,
        "Research And Development": 187000.0,
        "Selling General And Administration": 915000.0,
        "Selling And Marketing Expense": 199000.0,
        "General And Administrative Expense": 716000.0,
        "Other Gand A": 716000.0,
        "Gross Profit": 428000.0,
        "Cost Of Revenue": 389000.0,
        "Total Revenue": 817000.0,
        "Operating Revenue": 817000.0
    },
    "2024-09-30": {
        "Tax Effect Of Unusual Items": 0.0,
        "Tax Rate For Calcs": 0.21,
        "Normalized EBITDA": -962000.0,
        "Net Income From Continuing Operation Net Minority Interest": -998000.0,
        "Reconciled Depreciation": 0.0,
        "Reconciled Cost Of Revenue": 243000.0,
        "EBITDA": -962000.0,
        "EBIT": -962000.0,
        "Net Interest Income": -25000.0,
        "Interest Expense": 33000.0,
        "Normalized Income": -998000.0,
        "Net Income From Continuing And Discontinued Operation": -998000.0,
        "Total Expenses": 1346000.0,
        "Total Operating Income As Reported": -970000.0,
        "Diluted Average Shares": 254834.0,
        "Basic Average Shares": 254834.0,
        "Diluted EPS": -3.96,
        "Basic EPS": -3.96,
        "Diluted NI Availto Com Stockholders": -998000.0,
        "Net Income Common Stockholders": -998000.0,
        "Net Income": -998000.0,
        "Net Income Including Noncontrolling Interests": -998000.0,
        "Net Income Continuous Operations": -998000.0,
        "Tax Provision": 3000.0,
        "Pretax Income": -995000.0,
        "Net Non Operating Interest Income Expense": -25000.0,
        "Total Other Finance Cost": -8000.0,
        "Interest Expense Non Operating": 33000.0,
        "Operating Income": -970000.0,
        "Operating Expense": 1103000.0,
        "Research And Development": 249000.0,
        "Selling General And Administration": 854000.0,
        "Selling And Marketing Expense": 181000.0,
        "General And Administrative Expense": 673000.0,
        "Other Gand A": 673000.0,
        "Gross Profit": 133000.0,
        "Cost Of Revenue": 243000.0,
        "Total Revenue": 376000.0,
        "Operating Revenue": 376000.0
    },
    "2024-12-31": {
        "Tax Effect Of Unusual Items": 0.0,
        "Tax Rate For Calcs": 0.21,
        "Normalized EBITDA": -1392000.0,
        "Net Income From Continuing Operation Net Minority Interest": -1431000.0,
        "Reconciled Depreciation": 0.0,
        "Reconciled Cost Of Revenue": 161000.0,
        "EBITDA": -1392000.0,
        "EBIT": -1392000.0,
        "Net Interest Income": -56000.0,
        "Interest Expense": 34000.0,
        "Normalized Income": -1431000.0,
        "Net Income From Continuing And Discontinued Operation": -1431000.0,
        "Total Expenses": 1814000.0,
        "Total Operating Income As Reported": -1370000.0,
        "Diluted Average Shares": NaN,
        "Basic Average Shares": NaN,
        "Diluted EPS": NaN,
        "Basic EPS": NaN,
        "Diluted NI Availto Com Stockholders": -1431000.0,
        "Net Income Common Stockholders": -1431000.0,
        "Net Income": -1431000.0,
        "Net Income Including Noncontrolling Interests": -1431000.0,
        "Net Income Continuous Operations": -1431000.0,
        "Tax Provision": 5000.0,
        "Pretax Income": -1426000.0,
        "Net Non Operating Interest Income Expense": -56000.0,
        "Total Other Finance Cost": 22000.0,
        "Interest Expense Non Operating": 34000.0,
        "Operating Income": -1370000.0,
        "Operating Expense": 1653000.0,
        "Research And Development": 352000.0,
        "Selling General And Administration": 1301000.0,
        "Selling And Marketing Expense": 175000.0,
        "General And Administrative Expense": 1126000.0,
        "Other Gand A": 1126000.0,
        "Gross Profit": 283000.0,
        "Cost Of Revenue": 161000.0,
        "Total Revenue": 444000.0,
        "Operating Revenue": 444000.0
    },
    "2025-03-31": {
        "Tax Effect Of Unusual Items": -130830.0,
        "Tax Rate For Calcs": 0.21,
        "Normalized EBITDA": -1786000.0,
        "Total Unusual Items": -623000.0,
        "Total Unusual Items Excluding Goodwill": -623000.0,
        "Net Income From Continuing Operation Net Minority Interest": -2495000.0,
        "Reconciled Depreciation": 18000.0,
        "Reconciled Cost Of Revenue": 656000.0,
        "EBITDA": -2409000.0,
        "EBIT": -2427000.0,
        "Net Interest Income": -63000.0,
        "Interest Expense": 53000.0,
        "Normalized Income": -2002830.0,
        "Net Income From Continuing And Discontinued Operation": -2495000.0,
        "Total Expenses": 2877000.0,
        "Total Operating Income As Reported": -1852000.0,
        "Diluted Average Shares": 626150.0,
        "Basic Average Shares": 626150.0,
        "Diluted EPS": -3.98,
        "Basic EPS": -3.98,
        "Diluted NI Availto Com Stockholders": -2495000.0,
        "Net Income Common Stockholders": -2495000.0,
        "Net Income": -2495000.0,
        "Net Income Including Noncontrolling Interests": -2495000.0,
        "Net Income Continuous Operations": -2495000.0,
        "Tax Provision": 15000.0,
        "Pretax Income": -2480000.0,
        "Other Income Expense": -565000.0,
        "Other Non Operating Income Expenses": 58000.0,
        "Gain On Sale Of Security": -623000.0,
        "Net Non Operating Interest Income Expense": -63000.0,
        "Total Other Finance Cost": 10000.0,
        "Interest Expense Non Operating": 53000.0,
        "Operating Income": -1852000.0,
        "Operating Expense": 2221000.0,
        "Research And Development": 530000.0,
        "Selling General And Administration": 1691000.0,
        "Selling And Marketing Expense": 349000.0,
        "General And Administrative Expense": 1342000.0,
        "Other Gand A": 1342000.0,
        "Gross Profit": 369000.0,
        "Cost Of Revenue": 656000.0,
        "Total Revenue": 1025000.0,
        "Operating Revenue": 1025000.0
    }
}