{
    "2023-06-30": {
        "Tax Effect Of Unusual Items": NaN,
        "Tax Rate For Calcs": NaN,
        "Normalized EBITDA": NaN,
        "Total Unusual Items": -1000000.0,
        "Total Unusual Items Excluding Goodwill": -1000000.0,
        "Net Income From Continuing Operation Net Minority Interest": NaN,
        "Reconciled Depreciation": NaN,
        "Reconciled Cost Of Revenue": NaN,
        "EBITDA": NaN,
        "EBIT": NaN,
        "Net Interest Income": NaN,
        "Interest Expense": NaN,
        "Interest Income": 0.0,
        "Normalized Income": NaN,
        "Net Income From Continuing And Discontinued Operation": NaN,
        "Total Expenses": NaN,
        "Total Operating Income As Reported": NaN,
        "Diluted Average Shares": NaN,
        "Basic Average Shares": NaN,
        "Diluted EPS": NaN,
        "Basic EPS": NaN,
        "Diluted NI Availto Com Stockholders": NaN,
        "Net Income Common Stockholders": NaN,
        "Net Income": NaN,
        "Minority Interests": NaN,
        "Net Income Including Noncontrolling Interests": NaN,
        "Net Income Continuous Operations": NaN,
        "Tax Provision": NaN,
        "Pretax Income": NaN,
        "Other Income Expense": NaN,
        "Other Non Operating Income Expenses": NaN,
        "Gain On Sale Of Security": -1000000.0,
        "Net Non Operating Interest Income Expense": NaN,
        "Total Other Finance Cost": NaN,
        "Interest Expense Non Operating": NaN,
        "Interest Income Non Operating": 0.0,
        "Operating Income": NaN,
        "Operating Expense": NaN,
        "Research And Development": NaN,
        "Selling General And Administration": NaN,
        "General And Administrative Expense": NaN,
        "Other Gand A": NaN,
        "Salaries And Wages": -2000000.0,
        "Gross Profit": NaN,
        "Cost Of Revenue": NaN,
        "Total Revenue": NaN,
        "Operating Revenue": NaN
    },
    "2023-03-31": {
        "Tax Effect Of Unusual Items": NaN,
        "Tax Rate For Calcs": NaN,
        "Normalized EBITDA": NaN,
        "Total Unusual Items": NaN,
        "Total Unusual Items Excluding Goodwill": NaN,
        "Net Income From Continuing Operation Net Minority Interest": NaN,
        "Reconciled Depreciation": NaN,
        "Reconciled Cost Of Revenue": NaN,
        "EBITDA": NaN,
        "EBIT": NaN,
        "Net Interest Income": NaN,
        "Interest Expense": NaN,
        "Interest Income": NaN,
        "Normalized Income": NaN,
        "Net Income From Continuing And Discontinued Operation": NaN,
        "Total Expenses": NaN,
        "Total Operating Income As Reported": NaN,
        "Diluted Average Shares": NaN,
        "Basic Average Shares": NaN,
        "Diluted EPS": NaN,
        "Basic EPS": NaN,
        "Diluted NI Availto Com Stockholders": NaN,
        "Net Income Common Stockholders": NaN,
        "Net Income": NaN,
        "Minority Interests": NaN,
        "Net Income Including Noncontrolling Interests": NaN,
        "Net Income Continuous Operations": NaN,
        "Tax Provision": NaN,
        "Pretax Income": NaN,
        "Other Income Expense": NaN,
        "Other Non Operating Income Expenses": -2000000.0,
        "Gain On Sale Of Security": NaN,
        "Net Non Operating Interest Income Expense": NaN,
        "Total Other Finance Cost": NaN,
        "Interest Expense Non Operating": NaN,
        "Interest Income Non Operating": NaN,
        "Operating Income": NaN,
        "Operating Expense": NaN,
        "Research And Development": NaN,
        "Selling General And Administration": NaN,
        "General And Administrative Expense": NaN,
        "Other Gand A": NaN,
        "Salaries And Wages": NaN,
        "Gross Profit": NaN,
        "Cost Of Revenue": NaN,
        "Total Revenue": NaN,
        "Operating Revenue": NaN
    },
    "2023-09-30": {
        "Tax Effect Of Unusual Items": NaN,
        "Tax Rate For Calcs": NaN,
        "Normalized EBITDA": NaN,
        "Total Unusual Items": -2000000.0,
        "Total Unusual Items Excluding Goodwill": -2000000.0,
        "Net Income From Continuing Operation Net Minority Interest": NaN,
        "Reconciled Depreciation": NaN,
        "Reconciled Cost Of Revenue": NaN,
        "EBITDA": NaN,
        "EBIT": NaN,
        "Net Interest Income": NaN,
        "Interest Expense": NaN,
        "Interest Income": 0.0,
        "Normalized Income": NaN,
        "Net Income From Continuing And Discontinued Operation": NaN,
        "Total Expenses": NaN,
        "Total Operating Income As Reported": NaN,
        "Diluted Average Shares": NaN,
        "Basic Average Shares": NaN,
        "Diluted EPS": NaN,
        "Basic EPS": NaN,
        "Diluted NI Availto Com Stockholders": NaN,
        "Net Income Common Stockholders": NaN,
        "Net Income": NaN,
        "Minority Interests": NaN,
        "Net Income Including Noncontrolling Interests": NaN,
        "Net Income Continuous Operations": NaN,
        "Tax Provision": NaN,
        "Pretax Income": NaN,
        "Other Income Expense": NaN,
        "Other Non Operating Income Expenses": NaN,
        "Gain On Sale Of Security": -2000000.0,
        "Net Non Operating Interest Income Expense": NaN,
        "Total Other Finance Cost": NaN,
        "Interest Expense Non Operating": NaN,
        "Interest Income Non Operating": 0.0,
        "Operating Income": NaN,
        "Operating Expense": NaN,
        "Research And Development": NaN,
        "Selling General And Administration": NaN,
        "General And Administrative Expense": NaN,
        "Other Gand A": NaN,
        "Salaries And Wages": -7000000.0,
        "Gross Profit": NaN,
        "Cost Of Revenue": NaN,
        "Total Revenue": NaN,
        "Operating Revenue": NaN
    },
    "2022-12-31": {
        "Tax Effect Of Unusual Items": NaN,
        "Tax Rate For Calcs": NaN,
        "Normalized EBITDA": NaN,
        "Total Unusual Items": NaN,
        "Total Unusual Items Excluding Goodwill": NaN,
        "Net Income From Continuing Operation Net Minority Interest": NaN,
        "Reconciled Depreciation": NaN,
        "Reconciled Cost Of Revenue": NaN,
        "EBITDA": NaN,
        "EBIT": NaN,
        "Net Interest Income": NaN,
        "Interest Expense": NaN,
        "Interest Income": NaN,
        "Normalized Income": NaN,
        "Net Income From Continuing And Discontinued Operation": NaN,
        "Total Expenses": NaN,
        "Total Operating Income As Reported": NaN,
        "Diluted Average Shares": NaN,
        "Basic Average Shares": NaN,
        "Diluted EPS": NaN,
        "Basic EPS": NaN,
        "Diluted NI Availto Com Stockholders": NaN,
        "Net Income Common Stockholders": NaN,
        "Net Income": NaN,
        "Minority Interests": NaN,
        "Net Income Including Noncontrolling Interests": NaN,
        "Net Income Continuous Operations": NaN,
        "Tax Provision": NaN,
        "Pretax Income": NaN,
        "Other Income Expense": NaN,
        "Other Non Operating Income Expenses": -17000000.0,
        "Gain On Sale Of Security": NaN,
        "Net Non Operating Interest Income Expense": NaN,
        "Total Other Finance Cost": NaN,
        "Interest Expense Non Operating": NaN,
        "Interest Income Non Operating": NaN,
        "Operating Income": NaN,
        "Operating Expense": NaN,
        "Research And Development": NaN,
        "Selling General And Administration": NaN,
        "General And Administrative Expense": NaN,
        "Other Gand A": NaN,
        "Salaries And Wages": NaN,
        "Gross Profit": NaN,
        "Cost Of Revenue": NaN,
        "Total Revenue": NaN,
        "Operating Revenue": NaN
    },
    "2022-09-30": {
        "Tax Effect Of Unusual Items": NaN,
        "Tax Rate For Calcs": NaN,
        "Normalized EBITDA": NaN,
        "Total Unusual Items": -1000000.0,
        "Total Unusual Items Excluding Goodwill": -1000000.0,
        "Net Income From Continuing Operation Net Minority Interest": NaN,
        "Reconciled Depreciation": NaN,
        "Reconciled Cost Of Revenue": NaN,
        "EBITDA": NaN,
        "EBIT": NaN,
        "Net Interest Income": NaN,
        "Interest Expense": NaN,
        "Interest Income": NaN,
        "Normalized Income": NaN,
        "Net Income From Continuing And Discontinued Operation": NaN,
        "Total Expenses": NaN,
        "Total Operating Income As Reported": NaN,
        "Diluted Average Shares": NaN,
        "Basic Average Shares": NaN,
        "Diluted EPS": NaN,
        "Basic EPS": NaN,
        "Diluted NI Availto Com Stockholders": NaN,
        "Net Income Common Stockholders": NaN,
        "Net Income": NaN,
        "Minority Interests": NaN,
        "Net Income Including Noncontrolling Interests": NaN,
        "Net Income Continuous Operations": NaN,
        "Tax Provision": NaN,
        "Pretax Income": NaN,
        "Other Income Expense": NaN,
        "Other Non Operating Income Expenses": NaN,
        "Gain On Sale Of Security": -1000000.0,
        "Net Non Operating Interest Income Expense": NaN,
        "Total Other Finance Cost": NaN,
        "Interest Expense Non Operating": NaN,
        "Interest Income Non Operating": NaN,
        "Operating Income": NaN,
        "Operating Expense": NaN,
        "Research And Development": NaN,
        "Selling General And Administration": NaN,
        "General And Administrative Expense": NaN,
        "Other Gand A": NaN,
        "Salaries And Wages": -4000000.0,
        "Gross Profit": NaN,
        "Cost Of Revenue": NaN,
        "Total Revenue": NaN,
        "Operating Revenue": NaN
    },
    "2023-12-31": {
        "Tax Effect Of Unusual Items": 0.0,
        "Tax Rate For Calcs": 0.21,
        "Normalized EBITDA": 26000000.0,
        "Total Unusual Items": NaN,
        "Total Unusual Items Excluding Goodwill": NaN,
        "Net Income From Continuing Operation Net Minority Interest": -165000000.0,
        "Reconciled Depreciation": 71000000.0,
        "Reconciled Cost Of Revenue": 900000000.0,
        "EBITDA": 26000000.0,
        "EBIT": -45000000.0,
        "Net Interest Income": -75000000.0,
        "Interest Expense": 75000000.0,
        "Interest Income": NaN,
        "Normalized Income": -165000000.0,
        "Net Income From Continuing And Discontinued Operation": -165000000.0,
        "Total Expenses": 1075000000.0,
        "Total Operating Income As Reported": 35000000.0,
        "Diluted Average Shares": 70600000.0,
        "Basic Average Shares": 70600000.0,
        "Diluted EPS": -2.28,
        "Basic EPS": -2.28,
        "Diluted NI Availto Com Stockholders": -165000000.0,
        "Net Income Common Stockholders": -165000000.0,
        "Net Income": -165000000.0,
        "Minority Interests": -1000000.0,
        "Net Income Including Noncontrolling Interests": -164000000.0,
        "Net Income Continuous Operations": -164000000.0,
        "Tax Provision": 44000000.0,
        "Pretax Income": -120000000.0,
        "Other Income Expense": -68000000.0,
        "Other Non Operating Income Expenses": NaN,
        "Gain On Sale Of Security": NaN,
        "Net Non Operating Interest Income Expense": -75000000.0,
        "Total Other Finance Cost": NaN,
        "Interest Expense Non Operating": 75000000.0,
        "Interest Income Non Operating": NaN,
        "Operating Income": 23000000.0,
        "Operating Expense": 175000000.0,
        "Research And Development": 23000000.0,
        "Selling General And Administration": 152000000.0,
        "General And Administrative Expense": 152000000.0,
        "Other Gand A": 140000000.0,
        "Salaries And Wages": NaN,
        "Gross Profit": 198000000.0,
        "Cost Of Revenue": 900000000.0,
        "Total Revenue": 1098000000.0,
        "Operating Revenue": 1098000000.0
    },
    "2024-03-31": {
        "Tax Effect Of Unusual Items": NaN,
        "Tax Rate For Calcs": NaN,
        "Normalized EBITDA": NaN,
        "Total Unusual Items": NaN,
        "Total Unusual Items Excluding Goodwill": NaN,
        "Net Income From Continuing Operation Net Minority Interest": NaN,
        "Reconciled Depreciation": NaN,
        "Reconciled Cost Of Revenue": NaN,
        "EBITDA": NaN,
        "EBIT": NaN,
        "Net Interest Income": NaN,
        "Interest Expense": NaN,
        "Interest Income": NaN,
        "Normalized Income": NaN,
        "Net Income From Continuing And Discontinued Operation": NaN,
        "Total Expenses": NaN,
        "Total Operating Income As Reported": NaN,
        "Diluted Average Shares": NaN,
        "Basic Average Shares": NaN,
        "Diluted EPS": NaN,
        "Basic EPS": NaN,
        "Diluted NI Availto Com Stockholders": NaN,
        "Net Income Common Stockholders": NaN,
        "Net Income": NaN,
        "Minority Interests": NaN,
        "Net Income Including Noncontrolling Interests": NaN,
        "Net Income Continuous Operations": NaN,
        "Tax Provision": NaN,
        "Pretax Income": NaN,
        "Other Income Expense": NaN,
        "Other Non Operating Income Expenses": NaN,
        "Special Income Charges": 0.0,
        "Other Special Charges": NaN,
        "Gain On Sale Of Security": NaN,
        "Net Non Operating Interest Income Expense": NaN,
        "Total Other Finance Cost": NaN,
        "Interest Expense Non Operating": NaN,
        "Interest Income Non Operating": NaN,
        "Operating Income": NaN,
        "Operating Expense": NaN,
        "Research And Development": NaN,
        "Selling General And Administration": NaN,
        "General And Administrative Expense": NaN,
        "Other Gand A": NaN,
        "Salaries And Wages": NaN,
        "Gross Profit": NaN,
        "Cost Of Revenue": NaN,
        "Total Revenue": NaN,
        "Operating Revenue": NaN
    },
    "2024-06-30": {
        "Tax Effect Of Unusual Items": NaN,
        "Tax Rate For Calcs": NaN,
        "Normalized EBITDA": NaN,
        "Total Unusual Items": NaN,
        "Total Unusual Items Excluding Goodwill": NaN,
        "Net Income From Continuing Operation Net Minority Interest": NaN,
        "Reconciled Depreciation": NaN,
        "Reconciled Cost Of Revenue": NaN,
        "EBITDA": NaN,
        "EBIT": NaN,
        "Net Interest Income": NaN,
        "Interest Expense": NaN,
        "Interest Income": NaN,
        "Normalized Income": NaN,
        "Net Income From Continuing And Discontinued Operation": NaN,
        "Total Expenses": NaN,
        "Total Operating Income As Reported": NaN,
        "Diluted Average Shares": NaN,
        "Basic Average Shares": NaN,
        "Diluted EPS": NaN,
        "Basic EPS": NaN,
        "Diluted NI Availto Com Stockholders": NaN,
        "Net Income Common Stockholders": NaN,
        "Net Income": NaN,
        "Minority Interests": NaN,
        "Net Income Including Noncontrolling Interests": NaN,
        "Net Income Continuous Operations": NaN,
        "Tax Provision": NaN,
        "Pretax Income": NaN,
        "Other Income Expense": NaN,
        "Other Non Operating Income Expenses": NaN,
        "Special Income Charges": 0.0,
        "Other Special Charges": NaN,
        "Gain On Sale Of Security": NaN,
        "Net Non Operating Interest Income Expense": NaN,
        "Total Other Finance Cost": NaN,
        "Interest Expense Non Operating": NaN,
        "Interest Income Non Operating": NaN,
        "Operating Income": NaN,
        "Operating Expense": NaN,
        "Research And Development": NaN,
        "Selling General And Administration": NaN,
        "General And Administrative Expense": NaN,
        "Other Gand A": NaN,
        "Salaries And Wages": NaN,
        "Gross Profit": NaN,
        "Cost Of Revenue": NaN,
        "Total Revenue": NaN,
        "Operating Revenue": NaN
    },
    "2024-09-30": {
        "Tax Effect Of Unusual Items": -2333333.333333,
        "Tax Rate For Calcs": 0.333333,
        "Normalized EBITDA": 190000000.0,
        "Total Unusual Items": -7000000.0,
        "Total Unusual Items Excluding Goodwill": -7000000.0,
        "Net Income From Continuing Operation Net Minority Interest": 21000000.0,
        "Reconciled Depreciation": 74000000.0,
        "Reconciled Cost Of Revenue": 817000000.0,
        "EBITDA": 183000000.0,
        "EBIT": 109000000.0,
        "Net Interest Income": -82000000.0,
        "Interest Expense": 79000000.0,
        "Interest Income": 1000000.0,
        "Normalized Income": 25666666.666667,
        "Net Income From Continuing And Discontinued Operation": 21000000.0,
        "Total Expenses": 954000000.0,
        "Total Operating Income As Reported": 114000000.0,
        "Diluted Average Shares": 74500000.0,
        "Basic Average Shares": 72300000.0,
        "Diluted EPS": 0.28,
        "Basic EPS": 0.29,
        "Diluted NI Availto Com Stockholders": 21000000.0,
        "Net Income Common Stockholders": 21000000.0,
        "Net Income": 21000000.0,
        "Minority Interests": 1000000.0,
        "Net Income Including Noncontrolling Interests": 20000000.0,
        "Net Income Continuous Operations": 20000000.0,
        "Tax Provision": 10000000.0,
        "Pretax Income": 30000000.0,
        "Other Income Expense": -7000000.0,
        "Other Non Operating Income Expenses": -2000000.0,
        "Special Income Charges": NaN,
        "Other Special Charges": NaN,
        "Gain On Sale Of Security": -5000000.0,
        "Net Non Operating Interest Income Expense": -82000000.0,
        "Total Other Finance Cost": 4000000.0,
        "Interest Expense Non Operating": 79000000.0,
        "Interest Income Non Operating": 1000000.0,
        "Operating Income": 119000000.0,
        "Operating Expense": 137000000.0,
        "Research And Development": 15000000.0,
        "Selling General And Administration": 122000000.0,
        "General And Administrative Expense": 122000000.0,
        "Other Gand A": 127000000.0,
        "Salaries And Wages": -5000000.0,
        "Gross Profit": 256000000.0,
        "Cost Of Revenue": 817000000.0,
        "Total Revenue": 1073000000.0,
        "Operating Revenue": 1073000000.0
    },
    "2024-12-31": {
        "Tax Effect Of Unusual Items": -15878378.378378,
        "Tax Rate For Calcs": 0.337838,
        "Normalized EBITDA": 262000000.0,
        "Total Unusual Items": -47000000.0,
        "Total Unusual Items Excluding Goodwill": -47000000.0,
        "Net Income From Continuing Operation Net Minority Interest": 46000000.0,
        "Reconciled Depreciation": 69000000.0,
        "Reconciled Cost Of Revenue": 811000000.0,
        "EBITDA": 215000000.0,
        "EBIT": 146000000.0,
        "Net Interest Income": -73000000.0,
        "Interest Expense": 72000000.0,
        "Interest Income": 2000000.0,
        "Normalized Income": 77121621.621622,
        "Net Income From Continuing And Discontinued Operation": 46000000.0,
        "Total Expenses": 913000000.0,
        "Total Operating Income As Reported": 151000000.0,
        "Diluted Average Shares": 75000000.0,
        "Basic Average Shares": 72500000.0,
        "Diluted EPS": 0.61,
        "Basic EPS": 0.63,
        "Diluted NI Availto Com Stockholders": 46000000.0,
        "Net Income Common Stockholders": 46000000.0,
        "Net Income": 46000000.0,
        "Minority Interests": -3000000.0,
        "Net Income Including Noncontrolling Interests": 49000000.0,
        "Net Income Continuous Operations": 49000000.0,
        "Tax Provision": 25000000.0,
        "Pretax Income": 74000000.0,
        "Other Income Expense": -48000000.0,
        "Other Non Operating Income Expenses": -1000000.0,
        "Special Income Charges": NaN,
        "Other Special Charges": NaN,
        "Gain On Sale Of Security": -13000000.0,
        "Net Non Operating Interest Income Expense": -73000000.0,
        "Total Other Finance Cost": 3000000.0,
        "Interest Expense Non Operating": 72000000.0,
        "Interest Income Non Operating": 2000000.0,
        "Operating Income": 195000000.0,
        "Operating Expense": 102000000.0,
        "Research And Development": 19000000.0,
        "Selling General And Administration": 83000000.0,
        "General And Administrative Expense": 83000000.0,
        "Other Gand A": 127000000.0,
        "Salaries And Wages": -44000000.0,
        "Gross Profit": 297000000.0,
        "Cost Of Revenue": 811000000.0,
        "Total Revenue": 1108000000.0,
        "Operating Revenue": 1108000000.0
    },
    "2025-03-31": {
        "Tax Effect Of Unusual Items": -3076923.076923,
        "Tax Rate For Calcs": 0.384615,
        "Normalized EBITDA": 170000000.0,
        "Total Unusual Items": -8000000.0,
        "Total Unusual Items Excluding Goodwill": -8000000.0,
        "Net Income From Continuing Operation Net Minority Interest": 17000000.0,
        "Reconciled Depreciation": 69000000.0,
        "Reconciled Cost Of Revenue": 745000000.0,
        "EBITDA": 162000000.0,
        "EBIT": 93000000.0,
        "Net Interest Income": -69000000.0,
        "Interest Expense": 67000000.0,
        "Interest Income": 1000000.0,
        "Normalized Income": 21923076.923077,
        "Net Income From Continuing And Discontinued Operation": 17000000.0,
        "Total Expenses": 881000000.0,
        "Total Operating Income As Reported": 96000000.0,
        "Diluted Average Shares": 75200000.0,
        "Basic Average Shares": 73100000.0,
        "Diluted EPS": 0.23,
        "Basic EPS": 0.23,
        "Diluted NI Availto Com Stockholders": 17000000.0,
        "Net Income Common Stockholders": 17000000.0,
        "Net Income": 17000000.0,
        "Minority Interests": 1000000.0,
        "Net Income Including Noncontrolling Interests": 16000000.0,
        "Net Income Continuous Operations": 16000000.0,
        "Tax Provision": 10000000.0,
        "Pretax Income": 26000000.0,
        "Other Income Expense": -4000000.0,
        "Other Non Operating Income Expenses": 4000000.0,
        "Special Income Charges": -4000000.0,
        "Other Special Charges": 4000000.0,
        "Gain On Sale Of Security": -4000000.0,
        "Net Non Operating Interest Income Expense": -69000000.0,
        "Total Other Finance Cost": 3000000.0,
        "Interest Expense Non Operating": 67000000.0,
        "Interest Income Non Operating": 1000000.0,
        "Operating Income": 99000000.0,
        "Operating Expense": 136000000.0,
        "Research And Development": 17000000.0,
        "Selling General And Administration": 119000000.0,
        "General And Administrative Expense": 119000000.0,
        "Other Gand A": 122000000.0,
        "Salaries And Wages": -3000000.0,
        "Gross Profit": 235000000.0,
        "Cost Of Revenue": 745000000.0,
        "Total Revenue": 980000000.0,
        "Operating Revenue": 980000000.0
    },
    "2025-06-30": {
        "Tax Effect Of Unusual Items": -1206349.206349,
        "Tax Rate For Calcs": 0.301587,
        "Normalized EBITDA": 208000000.0,
        "Total Unusual Items": -4000000.0,
        "Total Unusual Items Excluding Goodwill": -4000000.0,
        "Net Income From Continuing Operation Net Minority Interest": 45000000.0,
        "Reconciled Depreciation": 72000000.0,
        "Reconciled Cost Of Revenue": 851000000.0,
        "EBITDA": 204000000.0,
        "EBIT": 132000000.0,
        "Net Interest Income": -72000000.0,
        "Interest Expense": 69000000.0,
        "Interest Income": 1000000.0,
        "Normalized Income": 47793650.793651,
        "Net Income From Continuing And Discontinued Operation": 45000000.0,
        "Total Expenses": 981000000.0,
        "Total Operating Income As Reported": -120000000.0,
        "Diluted Average Shares": 74900000.0,
        "Basic Average Shares": 73500000.0,
        "Diluted EPS": 0.6,
        "Basic EPS": 0.61,
        "Diluted NI Availto Com Stockholders": 45000000.0,
        "Net Income Common Stockholders": 45000000.0,
        "Net Income": 45000000.0,
        "Minority Interests": 1000000.0,
        "Net Income Including Noncontrolling Interests": 44000000.0,
        "Net Income Continuous Operations": 44000000.0,
        "Tax Provision": 19000000.0,
        "Pretax Income": 63000000.0,
        "Other Income Expense": 12000000.0,
        "Other Non Operating Income Expenses": 16000000.0,
        "Special Income Charges": -1000000.0,
        "Other Special Charges": 1000000.0,
        "Gain On Sale Of Security": -3000000.0,
        "Net Non Operating Interest Income Expense": -72000000.0,
        "Total Other Finance Cost": 4000000.0,
        "Interest Expense Non Operating": 69000000.0,
        "Interest Income Non Operating": 1000000.0,
        "Operating Income": 123000000.0,
        "Operating Expense": 130000000.0,
        "Research And Development": 17000000.0,
        "Selling General And Administration": 113000000.0,
        "General And Administrative Expense": 113000000.0,
        "Other Gand A": 116000000.0,
        "Salaries And Wages": -3000000.0,
        "Gross Profit": 253000000.0,
        "Cost Of Revenue": 851000000.0,
        "Total Revenue": 1104000000.0,
        "Operating Revenue": 1104000000.0
    },
    "2025-09-30": {
        "Tax Effect Of Unusual Items": -1272727.272727,
        "Tax Rate For Calcs": 0.212121,
        "Normalized EBITDA": 177000000.0,
        "Total Unusual Items": -6000000.0,
        "Total Unusual Items Excluding Goodwill": -6000000.0,
        "Net Income From Continuing Operation Net Minority Interest": 26000000.0,
        "Reconciled Depreciation": 70000000.0,
        "Reconciled Cost Of Revenue": 850000000.0,
        "EBITDA": 171000000.0,
        "EBIT": 101000000.0,
        "Net Interest Income": -71000000.0,
        "Interest Expense": 68000000.0,
        "Interest Income": 2000000.0,
        "Normalized Income": 30727272.727273,
        "Net Income From Continuing And Discontinued Operation": 26000000.0,
        "Total Expenses": 1007000000.0,
        "Total Operating Income As Reported": 110000000.0,
        "Diluted Average Shares": 76000000.0,
        "Basic Average Shares": 73700000.0,
        "Diluted EPS": 0.34,
        "Basic EPS": 0.35,
        "Diluted NI Availto Com Stockholders": 26000000.0,
        "Net Income Common Stockholders": 26000000.0,
        "Net Income": 26000000.0,
        "Minority Interests": 0.0,
        "Net Income Including Noncontrolling Interests": 26000000.0,
        "Net Income Continuous Operations": 26000000.0,
        "Tax Provision": 7000000.0,
        "Pretax Income": 33000000.0,
        "Other Income Expense": -10000000.0,
        "Other Non Operating Income Expenses": -4000000.0,
        "Special Income Charges": 0.0,
        "Other Special Charges": NaN,
        "Gain On Sale Of Security": -6000000.0,
        "Net Non Operating Interest Income Expense": -71000000.0,
        "Total Other Finance Cost": 5000000.0,
        "Interest Expense Non Operating": 68000000.0,
        "Interest Income Non Operating": 2000000.0,
        "Operating Income": 114000000.0,
        "Operating Expense": 157000000.0,
        "Research And Development": 18000000.0,
        "Selling General And Administration": 139000000.0,
        "General And Administrative Expense": 139000000.0,
        "Other Gand A": 143000000.0,
        "Salaries And Wages": -4000000.0,
        "Gross Profit": 271000000.0,
        "Cost Of Revenue": 850000000.0,
        "Total Revenue": 1121000000.0,
        "Operating Revenue": 1121000000.0
    }
}