{
    "2024-06-30": {
        "Tax Effect Of Unusual Items": NaN,
        "Tax Rate For Calcs": NaN,
        "Normalized EBITDA": NaN,
        "Total Unusual Items": NaN,
        "Total Unusual Items Excluding Goodwill": NaN,
        "Net Income From Continuing Operation Net Minority Interest": NaN,
        "Reconciled Depreciation": NaN,
        "Reconciled Cost Of Revenue": NaN,
        "EBITDA": NaN,
        "EBIT": NaN,
        "Net Interest Income": NaN,
        "Interest Expense": 0.0,
        "Interest Income": NaN,
        "Normalized Income": NaN,
        "Net Income From Continuing And Discontinued Operation": NaN,
        "Total Expenses": NaN,
        "Total Operating Income As Reported": NaN,
        "Diluted Average Shares": NaN,
        "Basic Average Shares": NaN,
        "Diluted EPS": NaN,
        "Basic EPS": NaN,
        "Diluted NI Availto Com Stockholders": NaN,
        "Net Income Common Stockholders": NaN,
        "Net Income": NaN,
        "Minority Interests": NaN,
        "Net Income Including Noncontrolling Interests": NaN,
        "Net Income Discontinuous Operations": NaN,
        "Net Income Continuous Operations": NaN,
        "Tax Provision": NaN,
        "Pretax Income": NaN,
        "Other Income Expense": NaN,
        "Other Non Operating Income Expenses": NaN,
        "Earnings From Equity Interest": NaN,
        "Gain On Sale Of Security": NaN,
        "Net Non Operating Interest Income Expense": NaN,
        "Interest Expense Non Operating": 0.0,
        "Interest Income Non Operating": NaN,
        "Operating Income": NaN,
        "Operating Expense": NaN,
        "Depreciation Amortization Depletion Income Statement": NaN,
        "Depreciation And Amortization In Income Statement": NaN,
        "Research And Development": NaN,
        "Selling General And Administration": NaN,
        "Gross Profit": NaN,
        "Cost Of Revenue": NaN,
        "Total Revenue": NaN,
        "Operating Revenue": NaN
    },
    "2024-03-31": {
        "Tax Effect Of Unusual Items": NaN,
        "Tax Rate For Calcs": NaN,
        "Normalized EBITDA": NaN,
        "Total Unusual Items": NaN,
        "Total Unusual Items Excluding Goodwill": NaN,
        "Net Income From Continuing Operation Net Minority Interest": NaN,
        "Reconciled Depreciation": NaN,
        "Reconciled Cost Of Revenue": NaN,
        "EBITDA": NaN,
        "EBIT": NaN,
        "Net Interest Income": NaN,
        "Interest Expense": 72889202.040898,
        "Interest Income": NaN,
        "Normalized Income": NaN,
        "Net Income From Continuing And Discontinued Operation": NaN,
        "Total Expenses": NaN,
        "Total Operating Income As Reported": NaN,
        "Diluted Average Shares": NaN,
        "Basic Average Shares": NaN,
        "Diluted EPS": NaN,
        "Basic EPS": NaN,
        "Diluted NI Availto Com Stockholders": NaN,
        "Net Income Common Stockholders": NaN,
        "Net Income": NaN,
        "Minority Interests": 0.0,
        "Net Income Including Noncontrolling Interests": NaN,
        "Net Income Discontinuous Operations": NaN,
        "Net Income Continuous Operations": NaN,
        "Tax Provision": NaN,
        "Pretax Income": NaN,
        "Other Income Expense": NaN,
        "Other Non Operating Income Expenses": NaN,
        "Earnings From Equity Interest": NaN,
        "Gain On Sale Of Security": NaN,
        "Net Non Operating Interest Income Expense": NaN,
        "Interest Expense Non Operating": 72889202.040898,
        "Interest Income Non Operating": NaN,
        "Operating Income": NaN,
        "Operating Expense": NaN,
        "Depreciation Amortization Depletion Income Statement": NaN,
        "Depreciation And Amortization In Income Statement": NaN,
        "Research And Development": NaN,
        "Selling General And Administration": NaN,
        "Gross Profit": NaN,
        "Cost Of Revenue": NaN,
        "Total Revenue": NaN,
        "Operating Revenue": NaN
    },
    "2023-12-31": {
        "Tax Effect Of Unusual Items": NaN,
        "Tax Rate For Calcs": NaN,
        "Normalized EBITDA": NaN,
        "Total Unusual Items": 257111601.762008,
        "Total Unusual Items Excluding Goodwill": 257111601.762008,
        "Net Income From Continuing Operation Net Minority Interest": NaN,
        "Reconciled Depreciation": NaN,
        "Reconciled Cost Of Revenue": NaN,
        "EBITDA": NaN,
        "EBIT": NaN,
        "Net Interest Income": NaN,
        "Interest Expense": 51086861.862564,
        "Interest Income": NaN,
        "Normalized Income": NaN,
        "Net Income From Continuing And Discontinued Operation": NaN,
        "Total Expenses": NaN,
        "Total Operating Income As Reported": NaN,
        "Diluted Average Shares": NaN,
        "Basic Average Shares": NaN,
        "Diluted EPS": NaN,
        "Basic EPS": NaN,
        "Diluted NI Availto Com Stockholders": NaN,
        "Net Income Common Stockholders": NaN,
        "Net Income": NaN,
        "Minority Interests": -1819832.006779,
        "Net Income Including Noncontrolling Interests": NaN,
        "Net Income Discontinuous Operations": NaN,
        "Net Income Continuous Operations": NaN,
        "Tax Provision": NaN,
        "Pretax Income": NaN,
        "Other Income Expense": NaN,
        "Other Non Operating Income Expenses": NaN,
        "Special Income Charges": -1085212.157323,
        "Gain On Sale Of Business": 0.0,
        "Impairment Of Capital Assets": 1085212.157323,
        "Earnings From Equity Interest": NaN,
        "Gain On Sale Of Security": NaN,
        "Net Non Operating Interest Income Expense": NaN,
        "Interest Expense Non Operating": 51086861.862564,
        "Interest Income Non Operating": NaN,
        "Operating Income": NaN,
        "Operating Expense": NaN,
        "Depreciation Amortization Depletion Income Statement": NaN,
        "Depreciation And Amortization In Income Statement": NaN,
        "Research And Development": NaN,
        "Selling General And Administration": NaN,
        "Gross Profit": NaN,
        "Cost Of Revenue": NaN,
        "Total Revenue": NaN,
        "Operating Revenue": NaN
    },
    "2023-09-30": {
        "Tax Effect Of Unusual Items": NaN,
        "Tax Rate For Calcs": NaN,
        "Normalized EBITDA": NaN,
        "Total Unusual Items": 0.0,
        "Total Unusual Items Excluding Goodwill": 0.0,
        "Net Income From Continuing Operation Net Minority Interest": NaN,
        "Reconciled Depreciation": NaN,
        "Reconciled Cost Of Revenue": NaN,
        "EBITDA": NaN,
        "EBIT": NaN,
        "Net Interest Income": NaN,
        "Interest Expense": 39106376.376894,
        "Interest Income": NaN,
        "Normalized Income": NaN,
        "Net Income From Continuing And Discontinued Operation": NaN,
        "Total Expenses": NaN,
        "Total Operating Income As Reported": NaN,
        "Diluted Average Shares": NaN,
        "Basic Average Shares": NaN,
        "Diluted EPS": NaN,
        "Basic EPS": NaN,
        "Diluted NI Availto Com Stockholders": NaN,
        "Net Income Common Stockholders": NaN,
        "Net Income": NaN,
        "Minority Interests": 0.0,
        "Net Income Including Noncontrolling Interests": NaN,
        "Net Income Discontinuous Operations": NaN,
        "Net Income Continuous Operations": NaN,
        "Tax Provision": NaN,
        "Pretax Income": NaN,
        "Other Income Expense": NaN,
        "Other Non Operating Income Expenses": NaN,
        "Special Income Charges": 0.0,
        "Gain On Sale Of Business": 0.0,
        "Impairment Of Capital Assets": 0.0,
        "Earnings From Equity Interest": NaN,
        "Net Non Operating Interest Income Expense": NaN,
        "Interest Expense Non Operating": 39106376.376894,
        "Interest Income Non Operating": NaN,
        "Operating Income": NaN,
        "Operating Expense": NaN,
        "Depreciation Amortization Depletion Income Statement": NaN,
        "Depreciation And Amortization In Income Statement": NaN,
        "Research And Development": NaN,
        "Selling General And Administration": NaN,
        "Gross Profit": NaN,
        "Cost Of Revenue": NaN,
        "Total Revenue": NaN,
        "Operating Revenue": NaN
    },
    "2023-06-30": {
        "Tax Effect Of Unusual Items": NaN,
        "Tax Rate For Calcs": NaN,
        "Normalized EBITDA": NaN,
        "Total Unusual Items": -1136000000.0,
        "Total Unusual Items Excluding Goodwill": -1136000000.0,
        "Net Income From Continuing Operation Net Minority Interest": NaN,
        "Reconciled Depreciation": NaN,
        "Reconciled Cost Of Revenue": NaN,
        "EBITDA": NaN,
        "EBIT": NaN,
        "Net Interest Income": NaN,
        "Interest Expense": 1973000000.0,
        "Interest Income": NaN,
        "Normalized Income": NaN,
        "Net Income From Continuing And Discontinued Operation": NaN,
        "Total Expenses": NaN,
        "Total Operating Income As Reported": NaN,
        "Diluted Average Shares": NaN,
        "Basic Average Shares": NaN,
        "Diluted EPS": NaN,
        "Basic EPS": NaN,
        "Diluted NI Availto Com Stockholders": NaN,
        "Net Income Common Stockholders": NaN,
        "Net Income": NaN,
        "Minority Interests": -402000000.0,
        "Net Income Including Noncontrolling Interests": NaN,
        "Net Income Discontinuous Operations": 250600000.0,
        "Net Income Continuous Operations": NaN,
        "Tax Provision": NaN,
        "Pretax Income": NaN,
        "Other Income Expense": NaN,
        "Other Non Operating Income Expenses": NaN,
        "Special Income Charges": -1136000000.0,
        "Gain On Sale Of Business": NaN,
        "Impairment Of Capital Assets": 1136000000.0,
        "Earnings From Equity Interest": NaN,
        "Net Non Operating Interest Income Expense": NaN,
        "Interest Expense Non Operating": 1973000000.0,
        "Interest Income Non Operating": NaN,
        "Operating Income": NaN,
        "Operating Expense": NaN,
        "Depreciation Amortization Depletion Income Statement": NaN,
        "Depreciation And Amortization In Income Statement": NaN,
        "Research And Development": NaN,
        "Selling General And Administration": NaN,
        "General And Administrative Expense": 57498000000.0,
        "Other Gand A": 55364000000.0,
        "Salaries And Wages": 2134000000.0,
        "Gross Profit": NaN,
        "Cost Of Revenue": NaN,
        "Total Revenue": NaN,
        "Operating Revenue": NaN
    },
    "2023-03-31": {
        "Tax Effect Of Unusual Items": NaN,
        "Tax Rate For Calcs": NaN,
        "Normalized EBITDA": NaN,
        "Total Unusual Items": NaN,
        "Total Unusual Items Excluding Goodwill": NaN,
        "Net Income From Continuing Operation Net Minority Interest": NaN,
        "Reconciled Depreciation": NaN,
        "Reconciled Cost Of Revenue": NaN,
        "EBITDA": NaN,
        "EBIT": NaN,
        "Net Interest Income": NaN,
        "Interest Expense": 15178620.531252,
        "Interest Income": NaN,
        "Normalized Income": NaN,
        "Net Income From Continuing And Discontinued Operation": NaN,
        "Total Expenses": NaN,
        "Total Operating Income As Reported": NaN,
        "Diluted Average Shares": NaN,
        "Basic Average Shares": NaN,
        "Diluted EPS": NaN,
        "Basic EPS": NaN,
        "Diluted NI Availto Com Stockholders": NaN,
        "Net Income Common Stockholders": NaN,
        "Net Income": NaN,
        "Minority Interests": -19448820.680709,
        "Net Income Including Noncontrolling Interests": NaN,
        "Net Income Discontinuous Operations": 96131263.364594,
        "Net Income Continuous Operations": NaN,
        "Tax Provision": NaN,
        "Pretax Income": NaN,
        "Other Income Expense": NaN,
        "Other Non Operating Income Expenses": NaN,
        "Special Income Charges": NaN,
        "Gain On Sale Of Business": NaN,
        "Impairment Of Capital Assets": NaN,
        "Earnings From Equity Interest": NaN,
        "Net Non Operating Interest Income Expense": NaN,
        "Interest Expense Non Operating": 15178620.531252,
        "Interest Income Non Operating": NaN,
        "Operating Income": NaN,
        "Operating Expense": NaN,
        "Depreciation Amortization Depletion Income Statement": NaN,
        "Depreciation And Amortization In Income Statement": NaN,
        "Research And Development": NaN,
        "Selling General And Administration": NaN,
        "General And Administrative Expense": NaN,
        "Other Gand A": NaN,
        "Salaries And Wages": NaN,
        "Gross Profit": NaN,
        "Cost Of Revenue": NaN,
        "Total Revenue": NaN,
        "Operating Revenue": NaN
    },
    "2024-09-30": {
        "Tax Effect Of Unusual Items": 0.0,
        "Tax Rate For Calcs": 0.022422,
        "Normalized EBITDA": -19300000.0,
        "Total Unusual Items": NaN,
        "Total Unusual Items Excluding Goodwill": NaN,
        "Net Income From Continuing Operation Net Minority Interest": -43600000.0,
        "Reconciled Depreciation": 25300000.0,
        "Reconciled Cost Of Revenue": 8100000.0,
        "EBITDA": -19300000.0,
        "EBIT": -44600000.0,
        "Net Interest Income": 28600000.0,
        "Interest Expense": 0.0,
        "Interest Income": 28600000.0,
        "Normalized Income": -43600000.0,
        "Net Income From Continuing And Discontinued Operation": -94200000.0,
        "Total Expenses": 112700000.0,
        "Total Operating Income As Reported": -80600000.0,
        "Diluted Average Shares": 199340118.0,
        "Basic Average Shares": 199340118.0,
        "Diluted EPS": -0.472559,
        "Basic EPS": -0.472559,
        "Diluted NI Availto Com Stockholders": -94200000.0,
        "Net Income Common Stockholders": -94200000.0,
        "Net Income": -94200000.0,
        "Minority Interests": NaN,
        "Net Income Including Noncontrolling Interests": -94200000.0,
        "Net Income Discontinuous Operations": -50600000.0,
        "Net Income Continuous Operations": -43600000.0,
        "Tax Provision": -1000000.0,
        "Pretax Income": -44600000.0,
        "Other Income Expense": 7400000.0,
        "Other Non Operating Income Expenses": 7000000.0,
        "Earnings From Equity Interest": 400000.0,
        "Gain On Sale Of Security": NaN,
        "Net Non Operating Interest Income Expense": 28600000.0,
        "Interest Expense Non Operating": 0.0,
        "Interest Income Non Operating": 28600000.0,
        "Operating Income": -80600000.0,
        "Operating Expense": 102800000.0,
        "Depreciation Amortization Depletion Income Statement": 23500000.0,
        "Depreciation And Amortization In Income Statement": 23500000.0,
        "Research And Development": 31400000.0,
        "Selling General And Administration": 47900000.0,
        "Gross Profit": 22200000.0,
        "Cost Of Revenue": 9900000.0,
        "Total Revenue": 32100000.0,
        "Operating Revenue": 32100000.0
    },
    "2024-12-31": {
        "Tax Effect Of Unusual Items": 0.0,
        "Tax Rate For Calcs": 0.012518,
        "Normalized EBITDA": -112000000.0,
        "Total Unusual Items": NaN,
        "Total Unusual Items Excluding Goodwill": NaN,
        "Net Income From Continuing Operation Net Minority Interest": -134100000.0,
        "Reconciled Depreciation": 37300000.0,
        "Reconciled Cost Of Revenue": 23600000.0,
        "EBITDA": -112000000.0,
        "EBIT": -149300000.0,
        "Net Interest Income": 21900000.0,
        "Interest Expense": NaN,
        "Interest Income": 21900000.0,
        "Normalized Income": -134100000.0,
        "Net Income From Continuing And Discontinued Operation": -133200000.0,
        "Total Expenses": 187200000.0,
        "Total Operating Income As Reported": -149300000.0,
        "Diluted Average Shares": 235753600.0,
        "Basic Average Shares": 235753600.0,
        "Diluted EPS": -0.579419,
        "Basic EPS": -0.579419,
        "Diluted NI Availto Com Stockholders": -133200000.0,
        "Net Income Common Stockholders": -133200000.0,
        "Net Income": -133200000.0,
        "Minority Interests": NaN,
        "Net Income Including Noncontrolling Interests": -133200000.0,
        "Net Income Discontinuous Operations": 900000.0,
        "Net Income Continuous Operations": -134100000.0,
        "Tax Provision": -1700000.0,
        "Pretax Income": -135800000.0,
        "Other Income Expense": -8400000.0,
        "Other Non Operating Income Expenses": 9100000.0,
        "Earnings From Equity Interest": 0.0,
        "Gain On Sale Of Security": NaN,
        "Net Non Operating Interest Income Expense": 21900000.0,
        "Interest Expense Non Operating": NaN,
        "Interest Income Non Operating": 21900000.0,
        "Operating Income": -149300000.0,
        "Operating Expense": 159700000.0,
        "Depreciation Amortization Depletion Income Statement": 33400000.0,
        "Depreciation And Amortization In Income Statement": 33400000.0,
        "Research And Development": 35700000.0,
        "Selling General And Administration": 90600000.0,
        "Gross Profit": 10400000.0,
        "Cost Of Revenue": 27500000.0,
        "Total Revenue": 37900000.0,
        "Operating Revenue": 37900000.0
    },
    "2025-03-31": {
        "Tax Effect Of Unusual Items": 0.0,
        "Tax Rate For Calcs": 0.258,
        "Normalized EBITDA": -80300000.0,
        "Total Unusual Items": NaN,
        "Total Unusual Items Excluding Goodwill": NaN,
        "Net Income From Continuing Operation Net Minority Interest": -113600000.0,
        "Reconciled Depreciation": 49200000.0,
        "Reconciled Cost Of Revenue": 29500000.0,
        "EBITDA": -80300000.0,
        "EBIT": -129500000.0,
        "Net Interest Income": 8600000.0,
        "Interest Expense": NaN,
        "Interest Income": 8600000.0,
        "Normalized Income": -113600000.0,
        "Net Income From Continuing And Discontinued Operation": -113600000.0,
        "Total Expenses": 184800000.0,
        "Total Operating Income As Reported": -129500000.0,
        "Diluted Average Shares": 238108831.0,
        "Basic Average Shares": 238108831.0,
        "Diluted EPS": -0.477093,
        "Basic EPS": -0.477093,
        "Diluted NI Availto Com Stockholders": -113600000.0,
        "Net Income Common Stockholders": -113600000.0,
        "Net Income": -113600000.0,
        "Minority Interests": NaN,
        "Net Income Including Noncontrolling Interests": -113600000.0,
        "Net Income Discontinuous Operations": 0.0,
        "Net Income Continuous Operations": -113600000.0,
        "Tax Provision": 900000.0,
        "Pretax Income": -112700000.0,
        "Other Income Expense": 8200000.0,
        "Other Non Operating Income Expenses": 8100000.0,
        "Earnings From Equity Interest": 100000.0,
        "Gain On Sale Of Security": NaN,
        "Net Non Operating Interest Income Expense": 8600000.0,
        "Interest Expense Non Operating": NaN,
        "Interest Income Non Operating": 8600000.0,
        "Operating Income": -129500000.0,
        "Operating Expense": 155300000.0,
        "Depreciation Amortization Depletion Income Statement": 49200000.0,
        "Depreciation And Amortization In Income Statement": 49200000.0,
        "Research And Development": 40000000.0,
        "Selling General And Administration": 66100000.0,
        "Gross Profit": 25800000.0,
        "Cost Of Revenue": 29500000.0,
        "Total Revenue": 55300000.0,
        "Operating Revenue": 55300000.0
    },
    "2025-06-30": {
        "Tax Effect Of Unusual Items": 0.0,
        "Tax Rate For Calcs": 0.001561,
        "Normalized EBITDA": 609300000.0,
        "Total Unusual Items": 597400000.0,
        "Total Unusual Items Excluding Goodwill": 597400000.0,
        "Net Income From Continuing Operation Net Minority Interest": 511800000.0,
        "Reconciled Depreciation": 75100000.0,
        "Reconciled Cost Of Revenue": 25300000.0,
        "EBITDA": 609300000.0,
        "EBIT": 534200000.0,
        "Net Interest Income": -1300000.0,
        "Interest Expense": 4800000.0,
        "Interest Income": 3500000.0,
        "Normalized Income": 511800000.0,
        "Net Income From Continuing And Discontinued Operation": 584500000.0,
        "Total Expenses": 202700000.0,
        "Total Operating Income As Reported": -102000000.0,
        "Diluted Average Shares": 238705092.0,
        "Basic Average Shares": 238705092.0,
        "Diluted EPS": 2.448209,
        "Basic EPS": 2.448209,
        "Diluted NI Availto Com Stockholders": 584500000.0,
        "Net Income Common Stockholders": 584500000.0,
        "Net Income": 584500000.0,
        "Minority Interests": NaN,
        "Net Income Including Noncontrolling Interests": 584500000.0,
        "Net Income Discontinuous Operations": 72700000.0,
        "Net Income Continuous Operations": 511800000.0,
        "Tax Provision": 800000.0,
        "Pretax Income": 512600000.0,
        "Other Income Expense": 615900000.0,
        "Other Non Operating Income Expenses": -7900000.0,
        "Earnings From Equity Interest": -6300000.0,
        "Gain On Sale Of Security": 597400000.0,
        "Net Non Operating Interest Income Expense": -1300000.0,
        "Interest Expense Non Operating": 4800000.0,
        "Interest Income Non Operating": 3500000.0,
        "Operating Income": -102000000.0,
        "Operating Expense": 177400000.0,
        "Depreciation Amortization Depletion Income Statement": 75100000.0,
        "Depreciation And Amortization In Income Statement": 75100000.0,
        "Research And Development": 39300000.0,
        "Selling General And Administration": 63000000.0,
        "Gross Profit": 75400000.0,
        "Cost Of Revenue": 25300000.0,
        "Total Revenue": 100700000.0,
        "Operating Revenue": 100700000.0
    },
    "2025-09-30": {
        "Tax Effect Of Unusual Items": 0.0,
        "Tax Rate For Calcs": 0.002502,
        "Normalized EBITDA": 6800000.0,
        "Total Unusual Items": NaN,
        "Total Unusual Items Excluding Goodwill": NaN,
        "Net Income From Continuing Operation Net Minority Interest": -119600000.0,
        "Reconciled Depreciation": 112000000.0,
        "Reconciled Cost Of Revenue": 29900000.0,
        "EBITDA": 6800000.0,
        "EBIT": -105200000.0,
        "Net Interest Income": -8500000.0,
        "Interest Expense": 14700000.0,
        "Interest Income": 6200000.0,
        "Normalized Income": -119600000.0,
        "Net Income From Continuing And Discontinued Operation": -119600000.0,
        "Total Expenses": 276300000.0,
        "Total Operating Income As Reported": -130200000.0,
        "Diluted Average Shares": 251807222.0,
        "Basic Average Shares": 251807222.0,
        "Diluted EPS": -0.474967,
        "Basic EPS": -0.474967,
        "Diluted NI Availto Com Stockholders": -119600000.0,
        "Net Income Common Stockholders": -119600000.0,
        "Net Income": -119600000.0,
        "Minority Interests": NaN,
        "Net Income Including Noncontrolling Interests": -119600000.0,
        "Net Income Discontinuous Operations": 0.0,
        "Net Income Continuous Operations": -119600000.0,
        "Tax Provision": -300000.0,
        "Pretax Income": -119900000.0,
        "Other Income Expense": 18800000.0,
        "Other Non Operating Income Expenses": 26300000.0,
        "Earnings From Equity Interest": -7500000.0,
        "Gain On Sale Of Security": NaN,
        "Net Non Operating Interest Income Expense": -8500000.0,
        "Interest Expense Non Operating": 14700000.0,
        "Interest Income Non Operating": 6200000.0,
        "Operating Income": -130200000.0,
        "Operating Expense": 233400000.0,
        "Depreciation Amortization Depletion Income Statement": 99000000.0,
        "Depreciation And Amortization In Income Statement": 99000000.0,
        "Research And Development": 44900000.0,
        "Selling General And Administration": 89500000.0,
        "Gross Profit": 103200000.0,
        "Cost Of Revenue": 42900000.0,
        "Total Revenue": 146100000.0,
        "Operating Revenue": 146100000.0
    }
}