{
    "2023-03-31": {
        "Tax Effect Of Unusual Items": NaN,
        "Tax Rate For Calcs": NaN,
        "Normalized EBITDA": NaN,
        "Total Unusual Items": NaN,
        "Total Unusual Items Excluding Goodwill": NaN,
        "Net Income From Continuing Operation Net Minority Interest": NaN,
        "Reconciled Depreciation": NaN,
        "Reconciled Cost Of Revenue": NaN,
        "EBITDA": NaN,
        "EBIT": NaN,
        "Net Interest Income": NaN,
        "Interest Expense": NaN,
        "Interest Income": NaN,
        "Normalized Income": NaN,
        "Net Income From Continuing And Discontinued Operation": NaN,
        "Total Expenses": NaN,
        "Total Operating Income As Reported": NaN,
        "Diluted Average Shares": 7515000.0,
        "Basic Average Shares": 7428000.0,
        "Diluted EPS": 0.76,
        "Basic EPS": 0.77,
        "Diluted NI Availto Com Stockholders": NaN,
        "Net Income Common Stockholders": NaN,
        "Net Income": NaN,
        "Net Income Including Noncontrolling Interests": NaN,
        "Net Income Continuous Operations": NaN,
        "Tax Provision": NaN,
        "Pretax Income": NaN,
        "Other Income Expense": NaN,
        "Other Non Operating Income Expenses": NaN,
        "Special Income Charges": NaN,
        "Gain On Sale Of Ppe": NaN,
        "Write Off": NaN,
        "Impairment Of Capital Assets": NaN,
        "Earnings From Equity Interest": NaN,
        "Gain On Sale Of Security": NaN,
        "Net Non Operating Interest Income Expense": NaN,
        "Interest Expense Non Operating": NaN,
        "Interest Income Non Operating": NaN,
        "Operating Income": NaN,
        "Operating Expense": NaN,
        "Other Operating Expenses": NaN,
        "Depreciation Amortization Depletion Income Statement": NaN,
        "Depreciation And Amortization In Income Statement": NaN,
        "Amortization": NaN,
        "Amortization Of Intangibles Income Statement": NaN,
        "Selling General And Administration": NaN,
        "Gross Profit": NaN,
        "Cost Of Revenue": NaN,
        "Total Revenue": NaN,
        "Operating Revenue": NaN
    },
    "2022-12-31": {
        "Tax Effect Of Unusual Items": NaN,
        "Tax Rate For Calcs": NaN,
        "Normalized EBITDA": NaN,
        "Total Unusual Items": NaN,
        "Total Unusual Items Excluding Goodwill": NaN,
        "Net Income From Continuing Operation Net Minority Interest": NaN,
        "Reconciled Depreciation": NaN,
        "Reconciled Cost Of Revenue": NaN,
        "EBITDA": NaN,
        "EBIT": NaN,
        "Net Interest Income": NaN,
        "Interest Expense": NaN,
        "Interest Income": NaN,
        "Normalized Income": NaN,
        "Net Income From Continuing And Discontinued Operation": NaN,
        "Total Expenses": NaN,
        "Total Operating Income As Reported": NaN,
        "Diluted Average Shares": NaN,
        "Basic Average Shares": NaN,
        "Diluted EPS": NaN,
        "Basic EPS": NaN,
        "Diluted NI Availto Com Stockholders": NaN,
        "Net Income Common Stockholders": NaN,
        "Net Income": NaN,
        "Net Income Including Noncontrolling Interests": NaN,
        "Net Income Continuous Operations": NaN,
        "Tax Provision": NaN,
        "Pretax Income": NaN,
        "Other Income Expense": NaN,
        "Other Non Operating Income Expenses": NaN,
        "Special Income Charges": NaN,
        "Gain On Sale Of Ppe": NaN,
        "Other Special Charges": -14000000.0,
        "Write Off": 0.0,
        "Impairment Of Capital Assets": 0.0,
        "Earnings From Equity Interest": NaN,
        "Gain On Sale Of Security": NaN,
        "Net Non Operating Interest Income Expense": NaN,
        "Interest Expense Non Operating": NaN,
        "Interest Income Non Operating": NaN,
        "Operating Income": NaN,
        "Operating Expense": NaN,
        "Other Operating Expenses": NaN,
        "Depreciation Amortization Depletion Income Statement": NaN,
        "Depreciation And Amortization In Income Statement": NaN,
        "Amortization": NaN,
        "Amortization Of Intangibles Income Statement": NaN,
        "Selling General And Administration": NaN,
        "Gross Profit": NaN,
        "Cost Of Revenue": NaN,
        "Total Revenue": NaN,
        "Operating Revenue": NaN
    },
    "2022-09-30": {
        "Tax Effect Of Unusual Items": NaN,
        "Tax Rate For Calcs": NaN,
        "Normalized EBITDA": NaN,
        "Total Unusual Items": NaN,
        "Total Unusual Items Excluding Goodwill": NaN,
        "Net Income From Continuing Operation Net Minority Interest": NaN,
        "Reconciled Depreciation": NaN,
        "Reconciled Cost Of Revenue": NaN,
        "EBITDA": NaN,
        "EBIT": NaN,
        "Net Interest Income": NaN,
        "Interest Expense": NaN,
        "Interest Income": NaN,
        "Normalized Income": NaN,
        "Net Income From Continuing And Discontinued Operation": NaN,
        "Total Expenses": NaN,
        "Total Operating Income As Reported": NaN,
        "Diluted Average Shares": NaN,
        "Basic Average Shares": NaN,
        "Diluted EPS": NaN,
        "Basic EPS": NaN,
        "Diluted NI Availto Com Stockholders": NaN,
        "Net Income Common Stockholders": NaN,
        "Net Income": NaN,
        "Net Income Including Noncontrolling Interests": NaN,
        "Net Income Continuous Operations": NaN,
        "Tax Provision": NaN,
        "Pretax Income": NaN,
        "Other Income Expense": NaN,
        "Other Non Operating Income Expenses": NaN,
        "Special Income Charges": NaN,
        "Gain On Sale Of Ppe": NaN,
        "Other Special Charges": NaN,
        "Write Off": 3939000.0,
        "Impairment Of Capital Assets": 3939000.0,
        "Earnings From Equity Interest": NaN,
        "Gain On Sale Of Security": NaN,
        "Net Non Operating Interest Income Expense": NaN,
        "Interest Expense Non Operating": NaN,
        "Interest Income Non Operating": NaN,
        "Operating Income": NaN,
        "Operating Expense": NaN,
        "Other Operating Expenses": NaN,
        "Depreciation Amortization Depletion Income Statement": NaN,
        "Depreciation And Amortization In Income Statement": NaN,
        "Amortization": NaN,
        "Amortization Of Intangibles Income Statement": NaN,
        "Selling General And Administration": NaN,
        "Gross Profit": NaN,
        "Cost Of Revenue": NaN,
        "Total Revenue": NaN,
        "Operating Revenue": NaN
    },
    "2022-06-30": {
        "Tax Effect Of Unusual Items": 3031175.0,
        "Tax Rate For Calcs": 0.175,
        "Normalized EBITDA": 29306000.0,
        "Total Unusual Items": 17321000.0,
        "Total Unusual Items Excluding Goodwill": 17321000.0,
        "Net Income From Continuing Operation Net Minority Interest": 37180000.0,
        "Reconciled Depreciation": 1058000.0,
        "Reconciled Cost Of Revenue": 45726000.0,
        "EBITDA": 46627000.0,
        "EBIT": 45569000.0,
        "Net Interest Income": -301000.0,
        "Interest Expense": 496000.0,
        "Interest Income": 195000.0,
        "Normalized Income": 22890175.0,
        "Net Income From Continuing And Discontinued Operation": 37180000.0,
        "Total Expenses": 63002000.0,
        "Total Operating Income As Reported": 29683000.0,
        "Diluted Average Shares": 7330000.0,
        "Basic Average Shares": 7330000.0,
        "Diluted EPS": 5.07,
        "Basic EPS": 5.07,
        "Diluted NI Availto Com Stockholders": 37180000.0,
        "Net Income Common Stockholders": 37180000.0,
        "Net Income": 37180000.0,
        "Net Income Including Noncontrolling Interests": 37180000.0,
        "Net Income Continuous Operations": 37180000.0,
        "Tax Provision": 7893000.0,
        "Pretax Income": 45073000.0,
        "Other Income Expense": 47007000.0,
        "Other Non Operating Income Expenses": 15064000.0,
        "Special Income Charges": 19199000.0,
        "Gain On Sale Of Ppe": 2317000.0,
        "Other Special Charges": -16882000.0,
        "Write Off": NaN,
        "Earnings From Equity Interest": 14622000.0,
        "Gain On Sale Of Security": -1878000.0,
        "Net Non Operating Interest Income Expense": -301000.0,
        "Interest Expense Non Operating": 496000.0,
        "Interest Income Non Operating": 195000.0,
        "Operating Income": -1633000.0,
        "Operating Expense": 17276000.0,
        "Other Operating Expenses": 377000.0,
        "Depreciation Amortization Depletion Income Statement": 1058000.0,
        "Depreciation And Amortization In Income Statement": 1058000.0,
        "Amortization": 1058000.0,
        "Amortization Of Intangibles Income Statement": 1058000.0,
        "Selling General And Administration": 15841000.0,
        "Gross Profit": 15643000.0,
        "Cost Of Revenue": 45726000.0,
        "Total Revenue": 61369000.0,
        "Operating Revenue": 61369000.0
    },
    "2023-06-30": {
        "Tax Effect Of Unusual Items": NaN,
        "Tax Rate For Calcs": NaN,
        "Normalized EBITDA": NaN,
        "Total Unusual Items": NaN,
        "Total Unusual Items Excluding Goodwill": NaN,
        "Net Income From Continuing Operation Net Minority Interest": NaN,
        "Reconciled Depreciation": NaN,
        "Reconciled Cost Of Revenue": NaN,
        "EBITDA": NaN,
        "EBIT": NaN,
        "Net Interest Income": NaN,
        "Interest Expense": NaN,
        "Interest Income": NaN,
        "Normalized Income": NaN,
        "Net Income From Continuing And Discontinued Operation": NaN,
        "Total Expenses": NaN,
        "Total Operating Income As Reported": NaN,
        "Diluted Average Shares": 7513000.0,
        "Basic Average Shares": 7513000.0,
        "Diluted EPS": 0.34,
        "Basic EPS": 0.34,
        "Diluted NI Availto Com Stockholders": NaN,
        "Net Income Common Stockholders": NaN,
        "Net Income": NaN,
        "Net Income Including Noncontrolling Interests": NaN,
        "Net Income Continuous Operations": NaN,
        "Tax Provision": NaN,
        "Pretax Income": NaN,
        "Other Income Expense": NaN,
        "Other Non Operating Income Expenses": NaN,
        "Special Income Charges": NaN,
        "Gain On Sale Of Ppe": NaN,
        "Other Special Charges": NaN,
        "Write Off": NaN,
        "Impairment Of Capital Assets": NaN,
        "Earnings From Equity Interest": NaN,
        "Gain On Sale Of Security": NaN,
        "Net Non Operating Interest Income Expense": NaN,
        "Interest Expense Non Operating": NaN,
        "Interest Income Non Operating": NaN,
        "Operating Income": NaN,
        "Operating Expense": NaN,
        "Other Operating Expenses": NaN,
        "Depreciation Amortization Depletion Income Statement": NaN,
        "Depreciation And Amortization In Income Statement": NaN,
        "Amortization": NaN,
        "Amortization Of Intangibles Income Statement": NaN,
        "Selling General And Administration": NaN,
        "Gross Profit": NaN,
        "Cost Of Revenue": NaN,
        "Total Revenue": NaN,
        "Operating Revenue": NaN
    },
    "2023-09-30": {
        "Tax Effect Of Unusual Items": NaN,
        "Tax Rate For Calcs": NaN,
        "Normalized EBITDA": NaN,
        "Total Unusual Items": NaN,
        "Total Unusual Items Excluding Goodwill": NaN,
        "Net Income From Continuing Operation Net Minority Interest": NaN,
        "Reconciled Depreciation": NaN,
        "Reconciled Cost Of Revenue": NaN,
        "EBITDA": NaN,
        "EBIT": NaN,
        "Net Interest Income": NaN,
        "Interest Expense": NaN,
        "Interest Income": NaN,
        "Normalized Income": NaN,
        "Net Income From Continuing And Discontinued Operation": NaN,
        "Total Expenses": NaN,
        "Total Operating Income As Reported": NaN,
        "Diluted Average Shares": NaN,
        "Basic Average Shares": NaN,
        "Diluted EPS": NaN,
        "Basic EPS": NaN,
        "Diluted NI Availto Com Stockholders": NaN,
        "Net Income Common Stockholders": NaN,
        "Net Income": NaN,
        "Net Income Including Noncontrolling Interests": NaN,
        "Net Income Continuous Operations": NaN,
        "Tax Provision": NaN,
        "Pretax Income": NaN,
        "Other Income Expense": NaN,
        "Other Non Operating Income Expenses": NaN,
        "Special Income Charges": NaN,
        "Gain On Sale Of Ppe": NaN,
        "Other Special Charges": NaN,
        "Write Off": 0.0,
        "Impairment Of Capital Assets": 0.0,
        "Earnings From Equity Interest": NaN,
        "Gain On Sale Of Security": NaN,
        "Net Non Operating Interest Income Expense": NaN,
        "Interest Expense Non Operating": NaN,
        "Interest Income Non Operating": NaN,
        "Operating Income": NaN,
        "Operating Expense": NaN,
        "Other Operating Expenses": NaN,
        "Depreciation Amortization Depletion Income Statement": NaN,
        "Depreciation And Amortization In Income Statement": NaN,
        "Amortization": NaN,
        "Amortization Of Intangibles Income Statement": NaN,
        "Selling General And Administration": NaN,
        "Gross Profit": NaN,
        "Cost Of Revenue": NaN,
        "Total Revenue": NaN,
        "Operating Revenue": NaN
    },
    "2023-12-31": {
        "Tax Effect Of Unusual Items": NaN,
        "Tax Rate For Calcs": NaN,
        "Normalized EBITDA": NaN,
        "Total Unusual Items": NaN,
        "Total Unusual Items Excluding Goodwill": NaN,
        "Net Income From Continuing Operation Net Minority Interest": NaN,
        "Reconciled Depreciation": NaN,
        "Reconciled Cost Of Revenue": NaN,
        "EBITDA": NaN,
        "EBIT": NaN,
        "Net Interest Income": NaN,
        "Interest Expense": NaN,
        "Interest Income": NaN,
        "Normalized Income": NaN,
        "Net Income From Continuing And Discontinued Operation": NaN,
        "Total Expenses": NaN,
        "Total Operating Income As Reported": NaN,
        "Diluted Average Shares": NaN,
        "Basic Average Shares": NaN,
        "Diluted EPS": NaN,
        "Basic EPS": NaN,
        "Diluted NI Availto Com Stockholders": NaN,
        "Net Income Common Stockholders": NaN,
        "Net Income": NaN,
        "Net Income Including Noncontrolling Interests": NaN,
        "Net Income Continuous Operations": NaN,
        "Tax Provision": NaN,
        "Pretax Income": NaN,
        "Other Income Expense": NaN,
        "Other Non Operating Income Expenses": NaN,
        "Special Income Charges": NaN,
        "Gain On Sale Of Ppe": NaN,
        "Other Special Charges": NaN,
        "Impairment Of Capital Assets": 65887000.0,
        "Earnings From Equity Interest": NaN,
        "Gain On Sale Of Security": NaN,
        "Net Non Operating Interest Income Expense": NaN,
        "Interest Expense Non Operating": NaN,
        "Interest Income Non Operating": NaN,
        "Operating Income": NaN,
        "Operating Expense": NaN,
        "Other Operating Expenses": NaN,
        "Depreciation Amortization Depletion Income Statement": NaN,
        "Depreciation And Amortization In Income Statement": NaN,
        "Amortization": NaN,
        "Amortization Of Intangibles Income Statement": NaN,
        "Selling General And Administration": NaN,
        "Gross Profit": NaN,
        "Cost Of Revenue": NaN,
        "Total Revenue": NaN,
        "Operating Revenue": NaN
    },
    "2024-03-31": {
        "Tax Effect Of Unusual Items": 189333.572582,
        "Tax Rate For Calcs": 0.179975,
        "Normalized EBITDA": 5758000.0,
        "Total Unusual Items": 1052000.0,
        "Total Unusual Items Excluding Goodwill": 1052000.0,
        "Net Income From Continuing Operation Net Minority Interest": 4570000.0,
        "Reconciled Depreciation": 126000.0,
        "Reconciled Cost Of Revenue": 46271000.0,
        "EBITDA": 6810000.0,
        "EBIT": 6684000.0,
        "Net Interest Income": 16000.0,
        "Interest Expense": 1111000.0,
        "Interest Income": 1127000.0,
        "Normalized Income": 3707333.572582,
        "Net Income From Continuing And Discontinued Operation": 4570000.0,
        "Total Expenses": 62305000.0,
        "Total Operating Income As Reported": 4757000.0,
        "Diluted Average Shares": 7515000.0,
        "Basic Average Shares": 7452000.0,
        "Diluted EPS": 0.61,
        "Basic EPS": 0.61,
        "Diluted NI Availto Com Stockholders": 4570000.0,
        "Net Income Common Stockholders": 4570000.0,
        "Net Income": 4570000.0,
        "Net Income Including Noncontrolling Interests": 4570000.0,
        "Net Income Continuous Operations": 4570000.0,
        "Tax Provision": 1003000.0,
        "Pretax Income": 5573000.0,
        "Other Income Expense": 14573000.0,
        "Other Non Operating Income Expenses": 214000.0,
        "Special Income Charges": 11000.0,
        "Gain On Sale Of Ppe": 11000.0,
        "Other Special Charges": NaN,
        "Impairment Of Capital Assets": NaN,
        "Earnings From Equity Interest": 13307000.0,
        "Gain On Sale Of Security": 1041000.0,
        "Net Non Operating Interest Income Expense": 16000.0,
        "Interest Expense Non Operating": 1111000.0,
        "Interest Income Non Operating": 1127000.0,
        "Operating Income": -9016000.0,
        "Operating Expense": 16034000.0,
        "Other Operating Expenses": 455000.0,
        "Depreciation Amortization Depletion Income Statement": 126000.0,
        "Depreciation And Amortization In Income Statement": 126000.0,
        "Amortization": 126000.0,
        "Amortization Of Intangibles Income Statement": 126000.0,
        "Selling General And Administration": 15453000.0,
        "Gross Profit": 7018000.0,
        "Cost Of Revenue": 46271000.0,
        "Total Revenue": 53289000.0,
        "Operating Revenue": 53289000.0
    },
    "2024-06-30": {
        "Tax Effect Of Unusual Items": 177901.091843,
        "Tax Rate For Calcs": 0.041105,
        "Normalized EBITDA": 3327000.0,
        "Total Unusual Items": 4328000.0,
        "Total Unusual Items Excluding Goodwill": 4328000.0,
        "Net Income From Continuing Operation Net Minority Interest": 5972000.0,
        "Reconciled Depreciation": 116000.0,
        "Reconciled Cost Of Revenue": 45327000.0,
        "EBITDA": 7655000.0,
        "EBIT": 7539000.0,
        "Net Interest Income": -273000.0,
        "Interest Expense": 1311000.0,
        "Interest Income": 1038000.0,
        "Normalized Income": 1821901.091843,
        "Net Income From Continuing And Discontinued Operation": 5972000.0,
        "Total Expenses": 63634000.0,
        "Total Operating Income As Reported": 7366000.0,
        "Diluted Average Shares": NaN,
        "Basic Average Shares": NaN,
        "Diluted EPS": NaN,
        "Basic EPS": NaN,
        "Diluted NI Availto Com Stockholders": 5972000.0,
        "Net Income Common Stockholders": 5972000.0,
        "Net Income": 5972000.0,
        "Net Income Including Noncontrolling Interests": 5972000.0,
        "Net Income Continuous Operations": 5972000.0,
        "Tax Provision": 256000.0,
        "Pretax Income": 6228000.0,
        "Other Income Expense": 17790000.0,
        "Other Non Operating Income Expenses": -130000.0,
        "Special Income Charges": 4592000.0,
        "Gain On Sale Of Ppe": 4592000.0,
        "Other Special Charges": NaN,
        "Earnings From Equity Interest": 13592000.0,
        "Gain On Sale Of Security": -264000.0,
        "Net Non Operating Interest Income Expense": -273000.0,
        "Interest Expense Non Operating": 1311000.0,
        "Interest Income Non Operating": 1038000.0,
        "Operating Income": -11289000.0,
        "Operating Expense": 18307000.0,
        "Other Operating Expenses": 471000.0,
        "Depreciation Amortization Depletion Income Statement": 116000.0,
        "Depreciation And Amortization In Income Statement": 116000.0,
        "Amortization": 116000.0,
        "Amortization Of Intangibles Income Statement": 116000.0,
        "Selling General And Administration": 17720000.0,
        "Gross Profit": 7018000.0,
        "Cost Of Revenue": 45327000.0,
        "Total Revenue": 52345000.0,
        "Operating Revenue": 52345000.0
    },
    "2024-09-30": {
        "Tax Effect Of Unusual Items": 2627880.0,
        "Tax Rate For Calcs": 0.183,
        "Normalized EBITDA": 6289000.0,
        "Total Unusual Items": 14360000.0,
        "Total Unusual Items Excluding Goodwill": 14360000.0,
        "Net Income From Continuing Operation Net Minority Interest": 15635000.0,
        "Reconciled Depreciation": 131000.0,
        "Reconciled Cost Of Revenue": 54412000.0,
        "EBITDA": 20649000.0,
        "EBIT": 20518000.0,
        "Net Interest Income": -302000.0,
        "Interest Expense": 1386000.0,
        "Interest Income": 1084000.0,
        "Normalized Income": 3902880.0,
        "Net Income From Continuing And Discontinued Operation": 15635000.0,
        "Total Expenses": 71493000.0,
        "Total Operating Income As Reported": 19699000.0,
        "Diluted Average Shares": 7312000.0,
        "Basic Average Shares": 7312000.0,
        "Diluted EPS": 2.14,
        "Basic EPS": 2.14,
        "Diluted NI Availto Com Stockholders": 15635000.0,
        "Net Income Common Stockholders": 15635000.0,
        "Net Income": 15635000.0,
        "Net Income Including Noncontrolling Interests": 15635000.0,
        "Net Income Continuous Operations": 15635000.0,
        "Tax Provision": 3497000.0,
        "Pretax Income": 19132000.0,
        "Other Income Expense": 29271000.0,
        "Other Non Operating Income Expenses": -244000.0,
        "Special Income Charges": 13918000.0,
        "Gain On Sale Of Ppe": 306000.0,
        "Other Special Charges": -13612000.0,
        "Earnings From Equity Interest": 15155000.0,
        "Gain On Sale Of Security": 442000.0,
        "Net Non Operating Interest Income Expense": -302000.0,
        "Interest Expense Non Operating": 1386000.0,
        "Interest Income Non Operating": 1084000.0,
        "Operating Income": -9837000.0,
        "Operating Expense": 17081000.0,
        "Other Operating Expenses": 463000.0,
        "Depreciation Amortization Depletion Income Statement": 131000.0,
        "Depreciation And Amortization In Income Statement": 131000.0,
        "Amortization": 131000.0,
        "Amortization Of Intangibles Income Statement": 131000.0,
        "Selling General And Administration": 16487000.0,
        "Gross Profit": 7244000.0,
        "Cost Of Revenue": 54412000.0,
        "Total Revenue": 61656000.0,
        "Operating Revenue": 61656000.0
    },
    "2024-12-31": {
        "Tax Effect Of Unusual Items": 172830.0,
        "Tax Rate For Calcs": 0.21,
        "Normalized EBITDA": 3806000.0,
        "Total Unusual Items": 823000.0,
        "Total Unusual Items Excluding Goodwill": 823000.0,
        "Net Income From Continuing Operation Net Minority Interest": 7564000.0,
        "Reconciled Depreciation": 158000.0,
        "Reconciled Cost Of Revenue": 61942000.0,
        "EBITDA": 4629000.0,
        "EBIT": 4471000.0,
        "Net Interest Income": -579000.0,
        "Interest Expense": 1758000.0,
        "Interest Income": 1179000.0,
        "Normalized Income": 6913830.0,
        "Net Income From Continuing And Discontinued Operation": 7564000.0,
        "Total Expenses": 83186000.0,
        "Total Operating Income As Reported": 3883000.0,
        "Diluted Average Shares": 7422000.0,
        "Basic Average Shares": 7297000.0,
        "Diluted EPS": 1.02,
        "Basic EPS": 1.04,
        "Diluted NI Availto Com Stockholders": 7564000.0,
        "Net Income Common Stockholders": 7564000.0,
        "Net Income": 7564000.0,
        "Net Income Including Noncontrolling Interests": 7564000.0,
        "Net Income Continuous Operations": 7564000.0,
        "Tax Provision": -4851000.0,
        "Pretax Income": 2713000.0,
        "Other Income Expense": 16060000.0,
        "Other Non Operating Income Expenses": -185000.0,
        "Special Income Charges": 237000.0,
        "Gain On Sale Of Ppe": 237000.0,
        "Other Special Charges": 0.0,
        "Earnings From Equity Interest": 15422000.0,
        "Gain On Sale Of Security": 586000.0,
        "Net Non Operating Interest Income Expense": -579000.0,
        "Interest Expense Non Operating": 1758000.0,
        "Interest Income Non Operating": 1179000.0,
        "Operating Income": -12768000.0,
        "Operating Expense": 21244000.0,
        "Other Operating Expenses": 992000.0,
        "Depreciation Amortization Depletion Income Statement": 158000.0,
        "Depreciation And Amortization In Income Statement": 158000.0,
        "Amortization": 158000.0,
        "Amortization Of Intangibles Income Statement": 158000.0,
        "Selling General And Administration": 20094000.0,
        "Gross Profit": 8476000.0,
        "Cost Of Revenue": 61942000.0,
        "Total Revenue": 70418000.0,
        "Operating Revenue": 70418000.0
    },
    "2025-03-31": {
        "Tax Effect Of Unusual Items": -35112.0,
        "Tax Rate For Calcs": 0.044,
        "Normalized EBITDA": 7861000.0,
        "Total Unusual Items": -798000.0,
        "Total Unusual Items Excluding Goodwill": -798000.0,
        "Net Income From Continuing Operation Net Minority Interest": 4900000.0,
        "Reconciled Depreciation": 162000.0,
        "Reconciled Cost Of Revenue": 55917000.0,
        "EBITDA": 7063000.0,
        "EBIT": 6901000.0,
        "Net Interest Income": -909000.0,
        "Interest Expense": 1774000.0,
        "Interest Income": 865000.0,
        "Normalized Income": 5662888.0,
        "Net Income From Continuing And Discontinued Operation": 4900000.0,
        "Total Expenses": 74420000.0,
        "Total Operating Income As Reported": 7682000.0,
        "Diluted Average Shares": 7447000.0,
        "Basic Average Shares": 7363000.0,
        "Diluted EPS": 0.67,
        "Basic EPS": 0.67,
        "Diluted NI Availto Com Stockholders": 4900000.0,
        "Net Income Common Stockholders": 4900000.0,
        "Net Income": 4900000.0,
        "Net Income Including Noncontrolling Interests": 4900000.0,
        "Net Income Continuous Operations": 4900000.0,
        "Tax Provision": 227000.0,
        "Pretax Income": 5127000.0,
        "Other Income Expense": 14885000.0,
        "Other Non Operating Income Expenses": -303000.0,
        "Special Income Charges": 72000.0,
        "Gain On Sale Of Ppe": 72000.0,
        "Other Special Charges": NaN,
        "Earnings From Equity Interest": 15986000.0,
        "Gain On Sale Of Security": -870000.0,
        "Net Non Operating Interest Income Expense": -909000.0,
        "Interest Expense Non Operating": 1774000.0,
        "Interest Income Non Operating": 865000.0,
        "Operating Income": -8849000.0,
        "Operating Expense": 18503000.0,
        "Other Operating Expenses": 473000.0,
        "Depreciation Amortization Depletion Income Statement": 162000.0,
        "Depreciation And Amortization In Income Statement": 162000.0,
        "Amortization": 162000.0,
        "Amortization Of Intangibles Income Statement": 162000.0,
        "Selling General And Administration": 17868000.0,
        "Gross Profit": 9654000.0,
        "Cost Of Revenue": 55917000.0,
        "Total Revenue": 65571000.0,
        "Operating Revenue": 65571000.0
    },
    "2025-06-30": {
        "Tax Effect Of Unusual Items": 829080.0,
        "Tax Rate For Calcs": 0.21,
        "Normalized EBITDA": 235000.0,
        "Total Unusual Items": 3948000.0,
        "Total Unusual Items Excluding Goodwill": 3948000.0,
        "Net Income From Continuing Operation Net Minority Interest": 3260000.0,
        "Reconciled Depreciation": 245000.0,
        "Reconciled Cost Of Revenue": 61415000.0,
        "EBITDA": 4183000.0,
        "EBIT": 3938000.0,
        "Net Interest Income": -1174000.0,
        "Interest Expense": 1944000.0,
        "Interest Income": 770000.0,
        "Normalized Income": 141080.0,
        "Net Income From Continuing And Discontinued Operation": 3260000.0,
        "Total Expenses": 81936000.0,
        "Total Operating Income As Reported": -51000.0,
        "Diluted Average Shares": 7445000.0,
        "Basic Average Shares": 7445000.0,
        "Diluted EPS": 0.44,
        "Basic EPS": 0.44,
        "Diluted NI Availto Com Stockholders": 3260000.0,
        "Net Income Common Stockholders": 3260000.0,
        "Net Income": 3260000.0,
        "Net Income Including Noncontrolling Interests": 3260000.0,
        "Net Income Continuous Operations": 3260000.0,
        "Tax Provision": -1266000.0,
        "Pretax Income": 1994000.0,
        "Other Income Expense": 16869000.0,
        "Other Non Operating Income Expenses": -217000.0,
        "Special Income Charges": 3599000.0,
        "Gain On Sale Of Ppe": 9000.0,
        "Other Special Charges": -3590000.0,
        "Earnings From Equity Interest": 13138000.0,
        "Gain On Sale Of Security": 349000.0,
        "Net Non Operating Interest Income Expense": -1174000.0,
        "Interest Expense Non Operating": 1944000.0,
        "Interest Income Non Operating": 770000.0,
        "Operating Income": -13701000.0,
        "Operating Expense": 20521000.0,
        "Other Operating Expenses": 503000.0,
        "Depreciation Amortization Depletion Income Statement": 245000.0,
        "Depreciation And Amortization In Income Statement": 245000.0,
        "Amortization": 245000.0,
        "Amortization Of Intangibles Income Statement": 245000.0,
        "Selling General And Administration": 19773000.0,
        "Gross Profit": 6820000.0,
        "Cost Of Revenue": 61415000.0,
        "Total Revenue": 68235000.0,
        "Operating Revenue": 68235000.0
    },
    "2025-09-30": {
        "Tax Effect Of Unusual Items": 65520.0,
        "Tax Rate For Calcs": 0.21,
        "Normalized EBITDA": 6899000.0,
        "Total Unusual Items": 312000.0,
        "Total Unusual Items Excluding Goodwill": 312000.0,
        "Net Income From Continuing Operation Net Minority Interest": 13254000.0,
        "Reconciled Depreciation": 167000.0,
        "Reconciled Cost Of Revenue": 66643000.0,
        "EBITDA": 7211000.0,
        "EBIT": 7044000.0,
        "Net Interest Income": -379000.0,
        "Interest Expense": 1087000.0,
        "Interest Income": 708000.0,
        "Normalized Income": 13007520.0,
        "Net Income From Continuing And Discontinued Operation": 13254000.0,
        "Total Expenses": 86837000.0,
        "Total Operating Income As Reported": 6777000.0,
        "Diluted Average Shares": 7454000.0,
        "Basic Average Shares": 7454000.0,
        "Diluted EPS": 1.78,
        "Basic EPS": 1.78,
        "Diluted NI Availto Com Stockholders": 13254000.0,
        "Net Income Common Stockholders": 13254000.0,
        "Net Income": 13254000.0,
        "Net Income Including Noncontrolling Interests": 13254000.0,
        "Net Income Continuous Operations": 13254000.0,
        "Tax Provision": -7297000.0,
        "Pretax Income": 5957000.0,
        "Other Income Expense": 16559000.0,
        "Other Non Operating Income Expenses": -247000.0,
        "Special Income Charges": 28000.0,
        "Gain On Sale Of Ppe": 28000.0,
        "Other Special Charges": NaN,
        "Earnings From Equity Interest": 16494000.0,
        "Gain On Sale Of Security": 284000.0,
        "Net Non Operating Interest Income Expense": -379000.0,
        "Interest Expense Non Operating": 1087000.0,
        "Interest Income Non Operating": 708000.0,
        "Operating Income": -10223000.0,
        "Operating Expense": 20194000.0,
        "Other Operating Expenses": 478000.0,
        "Depreciation Amortization Depletion Income Statement": 167000.0,
        "Depreciation And Amortization In Income Statement": 167000.0,
        "Amortization": 167000.0,
        "Amortization Of Intangibles Income Statement": 167000.0,
        "Selling General And Administration": 19549000.0,
        "Gross Profit": 9971000.0,
        "Cost Of Revenue": 66643000.0,
        "Total Revenue": 76614000.0,
        "Operating Revenue": 76614000.0
    }
}