{
    "2023-03-31": {
        "Tax Effect Of Unusual Items": NaN,
        "Tax Rate For Calcs": NaN,
        "Normalized EBITDA": NaN,
        "Total Unusual Items": NaN,
        "Total Unusual Items Excluding Goodwill": NaN,
        "Net Income From Continuing Operation Net Minority Interest": NaN,
        "Reconciled Depreciation": NaN,
        "EBITDA": NaN,
        "EBIT": NaN,
        "Net Interest Income": NaN,
        "Interest Income": NaN,
        "Normalized Income": NaN,
        "Net Income From Continuing And Discontinued Operation": NaN,
        "Total Expenses": NaN,
        "Total Operating Income As Reported": NaN,
        "Diluted Average Shares": 2095160.0,
        "Basic Average Shares": 2095160.0,
        "Diluted EPS": -3.75,
        "Basic EPS": -3.75,
        "Diluted NI Availto Com Stockholders": NaN,
        "Net Income Common Stockholders": NaN,
        "Net Income": NaN,
        "Net Income Including Noncontrolling Interests": NaN,
        "Net Income Continuous Operations": NaN,
        "Tax Provision": NaN,
        "Pretax Income": NaN,
        "Other Income Expense": NaN,
        "Gain On Sale Of Security": NaN,
        "Net Non Operating Interest Income Expense": NaN,
        "Interest Income Non Operating": NaN,
        "Operating Income": NaN,
        "Operating Expense": NaN,
        "Research And Development": NaN,
        "Selling General And Administration": NaN,
        "General And Administrative Expense": NaN,
        "Other Gand A": NaN,
        "Total Revenue": NaN,
        "Operating Revenue": NaN
    },
    "2022-12-31": {
        "Tax Effect Of Unusual Items": NaN,
        "Tax Rate For Calcs": NaN,
        "Normalized EBITDA": NaN,
        "Total Unusual Items": NaN,
        "Total Unusual Items Excluding Goodwill": NaN,
        "Net Income From Continuing Operation Net Minority Interest": NaN,
        "Reconciled Depreciation": NaN,
        "EBITDA": NaN,
        "EBIT": NaN,
        "Net Interest Income": NaN,
        "Interest Income": NaN,
        "Normalized Income": NaN,
        "Net Income From Continuing And Discontinued Operation": NaN,
        "Total Expenses": NaN,
        "Total Operating Income As Reported": NaN,
        "Diluted Average Shares": 2096414.0,
        "Basic Average Shares": 2096414.0,
        "Diluted EPS": -7.25,
        "Basic EPS": -7.25,
        "Diluted NI Availto Com Stockholders": NaN,
        "Net Income Common Stockholders": NaN,
        "Net Income": NaN,
        "Net Income Including Noncontrolling Interests": NaN,
        "Net Income Continuous Operations": NaN,
        "Tax Provision": NaN,
        "Pretax Income": NaN,
        "Other Income Expense": NaN,
        "Gain On Sale Of Security": NaN,
        "Net Non Operating Interest Income Expense": NaN,
        "Interest Income Non Operating": NaN,
        "Operating Income": NaN,
        "Operating Expense": NaN,
        "Research And Development": NaN,
        "Selling General And Administration": NaN,
        "General And Administrative Expense": NaN,
        "Other Gand A": NaN,
        "Total Revenue": NaN,
        "Operating Revenue": NaN
    },
    "2022-09-30": {
        "Tax Effect Of Unusual Items": 704476.812322,
        "Tax Rate For Calcs": 0.241922,
        "Normalized EBITDA": -11807000.0,
        "Total Unusual Items": 2912000.0,
        "Total Unusual Items Excluding Goodwill": 2912000.0,
        "Net Income From Continuing Operation Net Minority Interest": -4528000.0,
        "Reconciled Depreciation": 206000.0,
        "EBITDA": -8895000.0,
        "EBIT": -9101000.0,
        "Net Interest Income": 216000.0,
        "Interest Income": 216000.0,
        "Normalized Income": -6735523.187678,
        "Net Income From Continuing And Discontinued Operation": -4528000.0,
        "Total Expenses": 9101000.0,
        "Total Operating Income As Reported": -6189000.0,
        "Diluted Average Shares": 52196000.0,
        "Basic Average Shares": 52196000.0,
        "Diluted EPS": -0.09,
        "Basic EPS": -0.09,
        "Diluted NI Availto Com Stockholders": -4528000.0,
        "Net Income Common Stockholders": -4528000.0,
        "Net Income": -4528000.0,
        "Net Income Including Noncontrolling Interests": -4528000.0,
        "Net Income Continuous Operations": -4528000.0,
        "Tax Provision": -1445000.0,
        "Pretax Income": -5973000.0,
        "Other Income Expense": 2912000.0,
        "Special Income Charges": NaN,
        "Impairment Of Capital Assets": NaN,
        "Gain On Sale Of Security": 2912000.0,
        "Net Non Operating Interest Income Expense": 216000.0,
        "Interest Income Non Operating": 216000.0,
        "Operating Income": -9101000.0,
        "Operating Expense": 9101000.0,
        "Research And Development": 7386000.0,
        "Selling General And Administration": 1715000.0,
        "General And Administrative Expense": 1715000.0,
        "Other Gand A": 1715000.0,
        "Total Revenue": 0.0,
        "Operating Revenue": 0.0
    },
    "2022-06-30": {
        "Tax Effect Of Unusual Items": 722362.957137,
        "Tax Rate For Calcs": 0.234762,
        "Normalized EBITDA": -11099000.0,
        "Total Unusual Items": 3077000.0,
        "Total Unusual Items Excluding Goodwill": 3077000.0,
        "Net Income From Continuing Operation Net Minority Interest": -3892000.0,
        "Reconciled Depreciation": 273000.0,
        "EBITDA": -8022000.0,
        "EBIT": -8295000.0,
        "Net Interest Income": 132000.0,
        "Interest Income": 132000.0,
        "Normalized Income": -6246637.042863,
        "Net Income From Continuing And Discontinued Operation": -3892000.0,
        "Total Expenses": 8295000.0,
        "Total Operating Income As Reported": -5218000.0,
        "Diluted Average Shares": 52196000.0,
        "Basic Average Shares": 52196000.0,
        "Diluted EPS": -0.07,
        "Basic EPS": -0.07,
        "Diluted NI Availto Com Stockholders": -3892000.0,
        "Net Income Common Stockholders": -3892000.0,
        "Net Income": -3892000.0,
        "Net Income Including Noncontrolling Interests": -3892000.0,
        "Net Income Continuous Operations": -3892000.0,
        "Tax Provision": -1194000.0,
        "Pretax Income": -5086000.0,
        "Other Income Expense": 3077000.0,
        "Special Income Charges": NaN,
        "Impairment Of Capital Assets": NaN,
        "Gain On Sale Of Security": 3077000.0,
        "Net Non Operating Interest Income Expense": 132000.0,
        "Interest Income Non Operating": 132000.0,
        "Operating Income": -8295000.0,
        "Operating Expense": 8295000.0,
        "Research And Development": 6406000.0,
        "Selling General And Administration": 1889000.0,
        "General And Administrative Expense": 1889000.0,
        "Other Gand A": 1889000.0,
        "Total Revenue": 0.0,
        "Operating Revenue": 0.0
    },
    "2022-03-31": {
        "Diluted EPS": -0.22,
        "Total Revenue": NaN,
        "Gross Profit": NaN,
        "Operating Income": -16,
        "EBIT": -15,
        "Net Income": -11
    },
    "2021-12-31": {
        "Diluted EPS": -0.37,
        "Total Revenue": NaN,
        "Gross Profit": NaN,
        "Operating Income": -21,
        "EBIT": -21,
        "Net Income": -18
    },
    "2021-09-30": {
        "Diluted EPS": -0.21,
        "Total Revenue": NaN,
        "Gross Profit": NaN,
        "Operating Income": -16,
        "EBIT": -15,
        "Net Income": -11
    },
    "2021-06-30": {
        "Diluted EPS": -0.24,
        "Total Revenue": NaN,
        "Gross Profit": NaN,
        "Operating Income": -15,
        "EBIT": -14,
        "Net Income": -13
    },
    "2021-03-31": {
        "Diluted EPS": -0.26,
        "Total Revenue": NaN,
        "Gross Profit": NaN,
        "Operating Income": -15,
        "EBIT": -15,
        "Net Income": -13
    },
    "2020-12-31": {
        "Diluted EPS": -0.34,
        "Total Revenue": NaN,
        "Gross Profit": NaN,
        "Operating Income": -13,
        "EBIT": -13,
        "Net Income": -16
    },
    "2020-09-30": {
        "Diluted EPS": -0.31,
        "Total Revenue": NaN,
        "Gross Profit": NaN,
        "Operating Income": -10,
        "EBIT": -10,
        "Net Income": -11
    },
    "2020-06-30": {
        "Diluted EPS": -0.24,
        "Total Revenue": NaN,
        "Gross Profit": NaN,
        "Operating Income": -9,
        "EBIT": -9,
        "Net Income": -8
    },
    "2020-03-31": {
        "Diluted EPS": -0.15,
        "Total Revenue": NaN,
        "Gross Profit": NaN,
        "Operating Income": -10,
        "EBIT": -9,
        "Net Income": -5
    },
    "2019-12-31": {
        "Diluted EPS": -0.29,
        "Total Revenue": NaN,
        "Gross Profit": NaN,
        "Operating Income": -9,
        "EBIT": -9,
        "Net Income": -10
    },
    "2019-09-30": {
        "Diluted EPS": -0.15,
        "Total Revenue": NaN,
        "Gross Profit": NaN,
        "Operating Income": -8,
        "EBIT": -8,
        "Net Income": -5
    },
    "2019-06-30": {
        "Diluted EPS": -0.18,
        "Total Revenue": NaN,
        "Gross Profit": NaN,
        "Operating Income": -9,
        "EBIT": -9,
        "Net Income": -6
    },
    "2019-03-31": {
        "Diluted EPS": -0.22,
        "Total Revenue": NaN,
        "Gross Profit": NaN,
        "Operating Income": -7,
        "EBIT": -7,
        "Net Income": -7
    },
    "2018-12-31": {
        "Diluted EPS": -0.14,
        "Total Revenue": NaN,
        "Gross Profit": NaN,
        "Operating Income": -8,
        "EBIT": -8,
        "Net Income": -5
    },
    "2018-09-30": {
        "Diluted EPS": -0.1,
        "Total Revenue": NaN,
        "Gross Profit": NaN,
        "Operating Income": -6,
        "EBIT": -5,
        "Net Income": -3
    },
    "2018-06-30": {
        "Diluted EPS": -0.05,
        "Total Revenue": NaN,
        "Gross Profit": NaN,
        "Operating Income": -9,
        "EBIT": -9,
        "Net Income": -2
    },
    "2018-03-31": {
        "Diluted EPS": -0.28,
        "Total Revenue": NaN,
        "Gross Profit": NaN,
        "Operating Income": -7,
        "EBIT": -7,
        "Net Income": -9
    },
    "2017-12-31": {
        "Diluted EPS": 0.0,
        "Total Revenue": NaN,
        "Gross Profit": NaN,
        "Operating Income": NaN,
        "EBIT": NaN,
        "Net Income": NaN
    },
    "2017-06-30": {
        "Diluted EPS": 0.0,
        "Total Revenue": NaN,
        "Gross Profit": NaN,
        "Operating Income": NaN,
        "Net Income": NaN
    },
    "2016-12-31": {
        "Diluted EPS": 0.0,
        "Total Revenue": NaN,
        "Gross Profit": NaN,
        "Operating Income": NaN,
        "EBIT": NaN,
        "Net Income": NaN
    },
    "2023-06-30": {
        "Tax Effect Of Unusual Items": NaN,
        "Tax Rate For Calcs": NaN,
        "Normalized EBITDA": NaN,
        "Total Unusual Items": NaN,
        "Total Unusual Items Excluding Goodwill": NaN,
        "Net Income From Continuing Operation Net Minority Interest": NaN,
        "Reconciled Depreciation": NaN,
        "EBITDA": NaN,
        "EBIT": NaN,
        "Net Interest Income": NaN,
        "Interest Income": NaN,
        "Normalized Income": NaN,
        "Net Income From Continuing And Discontinued Operation": NaN,
        "Total Expenses": NaN,
        "Total Operating Income As Reported": NaN,
        "Diluted Average Shares": 2095560.0,
        "Basic Average Shares": 2095560.0,
        "Diluted EPS": -2.5,
        "Basic EPS": -2.5,
        "Diluted NI Availto Com Stockholders": NaN,
        "Net Income Common Stockholders": NaN,
        "Net Income": NaN,
        "Net Income Including Noncontrolling Interests": NaN,
        "Net Income Continuous Operations": NaN,
        "Tax Provision": NaN,
        "Pretax Income": NaN,
        "Other Income Expense": NaN,
        "Gain On Sale Of Security": NaN,
        "Net Non Operating Interest Income Expense": NaN,
        "Interest Income Non Operating": NaN,
        "Operating Income": NaN,
        "Operating Expense": NaN,
        "Research And Development": NaN,
        "Selling General And Administration": NaN,
        "General And Administrative Expense": NaN,
        "Other Gand A": NaN,
        "Total Revenue": NaN,
        "Operating Revenue": NaN
    },
    "2023-09-30": {
        "Tax Effect Of Unusual Items": NaN,
        "Tax Rate For Calcs": NaN,
        "Normalized EBITDA": NaN,
        "Total Unusual Items": NaN,
        "Total Unusual Items Excluding Goodwill": NaN,
        "Net Income From Continuing Operation Net Minority Interest": NaN,
        "Reconciled Depreciation": NaN,
        "EBITDA": NaN,
        "EBIT": NaN,
        "Net Interest Income": NaN,
        "Interest Income": NaN,
        "Normalized Income": NaN,
        "Net Income From Continuing And Discontinued Operation": NaN,
        "Total Expenses": NaN,
        "Total Operating Income As Reported": NaN,
        "Diluted Average Shares": 2106800.0,
        "Basic Average Shares": 2106800.0,
        "Diluted EPS": -3.25,
        "Basic EPS": -3.25,
        "Diluted NI Availto Com Stockholders": NaN,
        "Net Income Common Stockholders": NaN,
        "Net Income": NaN,
        "Net Income Including Noncontrolling Interests": NaN,
        "Net Income Continuous Operations": NaN,
        "Tax Provision": NaN,
        "Pretax Income": NaN,
        "Other Income Expense": NaN,
        "Gain On Sale Of Security": NaN,
        "Net Non Operating Interest Income Expense": NaN,
        "Interest Income Non Operating": NaN,
        "Operating Income": NaN,
        "Operating Expense": NaN,
        "Research And Development": NaN,
        "Selling General And Administration": NaN,
        "General And Administrative Expense": NaN,
        "Other Gand A": NaN,
        "Total Revenue": NaN,
        "Operating Revenue": NaN
    },
    "2023-12-31": {
        "Tax Effect Of Unusual Items": -141028.985507,
        "Tax Rate For Calcs": 0.1466,
        "Normalized EBITDA": NaN,
        "Total Unusual Items": -962000.0,
        "Total Unusual Items Excluding Goodwill": -962000.0,
        "Net Income From Continuing Operation Net Minority Interest": -7655000.0,
        "Reconciled Depreciation": 141000.0,
        "EBITDA": -8004000.0,
        "EBIT": -8145000.0,
        "Net Interest Income": 137000.0,
        "Interest Income": 137000.0,
        "Normalized Income": -6834028.985507,
        "Net Income From Continuing And Discontinued Operation": -7655000.0,
        "Total Expenses": 8145000.0,
        "Total Operating Income As Reported": -9107000.0,
        "Diluted Average Shares": NaN,
        "Basic Average Shares": NaN,
        "Diluted EPS": NaN,
        "Basic EPS": NaN,
        "Diluted NI Availto Com Stockholders": -7655000.0,
        "Net Income Common Stockholders": -7655000.0,
        "Net Income": -7655000.0,
        "Net Income Including Noncontrolling Interests": -7655000.0,
        "Net Income Continuous Operations": -7655000.0,
        "Tax Provision": -1315000.0,
        "Pretax Income": -8970000.0,
        "Other Income Expense": -962000.0,
        "Gain On Sale Of Security": -459000.0,
        "Net Non Operating Interest Income Expense": 137000.0,
        "Interest Income Non Operating": 137000.0,
        "Operating Income": -8145000.0,
        "Operating Expense": 8145000.0,
        "Research And Development": 6859000.0,
        "Selling General And Administration": 1286000.0,
        "General And Administrative Expense": 1286000.0,
        "Other Gand A": NaN,
        "Total Revenue": 0.0,
        "Operating Revenue": 0.0
    },
    "2024-03-31": {
        "Tax Effect Of Unusual Items": 15224.732899,
        "Tax Rate For Calcs": 0.16026,
        "Normalized EBITDA": -8323000.0,
        "Total Unusual Items": 95000.0,
        "Total Unusual Items Excluding Goodwill": 95000.0,
        "Net Income From Continuing Operation Net Minority Interest": -6838000.0,
        "Reconciled Depreciation": 136000.0,
        "EBITDA": -8228000.0,
        "EBIT": -8364000.0,
        "Net Interest Income": 126000.0,
        "Interest Income": 126000.0,
        "Normalized Income": -6917775.267101,
        "Net Income From Continuing And Discontinued Operation": -6838000.0,
        "Total Expenses": 8364000.0,
        "Total Operating Income As Reported": -8269000.0,
        "Diluted Average Shares": 2143080.0,
        "Basic Average Shares": 2143080.0,
        "Diluted EPS": -3.25,
        "Basic EPS": -3.25,
        "Diluted NI Availto Com Stockholders": -6838000.0,
        "Net Income Common Stockholders": -6838000.0,
        "Net Income": -6838000.0,
        "Net Income Including Noncontrolling Interests": -6838000.0,
        "Net Income Continuous Operations": -6838000.0,
        "Tax Provision": -1305000.0,
        "Pretax Income": -8143000.0,
        "Other Income Expense": 95000.0,
        "Gain On Sale Of Security": 95000.0,
        "Net Non Operating Interest Income Expense": 126000.0,
        "Interest Income Non Operating": 126000.0,
        "Operating Income": -8364000.0,
        "Operating Expense": 8364000.0,
        "Research And Development": 6783000.0,
        "Selling General And Administration": 1581000.0,
        "General And Administrative Expense": 1581000.0,
        "Other Gand A": 1581000.0,
        "Total Revenue": 0.0,
        "Operating Revenue": 0.0
    },
    "2024-06-30": {
        "Tax Effect Of Unusual Items": -11385.9925,
        "Tax Rate For Calcs": 0.153865,
        "Normalized EBITDA": -8068000.0,
        "Total Unusual Items": -74000.0,
        "Total Unusual Items Excluding Goodwill": -74000.0,
        "Net Income From Continuing Operation Net Minority Interest": -6995000.0,
        "Reconciled Depreciation": 136000.0,
        "EBITDA": -8142000.0,
        "EBIT": -8278000.0,
        "Net Interest Income": 85000.0,
        "Interest Income": 85000.0,
        "Normalized Income": -6932385.9925,
        "Net Income From Continuing And Discontinued Operation": -6995000.0,
        "Total Expenses": 8278000.0,
        "Total Operating Income As Reported": -8352000.0,
        "Diluted Average Shares": 283300.0,
        "Basic Average Shares": 283300.0,
        "Diluted EPS": -25.0,
        "Basic EPS": -25.0,
        "Diluted NI Availto Com Stockholders": -6995000.0,
        "Net Income Common Stockholders": -6995000.0,
        "Net Income": -6995000.0,
        "Net Income Including Noncontrolling Interests": -6995000.0,
        "Net Income Continuous Operations": -6995000.0,
        "Tax Provision": -1272000.0,
        "Pretax Income": -8267000.0,
        "Other Income Expense": -74000.0,
        "Gain On Sale Of Security": -74000.0,
        "Net Non Operating Interest Income Expense": 85000.0,
        "Interest Income Non Operating": 85000.0,
        "Operating Income": -8278000.0,
        "Operating Expense": 8278000.0,
        "Research And Development": 6769000.0,
        "Selling General And Administration": 1509000.0,
        "General And Administrative Expense": 1509000.0,
        "Other Gand A": 1509000.0,
        "Total Revenue": 0.0,
        "Operating Revenue": 0.0
    },
    "2024-09-30": {
        "Tax Effect Of Unusual Items": -32271.9482,
        "Tax Rate For Calcs": 0.140926,
        "Normalized EBITDA": -4730000.0,
        "Total Unusual Items": -229000.0,
        "Total Unusual Items Excluding Goodwill": -229000.0,
        "Net Income From Continuing Operation Net Minority Interest": -4511000.0,
        "Reconciled Depreciation": 135000.0,
        "EBITDA": -4959000.0,
        "EBIT": -5094000.0,
        "Net Interest Income": 72000.0,
        "Interest Income": 72000.0,
        "Normalized Income": -4314271.9482,
        "Net Income From Continuing And Discontinued Operation": -4511000.0,
        "Total Expenses": 5094000.0,
        "Total Operating Income As Reported": -5323000.0,
        "Diluted Average Shares": 12083.0,
        "Basic Average Shares": 12083.0,
        "Diluted EPS": -350.0,
        "Basic EPS": -350.0,
        "Diluted NI Availto Com Stockholders": -4511000.0,
        "Net Income Common Stockholders": -4511000.0,
        "Net Income": -4511000.0,
        "Net Income Including Noncontrolling Interests": -4511000.0,
        "Net Income Continuous Operations": -4511000.0,
        "Tax Provision": -740000.0,
        "Pretax Income": -5251000.0,
        "Other Income Expense": -229000.0,
        "Other Non Operating Income Expenses": NaN,
        "Special Income Charges": 0.0,
        "Other Special Charges": NaN,
        "Gain On Sale Of Security": -229000.0,
        "Net Non Operating Interest Income Expense": 72000.0,
        "Interest Income Non Operating": 72000.0,
        "Operating Income": -5094000.0,
        "Operating Expense": 5094000.0,
        "Research And Development": 3736000.0,
        "Selling General And Administration": 1358000.0,
        "General And Administrative Expense": 1358000.0,
        "Other Gand A": 1358000.0,
        "Total Revenue": 0.0,
        "Operating Revenue": 0.0
    },
    "2024-12-31": {
        "Tax Effect Of Unusual Items": 70060.759494,
        "Tax Rate For Calcs": 0.173418,
        "Normalized EBITDA": -1558000.0,
        "Total Unusual Items": 404000.0,
        "Total Unusual Items Excluding Goodwill": 404000.0,
        "Net Income From Continuing Operation Net Minority Interest": -653000.0,
        "Reconciled Depreciation": 115000.0,
        "EBITDA": -1154000.0,
        "EBIT": -1269000.0,
        "Net Interest Income": 75000.0,
        "Interest Income": 75000.0,
        "Normalized Income": -986939.240506,
        "Net Income From Continuing And Discontinued Operation": -653000.0,
        "Total Expenses": 1269000.0,
        "Total Operating Income As Reported": -865000.0,
        "Diluted Average Shares": 28307.0,
        "Basic Average Shares": 28307.0,
        "Diluted EPS": -50.0,
        "Basic EPS": -50.0,
        "Diluted NI Availto Com Stockholders": -653000.0,
        "Net Income Common Stockholders": -653000.0,
        "Net Income": -653000.0,
        "Net Income Including Noncontrolling Interests": -653000.0,
        "Net Income Continuous Operations": -653000.0,
        "Tax Provision": -137000.0,
        "Pretax Income": -790000.0,
        "Other Income Expense": 404000.0,
        "Other Non Operating Income Expenses": NaN,
        "Special Income Charges": NaN,
        "Other Special Charges": NaN,
        "Gain On Sale Of Security": 437000.0,
        "Net Non Operating Interest Income Expense": 75000.0,
        "Interest Income Non Operating": 75000.0,
        "Operating Income": -1269000.0,
        "Operating Expense": 1269000.0,
        "Research And Development": 729000.0,
        "Selling General And Administration": 540000.0,
        "General And Administrative Expense": 540000.0,
        "Other Gand A": 540000.0,
        "Total Revenue": 0.0,
        "Operating Revenue": 0.0
    },
    "2025-03-31": {
        "Tax Effect Of Unusual Items": -7369.780609,
        "Tax Rate For Calcs": 0.124912,
        "Normalized EBITDA": -2666000.0,
        "Total Unusual Items": -59000.0,
        "Total Unusual Items Excluding Goodwill": -59000.0,
        "Net Income From Continuing Operation Net Minority Interest": -2473000.0,
        "Reconciled Depreciation": 67000.0,
        "EBITDA": -2725000.0,
        "EBIT": -2792000.0,
        "Net Interest Income": 25000.0,
        "Interest Income": 25000.0,
        "Normalized Income": -2421369.780609,
        "Net Income From Continuing And Discontinued Operation": -2473000.0,
        "Total Expenses": 2792000.0,
        "Total Operating Income As Reported": -2851000.0,
        "Diluted Average Shares": 30360.0,
        "Basic Average Shares": 30360.0,
        "Diluted EPS": -100.0,
        "Basic EPS": -100.0,
        "Diluted NI Availto Com Stockholders": -2473000.0,
        "Net Income Common Stockholders": -2473000.0,
        "Net Income": -2473000.0,
        "Net Income Including Noncontrolling Interests": -2473000.0,
        "Net Income Continuous Operations": -2473000.0,
        "Tax Provision": -353000.0,
        "Pretax Income": -2826000.0,
        "Other Income Expense": -59000.0,
        "Other Non Operating Income Expenses": NaN,
        "Special Income Charges": NaN,
        "Other Special Charges": NaN,
        "Gain On Sale Of Security": -59000.0,
        "Net Non Operating Interest Income Expense": 25000.0,
        "Interest Income Non Operating": 25000.0,
        "Operating Income": -2792000.0,
        "Operating Expense": 2792000.0,
        "Research And Development": 1725000.0,
        "Selling General And Administration": 1067000.0,
        "General And Administrative Expense": 1067000.0,
        "Other Gand A": 1067000.0,
        "Total Revenue": 0.0,
        "Operating Revenue": 0.0
    },
    "2025-06-30": {
        "Tax Effect Of Unusual Items": -172440.880452,
        "Tax Rate For Calcs": 0.01342,
        "Normalized EBITDA": 1292000.0,
        "Total Unusual Items": -12850000.0,
        "Total Unusual Items Excluding Goodwill": -12850000.0,
        "Net Income From Continuing Operation Net Minority Interest": -24114000.0,
        "Reconciled Depreciation": 69000.0,
        "EBITDA": -11558000.0,
        "EBIT": -11627000.0,
        "Net Interest Income": 35000.0,
        "Interest Income": 35000.0,
        "Normalized Income": -11436440.880452,
        "Net Income From Continuing And Discontinued Operation": -24114000.0,
        "Total Expenses": 11627000.0,
        "Total Operating Income As Reported": -11829000.0,
        "Diluted Average Shares": 1034675.0,
        "Basic Average Shares": 1034675.0,
        "Diluted EPS": 0.0,
        "Basic EPS": 0.0,
        "Diluted NI Availto Com Stockholders": -24114000.0,
        "Net Income Common Stockholders": -24114000.0,
        "Net Income": -24114000.0,
        "Net Income Including Noncontrolling Interests": -24114000.0,
        "Net Income Continuous Operations": -24114000.0,
        "Tax Provision": -328000.0,
        "Pretax Income": -24442000.0,
        "Other Income Expense": -12850000.0,
        "Other Non Operating Income Expenses": NaN,
        "Special Income Charges": NaN,
        "Other Special Charges": NaN,
        "Gain On Sale Of Security": -12850000.0,
        "Net Non Operating Interest Income Expense": 35000.0,
        "Interest Income Non Operating": 35000.0,
        "Operating Income": -11627000.0,
        "Operating Expense": 11627000.0,
        "Research And Development": 7104000.0,
        "Selling General And Administration": 4523000.0,
        "General And Administrative Expense": 4523000.0,
        "Other Gand A": 4523000.0,
        "Total Revenue": 0.0,
        "Operating Revenue": 0.0
    },
    "2025-09-30": {
        "Tax Effect Of Unusual Items": 235250.0,
        "Tax Rate For Calcs": 0.25,
        "Normalized EBITDA": -4443000.0,
        "Total Unusual Items": 941000.0,
        "Total Unusual Items Excluding Goodwill": 941000.0,
        "Net Income From Continuing Operation Net Minority Interest": -281000.0,
        "Reconciled Depreciation": 69000.0,
        "EBITDA": -3502000.0,
        "EBIT": -3571000.0,
        "Net Interest Income": 153000.0,
        "Interest Income": 153000.0,
        "Normalized Income": -986750.0,
        "Net Income From Continuing And Discontinued Operation": -281000.0,
        "Total Expenses": 3571000.0,
        "Total Operating Income As Reported": -779000.0,
        "Diluted Average Shares": 3696867.0,
        "Basic Average Shares": 3696867.0,
        "Diluted EPS": 0.0,
        "Basic EPS": 0.0,
        "Diluted NI Availto Com Stockholders": -281000.0,
        "Net Income Common Stockholders": -281000.0,
        "Net Income": -281000.0,
        "Net Income Including Noncontrolling Interests": -281000.0,
        "Net Income Continuous Operations": -281000.0,
        "Tax Provision": -345000.0,
        "Pretax Income": -626000.0,
        "Other Income Expense": 2792000.0,
        "Other Non Operating Income Expenses": 1851000.0,
        "Special Income Charges": 841000.0,
        "Other Special Charges": -841000.0,
        "Gain On Sale Of Security": 100000.0,
        "Net Non Operating Interest Income Expense": 153000.0,
        "Interest Income Non Operating": 153000.0,
        "Operating Income": -3571000.0,
        "Operating Expense": 3571000.0,
        "Research And Development": 2172000.0,
        "Selling General And Administration": 1399000.0,
        "General And Administrative Expense": 1399000.0,
        "Other Gand A": 1399000.0,
        "Total Revenue": 0.0,
        "Operating Revenue": 0.0
    }
}