{
    "2023-03-31": {
        "Tax Effect Of Unusual Items": 0.0,
        "Tax Rate For Calcs": 0.4,
        "Normalized EBITDA": 258000000.0,
        "Total Unusual Items": NaN,
        "Total Unusual Items Excluding Goodwill": NaN,
        "Net Income From Continuing Operation Net Minority Interest": 9000000.0,
        "Reconciled Depreciation": 151000000.0,
        "Reconciled Cost Of Revenue": 1425000000.0,
        "EBITDA": 258000000.0,
        "EBIT": 107000000.0,
        "Net Interest Income": -83000000.0,
        "Interest Expense": 83000000.0,
        "Interest Income": 3000000.0,
        "Normalized Income": 9000000.0,
        "Net Income From Continuing And Discontinued Operation": 9000000.0,
        "Total Expenses": 1781000000.0,
        "Total Operating Income As Reported": 110000000.0,
        "Diluted Average Shares": 141700000.0,
        "Basic Average Shares": 139600000.0,
        "Diluted EPS": 0.04,
        "Basic EPS": 0.04,
        "Diluted NI Availto Com Stockholders": 5000000.0,
        "Net Income Common Stockholders": 5000000.0,
        "Preferred Stock Dividends": 4000000.0,
        "Net Income": 9000000.0,
        "Minority Interests": -1000000.0,
        "Net Income Including Noncontrolling Interests": 10000000.0,
        "Net Income Discontinuous Operations": 0.0,
        "Net Income Continuous Operations": 10000000.0,
        "Tax Provision": 14000000.0,
        "Pretax Income": 24000000.0,
        "Other Income Expense": -3000000.0,
        "Other Non Operating Income Expenses": -3000000.0,
        "Special Income Charges": NaN,
        "Gain On Sale Of Security": NaN,
        "Net Non Operating Interest Income Expense": -83000000.0,
        "Total Other Finance Cost": 5000000.0,
        "Interest Expense Non Operating": 83000000.0,
        "Interest Income Non Operating": 3000000.0,
        "Operating Income": 110000000.0,
        "Operating Expense": 356000000.0,
        "Research And Development": 64000000.0,
        "Selling General And Administration": 292000000.0,
        "General And Administrative Expense": 292000000.0,
        "Other Gand A": 292000000.0,
        "Salaries And Wages": 0.0,
        "Gross Profit": 466000000.0,
        "Cost Of Revenue": 1425000000.0,
        "Total Revenue": 1891000000.0,
        "Operating Revenue": 1891000000.0
    },
    "2022-12-31": {
        "Tax Effect Of Unusual Items": 0.0,
        "Tax Rate For Calcs": 0.4,
        "Normalized EBITDA": 323000000.0,
        "Total Unusual Items": 0.0,
        "Total Unusual Items Excluding Goodwill": 0.0,
        "Net Income From Continuing Operation Net Minority Interest": -7000000.0,
        "Reconciled Depreciation": 159000000.0,
        "Reconciled Cost Of Revenue": 1524000000.0,
        "EBITDA": 323000000.0,
        "EBIT": 164000000.0,
        "Net Interest Income": -81000000.0,
        "Interest Expense": 81000000.0,
        "Interest Income": 7000000.0,
        "Normalized Income": -7000000.0,
        "Net Income From Continuing And Discontinued Operation": -16000000.0,
        "Total Expenses": 1843000000.0,
        "Total Operating Income As Reported": 166000000.0,
        "Diluted Average Shares": 142100000.0,
        "Basic Average Shares": 137600000.0,
        "Diluted EPS": -0.15,
        "Basic EPS": -0.15,
        "Diluted NI Availto Com Stockholders": -20000000.0,
        "Net Income Common Stockholders": -20000000.0,
        "Preferred Stock Dividends": 4000000.0,
        "Net Income": -16000000.0,
        "Minority Interests": 2000000.0,
        "Net Income Including Noncontrolling Interests": -18000000.0,
        "Net Income Discontinuous Operations": -9000000.0,
        "Net Income Continuous Operations": -9000000.0,
        "Tax Provision": 92000000.0,
        "Pretax Income": 83000000.0,
        "Other Income Expense": -2000000.0,
        "Other Non Operating Income Expenses": -2000000.0,
        "Special Income Charges": 0.0,
        "Gain On Sale Of Security": 3000000.0,
        "Net Non Operating Interest Income Expense": -81000000.0,
        "Total Other Finance Cost": 1000000.0,
        "Interest Expense Non Operating": 81000000.0,
        "Interest Income Non Operating": 7000000.0,
        "Operating Income": 166000000.0,
        "Operating Expense": 319000000.0,
        "Research And Development": 53000000.0,
        "Selling General And Administration": 266000000.0,
        "General And Administrative Expense": 266000000.0,
        "Other Gand A": 266000000.0,
        "Salaries And Wages": -2000000.0,
        "Gross Profit": 485000000.0,
        "Cost Of Revenue": 1524000000.0,
        "Total Revenue": 2009000000.0,
        "Operating Revenue": 2009000000.0
    },
    "2022-09-30": {
        "Tax Effect Of Unusual Items": 0.0,
        "Tax Rate For Calcs": 0.383929,
        "Normalized EBITDA": 338000000.0,
        "Total Unusual Items": 0.0,
        "Total Unusual Items Excluding Goodwill": 0.0,
        "Net Income From Continuing Operation Net Minority Interest": 69000000.0,
        "Reconciled Depreciation": 152000000.0,
        "Reconciled Cost Of Revenue": 1479000000.0,
        "EBITDA": 338000000.0,
        "EBIT": 186000000.0,
        "Net Interest Income": -74000000.0,
        "Interest Expense": 74000000.0,
        "Interest Income": 3000000.0,
        "Normalized Income": 69000000.0,
        "Net Income From Continuing And Discontinued Operation": 69000000.0,
        "Total Expenses": 1785000000.0,
        "Total Operating Income As Reported": 187000000.0,
        "Diluted Average Shares": 140300000.0,
        "Basic Average Shares": 137000000.0,
        "Diluted EPS": 0.46,
        "Basic EPS": 0.47,
        "Diluted NI Availto Com Stockholders": 65000000.0,
        "Net Income Common Stockholders": 65000000.0,
        "Preferred Stock Dividends": 4000000.0,
        "Net Income": 69000000.0,
        "Minority Interests": 0.0,
        "Net Income Including Noncontrolling Interests": 69000000.0,
        "Net Income Discontinuous Operations": 0.0,
        "Net Income Continuous Operations": 69000000.0,
        "Tax Provision": 43000000.0,
        "Pretax Income": 112000000.0,
        "Other Income Expense": -1000000.0,
        "Other Non Operating Income Expenses": -1000000.0,
        "Special Income Charges": 0.0,
        "Gain On Sale Of Security": -13000000.0,
        "Net Non Operating Interest Income Expense": -74000000.0,
        "Total Other Finance Cost": 3000000.0,
        "Interest Expense Non Operating": 74000000.0,
        "Interest Income Non Operating": 3000000.0,
        "Operating Income": 187000000.0,
        "Operating Expense": 306000000.0,
        "Research And Development": 22000000.0,
        "Selling General And Administration": 284000000.0,
        "General And Administrative Expense": 284000000.0,
        "Other Gand A": 284000000.0,
        "Salaries And Wages": -10000000.0,
        "Gross Profit": 493000000.0,
        "Cost Of Revenue": 1479000000.0,
        "Total Revenue": 1972000000.0,
        "Operating Revenue": 1972000000.0
    },
    "2022-06-30": {
        "Tax Effect Of Unusual Items": 0.0,
        "Tax Rate For Calcs": 0.0,
        "Normalized EBITDA": 256000000.0,
        "Total Unusual Items": -7000000.0,
        "Total Unusual Items Excluding Goodwill": -7000000.0,
        "Net Income From Continuing Operation Net Minority Interest": 35000000.0,
        "Reconciled Depreciation": 152000000.0,
        "Reconciled Cost Of Revenue": 1526000000.0,
        "EBITDA": 256000000.0,
        "EBIT": 104000000.0,
        "Net Interest Income": -67000000.0,
        "Interest Expense": 67000000.0,
        "Interest Income": 2000000.0,
        "Normalized Income": 35000000.0,
        "Net Income From Continuing And Discontinued Operation": 41000000.0,
        "Total Expenses": 1894000000.0,
        "Total Operating Income As Reported": 103000000.0,
        "Diluted Average Shares": 140800000.0,
        "Basic Average Shares": 136600000.0,
        "Diluted EPS": 0.26,
        "Basic EPS": 0.27,
        "Diluted NI Availto Com Stockholders": 37000000.0,
        "Net Income Common Stockholders": 37000000.0,
        "Preferred Stock Dividends": 4000000.0,
        "Net Income": 41000000.0,
        "Minority Interests": -2000000.0,
        "Net Income Including Noncontrolling Interests": 43000000.0,
        "Net Income Discontinuous Operations": 6000000.0,
        "Net Income Continuous Operations": 37000000.0,
        "Tax Provision": 0.0,
        "Pretax Income": 37000000.0,
        "Other Income Expense": 1000000.0,
        "Other Non Operating Income Expenses": 1000000.0,
        "Special Income Charges": NaN,
        "Gain On Sale Of Security": -7000000.0,
        "Net Non Operating Interest Income Expense": -67000000.0,
        "Total Other Finance Cost": 3000000.0,
        "Interest Expense Non Operating": 67000000.0,
        "Interest Income Non Operating": 2000000.0,
        "Operating Income": 103000000.0,
        "Operating Expense": 368000000.0,
        "Research And Development": 59000000.0,
        "Selling General And Administration": 309000000.0,
        "General And Administrative Expense": 309000000.0,
        "Other Gand A": 309000000.0,
        "Salaries And Wages": -10000000.0,
        "Gross Profit": 471000000.0,
        "Cost Of Revenue": 1526000000.0,
        "Total Revenue": 1997000000.0,
        "Operating Revenue": 1997000000.0
    },
    "2023-06-30": {
        "Tax Effect Of Unusual Items": -4000000.0,
        "Tax Rate For Calcs": 0.4,
        "Normalized EBITDA": 305000000.0,
        "Total Unusual Items": -10000000.0,
        "Total Unusual Items Excluding Goodwill": -10000000.0,
        "Net Income From Continuing Operation Net Minority Interest": 20000000.0,
        "Reconciled Depreciation": 155000000.0,
        "Reconciled Cost Of Revenue": 1448000000.0,
        "EBITDA": 295000000.0,
        "EBIT": 140000000.0,
        "Net Interest Income": -96000000.0,
        "Interest Expense": 91000000.0,
        "Interest Income": 3000000.0,
        "Normalized Income": 26000000.0,
        "Net Income From Continuing And Discontinued Operation": 19000000.0,
        "Total Expenses": 1838000000.0,
        "Total Operating Income As Reported": 148000000.0,
        "Diluted Average Shares": 141900000.0,
        "Basic Average Shares": 140400000.0,
        "Diluted EPS": 0.11,
        "Basic EPS": 0.11,
        "Diluted NI Availto Com Stockholders": 15000000.0,
        "Net Income Common Stockholders": 15000000.0,
        "Preferred Stock Dividends": 4000000.0,
        "Net Income": 19000000.0,
        "Minority Interests": 1000000.0,
        "Net Income Including Noncontrolling Interests": 18000000.0,
        "Net Income Discontinuous Operations": -1000000.0,
        "Net Income Continuous Operations": 19000000.0,
        "Tax Provision": 30000000.0,
        "Pretax Income": 49000000.0,
        "Other Income Expense": -3000000.0,
        "Other Non Operating Income Expenses": 7000000.0,
        "Special Income Charges": NaN,
        "Gain On Sale Of Security": -10000000.0,
        "Net Non Operating Interest Income Expense": -96000000.0,
        "Total Other Finance Cost": 8000000.0,
        "Interest Expense Non Operating": 91000000.0,
        "Interest Income Non Operating": 3000000.0,
        "Operating Income": 148000000.0,
        "Operating Expense": 390000000.0,
        "Research And Development": 57000000.0,
        "Selling General And Administration": 333000000.0,
        "General And Administrative Expense": 333000000.0,
        "Other Gand A": 333000000.0,
        "Salaries And Wages": 0.0,
        "Gross Profit": 538000000.0,
        "Cost Of Revenue": 1448000000.0,
        "Total Revenue": 1986000000.0,
        "Operating Revenue": 1986000000.0
    },
    "2022-03-31": {
        "Diluted EPS": -0.28,
        "Total Revenue": NaN,
        "Gross Profit": 411,
        "Operating Income": 33,
        "EBIT": 180,
        "Net Income": -38
    },
    "2021-12-31": {
        "Diluted EPS": 0.43,
        "Total Revenue": NaN,
        "Gross Profit": 503,
        "Operating Income": 123,
        "EBIT": 276,
        "Net Income": 60
    },
    "2021-09-30": {
        "Diluted EPS": 0.06,
        "Total Revenue": NaN,
        "Gross Profit": 520,
        "Operating Income": 157,
        "EBIT": 309,
        "Net Income": 8
    },
    "2021-06-30": {
        "Diluted EPS": -0.1,
        "Total Revenue": NaN,
        "Gross Profit": 456,
        "Operating Income": 84,
        "EBIT": 204,
        "Net Income": -13
    },
    "2021-03-31": {
        "Diluted EPS": 0.19,
        "Total Revenue": NaN,
        "Gross Profit": 414,
        "Operating Income": 110,
        "EBIT": 202,
        "Net Income": 26
    },
    "2020-12-31": {
        "Diluted EPS": -1.62,
        "Total Revenue": NaN,
        "Gross Profit": 328,
        "Operating Income": -63,
        "EBIT": 32,
        "Net Income": -209
    },
    "2020-09-30": {
        "Diluted EPS": 0.19,
        "Total Revenue": NaN,
        "Gross Profit": 427,
        "Operating Income": 118,
        "EBIT": 211,
        "Net Income": 25
    },
    "2020-06-30": {
        "Diluted EPS": 0.44,
        "Total Revenue": NaN,
        "Gross Profit": 372,
        "Operating Income": 89,
        "EBIT": 178,
        "Net Income": 57
    },
    "2020-03-31": {
        "Diluted EPS": 0.13,
        "Total Revenue": NaN,
        "Gross Profit": 397,
        "Operating Income": 77,
        "EBIT": 164,
        "Net Income": 17
    },
    "2019-12-31": {
        "Diluted EPS": 2.49,
        "Total Revenue": NaN,
        "Gross Profit": 532,
        "Operating Income": 182,
        "EBIT": 266,
        "Net Income": 453
    },
    "2019-09-30": {
        "Diluted EPS": 0.09,
        "Total Revenue": NaN,
        "Gross Profit": 507,
        "Operating Income": 172,
        "EBIT": 261,
        "Net Income": 11
    },
    "2019-06-30": {
        "Diluted EPS": 0.58,
        "Total Revenue": NaN,
        "Gross Profit": 471,
        "Operating Income": 157,
        "EBIT": 236,
        "Net Income": 76
    },
    "2019-03-31": {
        "Diluted EPS": 0.2,
        "Total Revenue": NaN,
        "Gross Profit": 411,
        "Operating Income": 100,
        "EBIT": 181,
        "Net Income": 24
    },
    "2018-12-31": {
        "Diluted EPS": -0.45,
        "Total Revenue": NaN,
        "Gross Profit": 442,
        "Operating Income": 63,
        "EBIT": -49,
        "Net Income": -11
    },
    "2018-09-30": {
        "Diluted EPS": 0.56,
        "Total Revenue": NaN,
        "Gross Profit": 410,
        "Operating Income": 125,
        "EBIT": 396,
        "Net Income": 72
    },
    "2018-06-30": {
        "Diluted EPS": -1.33,
        "Total Revenue": NaN,
        "Gross Profit": 403,
        "Operating Income": -106,
        "EBIT": -21,
        "Net Income": -157
    },
    "2018-03-31": {
        "Diluted EPS": 0.06,
        "Total Revenue": NaN,
        "Gross Profit": 420,
        "Operating Income": 109,
        "EBIT": 195,
        "Net Income": 8
    },
    "2017-12-31": {
        "Diluted EPS": -0.33,
        "Total Revenue": NaN,
        "Gross Profit": 510,
        "Operating Income": 202,
        "EBIT": 293,
        "Net Income": 41
    },
    "2017-09-30": {
        "Diluted EPS": 0.77,
        "Total Revenue": NaN,
        "Gross Profit": 472,
        "Operating Income": 199,
        "EBIT": 290,
        "Net Income": 118
    },
    "2017-06-30": {
        "Diluted EPS": 0.67,
        "Total Revenue": NaN,
        "Gross Profit": 461,
        "Operating Income": 175,
        "EBIT": 262,
        "Net Income": 90
    },
    "2017-03-31": {
        "Diluted EPS": -0.14,
        "Total Revenue": NaN,
        "Gross Profit": 412,
        "Operating Income": 115,
        "EBIT": 200,
        "Net Income": -17
    },
    "2016-12-31": {
        "Diluted EPS": 0.38,
        "Total Revenue": NaN,
        "Gross Profit": 515,
        "Operating Income": 221,
        "EBIT": 306,
        "Net Income": 94
    },
    "2016-09-30": {
        "Diluted EPS": 0.68,
        "Total Revenue": NaN,
        "Gross Profit": 477,
        "Operating Income": 189,
        "EBIT": 273,
        "Net Income": 92
    },
    "2016-06-30": {
        "Diluted EPS": 0.49,
        "Total Revenue": NaN,
        "Gross Profit": 446,
        "Operating Income": 163,
        "EBIT": 249,
        "Net Income": 63
    },
    "2016-03-31": {
        "Diluted EPS": 0.16,
        "Total Revenue": NaN,
        "Gross Profit": 380,
        "Operating Income": 101,
        "EBIT": 190,
        "Net Income": 21
    },
    "2015-12-31": {
        "Diluted EPS": 0.14,
        "Total Revenue": NaN,
        "Gross Profit": 476,
        "Operating Income": 138,
        "EBIT": 217,
        "Net Income": 24
    },
    "2015-09-30": {
        "Diluted EPS": 0.57,
        "Total Revenue": NaN,
        "Gross Profit": 457,
        "Operating Income": 168,
        "EBIT": 245,
        "Net Income": 98
    },
    "2015-06-30": {
        "Diluted EPS": -2.03,
        "Total Revenue": NaN,
        "Gross Profit": 146,
        "Operating Income": -266,
        "EBIT": -190,
        "Net Income": -344
    },
    "2015-03-31": {
        "Diluted EPS": 0.23,
        "Total Revenue": NaN,
        "Gross Profit": 390,
        "Operating Income": 95,
        "EBIT": 171,
        "Net Income": 40
    },
    "2014-12-31": {
        "Diluted EPS": 0.19,
        "Total Revenue": NaN,
        "Gross Profit": 432,
        "Operating Income": 35,
        "EBIT": 108,
        "Net Income": 33
    },
    "2014-09-30": {
        "Diluted EPS": 0.09,
        "Total Revenue": NaN,
        "Gross Profit": 404,
        "Operating Income": 41,
        "EBIT": 110,
        "Net Income": 15
    },
    "2014-06-30": {
        "Diluted EPS": 0.53,
        "Total Revenue": NaN,
        "Gross Profit": 480,
        "Operating Income": 169,
        "EBIT": 242,
        "Net Income": 90
    },
    "2014-03-31": {
        "Diluted EPS": 0.31,
        "Total Revenue": NaN,
        "Gross Profit": 416,
        "Operating Income": 108,
        "EBIT": 177,
        "Net Income": 53
    },
    "2013-12-31": {
        "Diluted EPS": 1.17,
        "Total Revenue": NaN,
        "Gross Profit": 530,
        "Operating Income": 297,
        "EBIT": 356,
        "Net Income": 198
    },
    "2013-09-30": {
        "Diluted EPS": 0.58,
        "Total Revenue": NaN,
        "Gross Profit": 415,
        "Operating Income": 145,
        "EBIT": 197,
        "Net Income": 98
    },
    "2013-06-30": {
        "Diluted EPS": 0.51,
        "Total Revenue": NaN,
        "Gross Profit": 426,
        "Operating Income": 139,
        "EBIT": 189,
        "Net Income": 86
    },
    "2013-03-31": {
        "Diluted EPS": 0.36,
        "Total Revenue": NaN,
        "Gross Profit": 369,
        "Operating Income": 85,
        "EBIT": 132,
        "Net Income": 61
    },
    "2012-12-31": {
        "Diluted EPS": 1.48,
        "Total Revenue": NaN,
        "Gross Profit": 574,
        "Operating Income": 411,
        "EBIT": 454,
        "Net Income": 242
    },
    "2012-09-30": {
        "Diluted EPS": 0.53,
        "Total Revenue": NaN,
        "Gross Profit": 382,
        "Operating Income": 129,
        "EBIT": 171,
        "Net Income": 87
    },
    "2012-06-30": {
        "Diluted EPS": 0.62,
        "Total Revenue": NaN,
        "Gross Profit": 374,
        "Operating Income": 130,
        "EBIT": 170,
        "Net Income": 102
    },
    "2012-03-31": {
        "Diluted EPS": 0.31,
        "Total Revenue": NaN,
        "Gross Profit": 315,
        "Operating Income": 78,
        "EBIT": 119,
        "Net Income": 50
    },
    "2011-12-31": {
        "Diluted EPS": -1.59,
        "Total Revenue": NaN,
        "Gross Profit": 154,
        "Operating Income": -258,
        "EBIT": -218,
        "Net Income": -252
    },
    "2011-09-30": {
        "Diluted EPS": 0.1,
        "Total Revenue": NaN,
        "Gross Profit": 299,
        "Operating Income": 28,
        "EBIT": 58,
        "Net Income": 16
    },
    "2011-06-30": {
        "Diluted EPS": 0.21,
        "Total Revenue": NaN,
        "Gross Profit": 279,
        "Operating Income": 62,
        "EBIT": 91,
        "Net Income": 33
    },
    "2011-03-31": {
        "Diluted EPS": 0.08,
        "Total Revenue": NaN,
        "Gross Profit": 219,
        "Operating Income": 20,
        "EBIT": 49,
        "Net Income": 13
    },
    "2010-12-31": {
        "Diluted EPS": 0.25,
        "Total Revenue": NaN,
        "Gross Profit": 312,
        "Operating Income": 102,
        "EBIT": 115,
        "Net Income": 39
    },
    "2010-09-30": {
        "Diluted EPS": 0.51,
        "Total Revenue": NaN,
        "Gross Profit": 246,
        "Operating Income": 34,
        "EBIT": 70,
        "Net Income": 83
    },
    "2010-06-30": {
        "Diluted EPS": 0.19,
        "Total Revenue": NaN,
        "Gross Profit": 241,
        "Operating Income": 31,
        "EBIT": 64,
        "Net Income": 31
    },
    "2010-03-31": {
        "Diluted EPS": -0.12,
        "Total Revenue": NaN,
        "Gross Profit": 191,
        "Operating Income": -18,
        "EBIT": 14,
        "Net Income": -19
    },
    "2009-12-31": {
        "Diluted EPS": -0.35,
        "Total Revenue": NaN,
        "Gross Profit": 243,
        "Operating Income": 45,
        "EBIT": 78,
        "Net Income": -56
    },
    "2009-09-30": {
        "Diluted EPS": 0.09,
        "Total Revenue": NaN,
        "Gross Profit": 224,
        "Operating Income": 29,
        "EBIT": 64,
        "Net Income": 15
    },
    "2009-06-30": {
        "Diluted EPS": 0.14,
        "Total Revenue": NaN,
        "Gross Profit": 229,
        "Operating Income": 39,
        "EBIT": 70,
        "Net Income": 23
    },
    "2009-03-31": {
        "Diluted EPS": -0.09,
        "Total Revenue": NaN,
        "Gross Profit": 184,
        "Operating Income": -10,
        "EBIT": 19,
        "Net Income": -15
    }
}