{
    "2023-03-31": {
        "Tax Effect Of Unusual Items": NaN,
        "Tax Rate For Calcs": NaN,
        "Normalized EBITDA": NaN,
        "Net Income From Continuing Operation Net Minority Interest": NaN,
        "Reconciled Depreciation": NaN,
        "EBITDA": NaN,
        "EBIT": NaN,
        "Normalized Income": NaN,
        "Net Income From Continuing And Discontinued Operation": NaN,
        "Total Expenses": NaN,
        "Total Operating Income As Reported": NaN,
        "Diluted Average Shares": 63382.0,
        "Basic Average Shares": 63382.0,
        "Diluted EPS": -46.5,
        "Basic EPS": -46.5,
        "Diluted NI Availto Com Stockholders": NaN,
        "Net Income Common Stockholders": NaN,
        "Net Income": NaN,
        "Net Income Including Noncontrolling Interests": NaN,
        "Net Income Continuous Operations": NaN,
        "Tax Provision": NaN,
        "Pretax Income": NaN,
        "Other Income Expense": NaN,
        "Other Non Operating Income Expenses": NaN,
        "Operating Income": NaN,
        "Operating Expense": NaN,
        "Research And Development": NaN,
        "Selling General And Administration": NaN,
        "Selling And Marketing Expense": NaN,
        "General And Administrative Expense": NaN,
        "Other Gand A": NaN,
        "Total Revenue": NaN,
        "Operating Revenue": NaN
    },
    "2022-12-31": {
        "Tax Effect Of Unusual Items": NaN,
        "Tax Rate For Calcs": NaN,
        "Normalized EBITDA": NaN,
        "Total Unusual Items": 0.0,
        "Total Unusual Items Excluding Goodwill": 0.0,
        "Net Income From Continuing Operation Net Minority Interest": NaN,
        "Reconciled Depreciation": NaN,
        "EBITDA": NaN,
        "EBIT": NaN,
        "Normalized Income": NaN,
        "Net Income From Continuing And Discontinued Operation": NaN,
        "Total Expenses": NaN,
        "Total Operating Income As Reported": NaN,
        "Diluted Average Shares": NaN,
        "Basic Average Shares": NaN,
        "Diluted EPS": NaN,
        "Basic EPS": NaN,
        "Diluted NI Availto Com Stockholders": NaN,
        "Net Income Common Stockholders": NaN,
        "Otherunder Preferred Stock Dividend": 0.0,
        "Net Income": NaN,
        "Net Income Including Noncontrolling Interests": NaN,
        "Net Income Continuous Operations": NaN,
        "Tax Provision": NaN,
        "Pretax Income": NaN,
        "Other Income Expense": NaN,
        "Other Non Operating Income Expenses": NaN,
        "Special Income Charges": 0.0,
        "Operating Income": NaN,
        "Operating Expense": NaN,
        "Research And Development": NaN,
        "Selling General And Administration": NaN,
        "Selling And Marketing Expense": NaN,
        "General And Administrative Expense": NaN,
        "Other Gand A": NaN,
        "Total Revenue": NaN,
        "Operating Revenue": NaN
    },
    "2022-09-30": {
        "Tax Effect Of Unusual Items": NaN,
        "Tax Rate For Calcs": NaN,
        "Normalized EBITDA": NaN,
        "Total Unusual Items": 0.0,
        "Total Unusual Items Excluding Goodwill": 0.0,
        "Net Income From Continuing Operation Net Minority Interest": NaN,
        "Reconciled Depreciation": NaN,
        "EBITDA": NaN,
        "EBIT": NaN,
        "Normalized Income": NaN,
        "Net Income From Continuing And Discontinued Operation": NaN,
        "Total Expenses": NaN,
        "Total Operating Income As Reported": NaN,
        "Diluted Average Shares": 3158723.0,
        "Basic Average Shares": 3158723.0,
        "Diluted EPS": -1.09,
        "Basic EPS": -1.09,
        "Diluted NI Availto Com Stockholders": NaN,
        "Net Income Common Stockholders": NaN,
        "Otherunder Preferred Stock Dividend": 0.0,
        "Net Income": NaN,
        "Net Income Including Noncontrolling Interests": NaN,
        "Net Income Continuous Operations": NaN,
        "Tax Provision": NaN,
        "Pretax Income": NaN,
        "Other Income Expense": NaN,
        "Other Non Operating Income Expenses": NaN,
        "Special Income Charges": 0.0,
        "Operating Income": NaN,
        "Operating Expense": NaN,
        "Research And Development": NaN,
        "Selling General And Administration": NaN,
        "Selling And Marketing Expense": NaN,
        "General And Administrative Expense": NaN,
        "Other Gand A": NaN,
        "Total Revenue": NaN,
        "Operating Revenue": NaN
    },
    "2022-06-30": {
        "Tax Effect Of Unusual Items": 0.0,
        "Tax Rate For Calcs": 0.0,
        "Normalized EBITDA": -3516013.0,
        "Total Unusual Items": 0.0,
        "Total Unusual Items Excluding Goodwill": 0.0,
        "Net Income From Continuing Operation Net Minority Interest": -3591067.0,
        "Reconciled Depreciation": 55680.0,
        "EBITDA": -3516013.0,
        "EBIT": -3571693.0,
        "Normalized Income": -3591067.0,
        "Net Income From Continuing And Discontinued Operation": -3591067.0,
        "Total Expenses": 3571693.0,
        "Total Operating Income As Reported": -3571693.0,
        "Diluted Average Shares": 3082209.0,
        "Basic Average Shares": 3082209.0,
        "Diluted EPS": -1.17,
        "Basic EPS": -1.17,
        "Diluted NI Availto Com Stockholders": -3591067.0,
        "Net Income Common Stockholders": -3591067.0,
        "Otherunder Preferred Stock Dividend": 0.0,
        "Net Income": -3591067.0,
        "Net Income Including Noncontrolling Interests": -3591067.0,
        "Net Income Continuous Operations": -3591067.0,
        "Tax Provision": 0.0,
        "Pretax Income": -3591067.0,
        "Other Income Expense": -19374.0,
        "Other Non Operating Income Expenses": -19374.0,
        "Special Income Charges": 0.0,
        "Operating Income": -3571693.0,
        "Operating Expense": 3571693.0,
        "Research And Development": 1847560.0,
        "Selling General And Administration": 1724133.0,
        "Selling And Marketing Expense": 342039.0,
        "General And Administrative Expense": 1382094.0,
        "Other Gand A": 1382094.0,
        "Total Revenue": 0.0,
        "Operating Revenue": 0.0
    },
    "2022-03-31": {
        "Diluted EPS": -1.33,
        "Total Revenue": NaN,
        "Gross Profit": NaN,
        "Operating Income": -3,
        "EBIT": -3,
        "Net Income": -3
    },
    "2021-12-31": {
        "Diluted EPS": -1.55,
        "Total Revenue": NaN,
        "Gross Profit": NaN,
        "Operating Income": -3,
        "EBIT": -3,
        "Net Income": -3
    },
    "2021-09-30": {
        "Diluted EPS": -1.2,
        "Total Revenue": NaN,
        "Gross Profit": NaN,
        "Operating Income": -3,
        "EBIT": -3,
        "Net Income": -3
    },
    "2021-06-30": {
        "Diluted EPS": -1.6,
        "Total Revenue": NaN,
        "Gross Profit": NaN,
        "Operating Income": -3,
        "EBIT": -3,
        "Net Income": -3
    },
    "2021-03-31": {
        "Diluted EPS": -1.2,
        "Total Revenue": NaN,
        "Gross Profit": NaN,
        "Operating Income": -3,
        "EBIT": -3,
        "Net Income": -2
    },
    "2020-12-31": {
        "Diluted EPS": 0.2,
        "Total Revenue": NaN,
        "Gross Profit": NaN,
        "Operating Income": -2,
        "EBIT": -2,
        "Net Income": -2
    },
    "2020-09-30": {
        "Diluted EPS": -3.0,
        "Total Revenue": NaN,
        "Gross Profit": NaN,
        "Operating Income": -3,
        "EBIT": -3,
        "Net Income": -4
    },
    "2020-06-30": {
        "Diluted EPS": -4.0,
        "Total Revenue": NaN,
        "Gross Profit": NaN,
        "Operating Income": -3,
        "EBIT": -3,
        "Net Income": -3
    },
    "2020-03-31": {
        "Diluted EPS": -5.8,
        "Total Revenue": NaN,
        "Gross Profit": NaN,
        "Operating Income": -3,
        "EBIT": -3,
        "Net Income": -3
    },
    "2019-12-31": {
        "Diluted EPS": -24.0,
        "Total Revenue": NaN,
        "Gross Profit": NaN,
        "Operating Income": -3,
        "EBIT": -1,
        "Net Income": -9
    },
    "2019-09-30": {
        "Diluted EPS": -9.2,
        "Total Revenue": NaN,
        "Gross Profit": NaN,
        "Operating Income": -3,
        "EBIT": -2,
        "Net Income": -3
    },
    "2019-06-30": {
        "Diluted EPS": -6.2,
        "Total Revenue": NaN,
        "Gross Profit": NaN,
        "Operating Income": -2,
        "EBIT": -2,
        "Net Income": -2
    },
    "2019-03-31": {
        "Diluted EPS": -7.4,
        "Total Revenue": NaN,
        "Gross Profit": NaN,
        "Operating Income": -3,
        "EBIT": -3,
        "Net Income": -3
    },
    "2018-12-31": {
        "Diluted EPS": -5.6,
        "Total Revenue": NaN,
        "Gross Profit": NaN,
        "Operating Income": -2,
        "EBIT": -2,
        "Net Income": -2
    },
    "2018-09-30": {
        "Diluted EPS": -14.0,
        "Total Revenue": NaN,
        "Gross Profit": NaN,
        "Operating Income": -2,
        "EBIT": -2,
        "Net Income": -3
    },
    "2018-06-30": {
        "Diluted EPS": -9.4,
        "Total Revenue": NaN,
        "Gross Profit": NaN,
        "Operating Income": -2,
        "EBIT": -2,
        "Net Income": -2
    },
    "2018-03-31": {
        "Diluted EPS": -14.4,
        "Total Revenue": 0,
        "Gross Profit": 0,
        "Operating Income": -3,
        "EBIT": -3,
        "Net Income": -3
    },
    "2017-12-31": {
        "Diluted EPS": -2.0,
        "Total Revenue": 0,
        "Gross Profit": 0,
        "Operating Income": -2,
        "EBIT": -2,
        "Net Income": -2
    },
    "2017-09-30": {
        "Diluted EPS": -4.6,
        "Total Revenue": 0,
        "Gross Profit": 0,
        "Operating Income": -1,
        "EBIT": -1,
        "Net Income": -1
    },
    "2017-06-30": {
        "Diluted EPS": -11.8,
        "Total Revenue": 0,
        "Gross Profit": 0,
        "Operating Income": -1,
        "EBIT": -1,
        "Net Income": -1
    },
    "2017-03-31": {
        "Diluted EPS": -20.6,
        "Total Revenue": NaN,
        "Gross Profit": NaN,
        "Operating Income": 0,
        "EBIT": 0,
        "Net Income": -1
    },
    "2016-12-31": {
        "Diluted EPS": -19.2,
        "Total Revenue": 1,
        "Gross Profit": 0,
        "Operating Income": 0,
        "EBIT": 0,
        "Net Income": -1
    },
    "2016-09-30": {
        "Diluted EPS": -27.0,
        "Total Revenue": NaN,
        "Gross Profit": NaN,
        "Operating Income": -1,
        "EBIT": 0,
        "Net Income": -1
    },
    "2016-06-30": {
        "Diluted EPS": -20.2,
        "Total Revenue": NaN,
        "Gross Profit": NaN,
        "Operating Income": 0,
        "EBIT": 0,
        "Net Income": -1
    },
    "2016-03-31": {
        "Diluted EPS": -10.4,
        "Total Revenue": NaN,
        "Gross Profit": NaN,
        "Operating Income": 0,
        "EBIT": 0,
        "Net Income": 0
    },
    "2023-06-30": {
        "Tax Effect Of Unusual Items": NaN,
        "Tax Rate For Calcs": NaN,
        "Normalized EBITDA": NaN,
        "Total Unusual Items": NaN,
        "Total Unusual Items Excluding Goodwill": NaN,
        "Net Income From Continuing Operation Net Minority Interest": NaN,
        "Reconciled Depreciation": NaN,
        "EBITDA": NaN,
        "EBIT": NaN,
        "Normalized Income": NaN,
        "Net Income From Continuing And Discontinued Operation": NaN,
        "Total Expenses": NaN,
        "Total Operating Income As Reported": NaN,
        "Diluted Average Shares": 3426.0,
        "Basic Average Shares": 3426.0,
        "Diluted EPS": -752.499999,
        "Basic EPS": -752.499999,
        "Diluted NI Availto Com Stockholders": NaN,
        "Net Income Common Stockholders": NaN,
        "Net Income": NaN,
        "Net Income Including Noncontrolling Interests": NaN,
        "Net Income Continuous Operations": NaN,
        "Tax Provision": NaN,
        "Pretax Income": NaN,
        "Other Income Expense": NaN,
        "Other Non Operating Income Expenses": NaN,
        "Gain On Sale Of Security": NaN,
        "Operating Income": NaN,
        "Operating Expense": NaN,
        "Research And Development": NaN,
        "Selling General And Administration": NaN,
        "Selling And Marketing Expense": NaN,
        "General And Administrative Expense": NaN,
        "Other Gand A": NaN,
        "Total Revenue": NaN,
        "Operating Revenue": NaN
    },
    "2023-09-30": {
        "Tax Effect Of Unusual Items": NaN,
        "Tax Rate For Calcs": NaN,
        "Normalized EBITDA": NaN,
        "Total Unusual Items": NaN,
        "Total Unusual Items Excluding Goodwill": NaN,
        "Net Income From Continuing Operation Net Minority Interest": NaN,
        "Reconciled Depreciation": NaN,
        "EBITDA": NaN,
        "EBIT": NaN,
        "Net Interest Income": NaN,
        "Normalized Income": NaN,
        "Net Income From Continuing And Discontinued Operation": NaN,
        "Total Expenses": NaN,
        "Total Operating Income As Reported": NaN,
        "Diluted Average Shares": 4806.0,
        "Basic Average Shares": 4806.0,
        "Diluted EPS": -645.200999,
        "Basic EPS": -645.200999,
        "Diluted NI Availto Com Stockholders": NaN,
        "Net Income Common Stockholders": NaN,
        "Net Income": NaN,
        "Net Income Including Noncontrolling Interests": NaN,
        "Net Income Continuous Operations": NaN,
        "Tax Provision": NaN,
        "Pretax Income": NaN,
        "Other Income Expense": NaN,
        "Other Non Operating Income Expenses": NaN,
        "Gain On Sale Of Security": NaN,
        "Net Non Operating Interest Income Expense": NaN,
        "Total Other Finance Cost": NaN,
        "Operating Income": NaN,
        "Operating Expense": NaN,
        "Research And Development": NaN,
        "Selling General And Administration": NaN,
        "Selling And Marketing Expense": NaN,
        "General And Administrative Expense": NaN,
        "Other Gand A": NaN,
        "Total Revenue": NaN,
        "Operating Revenue": NaN
    },
    "2023-12-31": {
        "Tax Effect Of Unusual Items": 0.0,
        "Tax Rate For Calcs": 0.0,
        "Normalized EBITDA": -1396533.0,
        "Total Unusual Items": NaN,
        "Total Unusual Items Excluding Goodwill": NaN,
        "Net Income From Continuing Operation Net Minority Interest": -1459536.0,
        "Reconciled Depreciation": 61247.0,
        "EBITDA": -1396533.0,
        "EBIT": -1457780.0,
        "Net Interest Income": NaN,
        "Normalized Income": -1459536.0,
        "Net Income From Continuing And Discontinued Operation": -1459536.0,
        "Total Expenses": 1457780.0,
        "Total Operating Income As Reported": -1457780.0,
        "Diluted Average Shares": NaN,
        "Basic Average Shares": NaN,
        "Diluted EPS": NaN,
        "Basic EPS": NaN,
        "Diluted NI Availto Com Stockholders": -1459536.0,
        "Net Income Common Stockholders": -1459536.0,
        "Net Income": -1459536.0,
        "Net Income Including Noncontrolling Interests": -1459536.0,
        "Net Income Continuous Operations": -1459536.0,
        "Tax Provision": 0.0,
        "Pretax Income": -1459536.0,
        "Other Income Expense": -1756.0,
        "Other Non Operating Income Expenses": -1756.0,
        "Gain On Sale Of Security": NaN,
        "Net Non Operating Interest Income Expense": NaN,
        "Total Other Finance Cost": NaN,
        "Operating Income": -1457780.0,
        "Operating Expense": 1457780.0,
        "Research And Development": 579350.0,
        "Selling General And Administration": 878430.0,
        "Selling And Marketing Expense": 147833.0,
        "General And Administrative Expense": 730597.0,
        "Other Gand A": 730597.0,
        "Total Revenue": 0.0,
        "Operating Revenue": 0.0
    },
    "2024-03-31": {
        "Tax Effect Of Unusual Items": 0.0,
        "Tax Rate For Calcs": 0.0,
        "Normalized EBITDA": -2724865.0,
        "Total Unusual Items": NaN,
        "Total Unusual Items Excluding Goodwill": NaN,
        "Net Income From Continuing Operation Net Minority Interest": -2775700.0,
        "Reconciled Depreciation": 55676.0,
        "EBITDA": -2724865.0,
        "EBIT": -2780541.0,
        "Net Interest Income": NaN,
        "Normalized Income": -2775700.0,
        "Net Income From Continuing And Discontinued Operation": -2775700.0,
        "Total Expenses": 2780541.0,
        "Total Operating Income As Reported": -2780541.0,
        "Diluted Average Shares": 6174.0,
        "Basic Average Shares": 6174.0,
        "Diluted EPS": -449.58,
        "Basic EPS": -449.58,
        "Diluted NI Availto Com Stockholders": -2775700.0,
        "Net Income Common Stockholders": -2775700.0,
        "Net Income": -2775700.0,
        "Net Income Including Noncontrolling Interests": -2775700.0,
        "Net Income Continuous Operations": -2775700.0,
        "Tax Provision": 0.0,
        "Pretax Income": -2775700.0,
        "Other Income Expense": 4841.0,
        "Other Non Operating Income Expenses": 4841.0,
        "Gain On Sale Of Security": NaN,
        "Net Non Operating Interest Income Expense": NaN,
        "Total Other Finance Cost": NaN,
        "Operating Income": -2780541.0,
        "Operating Expense": 2780541.0,
        "Research And Development": 1041526.0,
        "Selling General And Administration": 1739015.0,
        "Selling And Marketing Expense": 238660.0,
        "General And Administrative Expense": 1500355.0,
        "Other Gand A": 1500355.0,
        "Total Revenue": 0.0,
        "Operating Revenue": 0.0
    },
    "2024-06-30": {
        "Tax Effect Of Unusual Items": 0.0,
        "Tax Rate For Calcs": 0.0,
        "Normalized EBITDA": -2180729.0,
        "Total Unusual Items": NaN,
        "Total Unusual Items Excluding Goodwill": NaN,
        "Net Income From Continuing Operation Net Minority Interest": -2229153.0,
        "Reconciled Depreciation": 50124.0,
        "EBITDA": -2180729.0,
        "EBIT": -2230853.0,
        "Net Interest Income": NaN,
        "Normalized Income": -2229153.0,
        "Net Income From Continuing And Discontinued Operation": -2229153.0,
        "Total Expenses": 2230853.0,
        "Total Operating Income As Reported": -2230853.0,
        "Diluted Average Shares": 15590.0,
        "Basic Average Shares": 15590.0,
        "Diluted EPS": -140.0,
        "Basic EPS": -140.0,
        "Diluted NI Availto Com Stockholders": -2229153.0,
        "Net Income Common Stockholders": -2229153.0,
        "Net Income": -2229153.0,
        "Net Income Including Noncontrolling Interests": -2229153.0,
        "Net Income Continuous Operations": -2229153.0,
        "Tax Provision": 0.0,
        "Pretax Income": -2229153.0,
        "Other Income Expense": 1700.0,
        "Other Non Operating Income Expenses": 1700.0,
        "Gain On Sale Of Security": NaN,
        "Net Non Operating Interest Income Expense": NaN,
        "Total Other Finance Cost": NaN,
        "Operating Income": -2230853.0,
        "Operating Expense": 2230853.0,
        "Research And Development": 716366.0,
        "Selling General And Administration": 1514487.0,
        "Selling And Marketing Expense": 162952.0,
        "General And Administrative Expense": 1351535.0,
        "Other Gand A": 1351535.0,
        "Total Revenue": 0.0,
        "Operating Revenue": 0.0
    },
    "2024-09-30": {
        "Tax Effect Of Unusual Items": 0.0,
        "Tax Rate For Calcs": 0.0,
        "Normalized EBITDA": -7868086.0,
        "Total Unusual Items": 6413081.0,
        "Total Unusual Items Excluding Goodwill": 6413081.0,
        "Net Income From Continuing Operation Net Minority Interest": -2354090.0,
        "Reconciled Depreciation": 54009.0,
        "EBITDA": -1455005.0,
        "EBIT": -1509014.0,
        "Net Interest Income": -7323685.0,
        "Normalized Income": -8767171.0,
        "Net Income From Continuing And Discontinued Operation": -2354090.0,
        "Total Expenses": 1509014.0,
        "Total Operating Income As Reported": -1509014.0,
        "Diluted Average Shares": 7051.0,
        "Basic Average Shares": 7051.0,
        "Diluted EPS": -333.9,
        "Basic EPS": -333.9,
        "Diluted NI Availto Com Stockholders": -2354090.0,
        "Net Income Common Stockholders": -2354090.0,
        "Net Income": -2354090.0,
        "Net Income Including Noncontrolling Interests": -2354090.0,
        "Net Income Continuous Operations": -2354090.0,
        "Tax Provision": 0.0,
        "Pretax Income": -2354090.0,
        "Other Income Expense": 6478609.0,
        "Other Non Operating Income Expenses": 65528.0,
        "Gain On Sale Of Security": 6413081.0,
        "Net Non Operating Interest Income Expense": -7323685.0,
        "Total Other Finance Cost": 7323685.0,
        "Operating Income": -1509014.0,
        "Operating Expense": 1509014.0,
        "Research And Development": 794444.0,
        "Selling General And Administration": 714570.0,
        "Selling And Marketing Expense": 83157.0,
        "General And Administrative Expense": 631413.0,
        "Other Gand A": 631413.0,
        "Total Revenue": 0.0,
        "Operating Revenue": 0.0
    },
    "2024-12-31": {
        "Tax Effect Of Unusual Items": 0.0,
        "Tax Rate For Calcs": 0.0,
        "Normalized EBITDA": -4361696.0,
        "Total Unusual Items": 111320.0,
        "Total Unusual Items Excluding Goodwill": 111320.0,
        "Net Income From Continuing Operation Net Minority Interest": -4149004.0,
        "Reconciled Depreciation": 46363.0,
        "EBITDA": -4250376.0,
        "EBIT": -4296739.0,
        "Net Interest Income": 0.0,
        "Normalized Income": -4260324.0,
        "Net Income From Continuing And Discontinued Operation": -4149004.0,
        "Total Expenses": 4296739.0,
        "Total Operating Income As Reported": -4296739.0,
        "Diluted Average Shares": NaN,
        "Basic Average Shares": NaN,
        "Diluted EPS": NaN,
        "Basic EPS": NaN,
        "Diluted NI Availto Com Stockholders": -4149004.0,
        "Net Income Common Stockholders": -4149004.0,
        "Net Income": -4149004.0,
        "Net Income Including Noncontrolling Interests": -4149004.0,
        "Net Income Continuous Operations": -4149004.0,
        "Tax Provision": 0.0,
        "Pretax Income": -4149004.0,
        "Other Income Expense": 147735.0,
        "Other Non Operating Income Expenses": 36415.0,
        "Gain On Sale Of Security": 111320.0,
        "Net Non Operating Interest Income Expense": 0.0,
        "Total Other Finance Cost": 0.0,
        "Operating Income": -4296739.0,
        "Operating Expense": 4296739.0,
        "Research And Development": 637957.0,
        "Selling General And Administration": 3658782.0,
        "Selling And Marketing Expense": 86271.0,
        "General And Administrative Expense": 3572511.0,
        "Other Gand A": 3572511.0,
        "Total Revenue": 0.0,
        "Operating Revenue": 0.0
    },
    "2025-03-31": {
        "Tax Effect Of Unusual Items": 0.0,
        "Tax Rate For Calcs": 0.0,
        "Normalized EBITDA": -1832261.0,
        "Total Unusual Items": 408562.0,
        "Total Unusual Items Excluding Goodwill": 408562.0,
        "Net Income From Continuing Operation Net Minority Interest": -1036330.0,
        "Reconciled Depreciation": 45583.0,
        "EBITDA": -1423699.0,
        "EBIT": -1469282.0,
        "Net Interest Income": NaN,
        "Normalized Income": -1444892.0,
        "Net Income From Continuing And Discontinued Operation": -1036330.0,
        "Total Expenses": 1469282.0,
        "Total Operating Income As Reported": -1469282.0,
        "Diluted Average Shares": 557582.0,
        "Basic Average Shares": 557582.0,
        "Diluted EPS": -1.86,
        "Basic EPS": -1.86,
        "Diluted NI Availto Com Stockholders": -1036330.0,
        "Net Income Common Stockholders": -1036330.0,
        "Net Income": -1036330.0,
        "Net Income Including Noncontrolling Interests": -1036330.0,
        "Net Income Continuous Operations": -1036330.0,
        "Tax Provision": 0.0,
        "Pretax Income": -1036330.0,
        "Other Income Expense": 432952.0,
        "Other Non Operating Income Expenses": 24390.0,
        "Gain On Sale Of Security": 408562.0,
        "Net Non Operating Interest Income Expense": NaN,
        "Total Other Finance Cost": NaN,
        "Operating Income": -1469282.0,
        "Operating Expense": 1469282.0,
        "Research And Development": 528685.0,
        "Selling General And Administration": 940597.0,
        "Selling And Marketing Expense": 68991.0,
        "General And Administrative Expense": 871606.0,
        "Other Gand A": 871606.0,
        "Total Revenue": 0.0,
        "Operating Revenue": 0.0
    }
}