{
    "2023-03-31": {
        "Tax Effect Of Unusual Items": NaN,
        "Tax Rate For Calcs": NaN,
        "Normalized EBITDA": NaN,
        "Total Unusual Items": NaN,
        "Total Unusual Items Excluding Goodwill": NaN,
        "Net Income From Continuing Operation Net Minority Interest": NaN,
        "Reconciled Depreciation": NaN,
        "Reconciled Cost Of Revenue": NaN,
        "EBITDA": NaN,
        "EBIT": NaN,
        "Net Interest Income": NaN,
        "Interest Expense": NaN,
        "Interest Income": 2026000.0,
        "Normalized Income": NaN,
        "Net Income From Continuing And Discontinued Operation": NaN,
        "Total Expenses": NaN,
        "Total Operating Income As Reported": NaN,
        "Diluted Average Shares": NaN,
        "Basic Average Shares": NaN,
        "Diluted EPS": NaN,
        "Basic EPS": NaN,
        "Diluted NI Availto Com Stockholders": NaN,
        "Net Income Common Stockholders": NaN,
        "Net Income": NaN,
        "Net Income Including Noncontrolling Interests": NaN,
        "Net Income Continuous Operations": NaN,
        "Tax Provision": NaN,
        "Pretax Income": NaN,
        "Other Income Expense": NaN,
        "Special Income Charges": NaN,
        "Gain On Sale Of Ppe": NaN,
        "Other Special Charges": 3544000.0,
        "Restructuring And Mergern Acquisition": NaN,
        "Net Non Operating Interest Income Expense": NaN,
        "Interest Expense Non Operating": NaN,
        "Interest Income Non Operating": 2026000.0,
        "Operating Income": NaN,
        "Operating Expense": NaN,
        "Selling General And Administration": NaN,
        "General And Administrative Expense": NaN,
        "Other Gand A": NaN,
        "Gross Profit": NaN,
        "Cost Of Revenue": NaN,
        "Total Revenue": NaN,
        "Operating Revenue": NaN
    },
    "2022-12-31": {
        "Tax Effect Of Unusual Items": NaN,
        "Tax Rate For Calcs": NaN,
        "Normalized EBITDA": NaN,
        "Total Unusual Items": NaN,
        "Total Unusual Items Excluding Goodwill": NaN,
        "Net Income From Continuing Operation Net Minority Interest": NaN,
        "Reconciled Depreciation": NaN,
        "Reconciled Cost Of Revenue": NaN,
        "EBITDA": NaN,
        "EBIT": NaN,
        "Net Interest Income": NaN,
        "Interest Expense": NaN,
        "Interest Income": 9599000.0,
        "Normalized Income": NaN,
        "Net Income From Continuing And Discontinued Operation": NaN,
        "Total Expenses": NaN,
        "Total Operating Income As Reported": NaN,
        "Diluted Average Shares": NaN,
        "Basic Average Shares": NaN,
        "Diluted EPS": NaN,
        "Basic EPS": NaN,
        "Diluted NI Availto Com Stockholders": NaN,
        "Net Income Common Stockholders": NaN,
        "Net Income": NaN,
        "Net Income Including Noncontrolling Interests": NaN,
        "Net Income Continuous Operations": NaN,
        "Tax Provision": NaN,
        "Pretax Income": NaN,
        "Other Income Expense": NaN,
        "Special Income Charges": NaN,
        "Gain On Sale Of Ppe": NaN,
        "Other Special Charges": 4075000.0,
        "Restructuring And Mergern Acquisition": NaN,
        "Net Non Operating Interest Income Expense": NaN,
        "Interest Expense Non Operating": NaN,
        "Interest Income Non Operating": 9599000.0,
        "Operating Income": NaN,
        "Operating Expense": NaN,
        "Selling General And Administration": NaN,
        "General And Administrative Expense": NaN,
        "Other Gand A": NaN,
        "Gross Profit": NaN,
        "Cost Of Revenue": NaN,
        "Total Revenue": NaN,
        "Operating Revenue": NaN
    },
    "2022-09-30": {
        "Tax Effect Of Unusual Items": NaN,
        "Tax Rate For Calcs": NaN,
        "Normalized EBITDA": NaN,
        "Total Unusual Items": NaN,
        "Total Unusual Items Excluding Goodwill": NaN,
        "Net Income From Continuing Operation Net Minority Interest": NaN,
        "Reconciled Depreciation": NaN,
        "Reconciled Cost Of Revenue": NaN,
        "EBITDA": NaN,
        "EBIT": NaN,
        "Net Interest Income": NaN,
        "Interest Expense": NaN,
        "Interest Income": 3235000.0,
        "Normalized Income": NaN,
        "Net Income From Continuing And Discontinued Operation": NaN,
        "Total Expenses": NaN,
        "Total Operating Income As Reported": NaN,
        "Diluted Average Shares": NaN,
        "Basic Average Shares": NaN,
        "Diluted EPS": NaN,
        "Basic EPS": NaN,
        "Diluted NI Availto Com Stockholders": NaN,
        "Net Income Common Stockholders": NaN,
        "Net Income": NaN,
        "Net Income Including Noncontrolling Interests": NaN,
        "Net Income Continuous Operations": NaN,
        "Tax Provision": NaN,
        "Pretax Income": NaN,
        "Other Income Expense": NaN,
        "Special Income Charges": NaN,
        "Gain On Sale Of Ppe": NaN,
        "Other Special Charges": NaN,
        "Restructuring And Mergern Acquisition": NaN,
        "Net Non Operating Interest Income Expense": NaN,
        "Interest Expense Non Operating": NaN,
        "Interest Income Non Operating": 3235000.0,
        "Operating Income": NaN,
        "Operating Expense": NaN,
        "Selling General And Administration": NaN,
        "General And Administrative Expense": NaN,
        "Other Gand A": NaN,
        "Gross Profit": NaN,
        "Cost Of Revenue": NaN,
        "Total Revenue": NaN,
        "Operating Revenue": NaN
    },
    "2023-06-30": {
        "Tax Effect Of Unusual Items": NaN,
        "Tax Rate For Calcs": NaN,
        "Normalized EBITDA": NaN,
        "Total Unusual Items": NaN,
        "Total Unusual Items Excluding Goodwill": NaN,
        "Net Income From Continuing Operation Net Minority Interest": NaN,
        "Reconciled Depreciation": NaN,
        "Reconciled Cost Of Revenue": NaN,
        "EBITDA": NaN,
        "EBIT": NaN,
        "Net Interest Income": NaN,
        "Interest Expense": NaN,
        "Interest Income": NaN,
        "Normalized Income": NaN,
        "Net Income From Continuing And Discontinued Operation": NaN,
        "Total Expenses": NaN,
        "Total Operating Income As Reported": NaN,
        "Diluted Average Shares": 146992000.0,
        "Basic Average Shares": 138058000.0,
        "Diluted EPS": 0.45,
        "Basic EPS": 0.48,
        "Diluted NI Availto Com Stockholders": NaN,
        "Net Income Common Stockholders": NaN,
        "Net Income": NaN,
        "Net Income Including Noncontrolling Interests": NaN,
        "Net Income Continuous Operations": NaN,
        "Tax Provision": NaN,
        "Pretax Income": NaN,
        "Other Income Expense": NaN,
        "Special Income Charges": NaN,
        "Gain On Sale Of Ppe": NaN,
        "Other Special Charges": 42331000.0,
        "Restructuring And Mergern Acquisition": NaN,
        "Net Non Operating Interest Income Expense": NaN,
        "Interest Expense Non Operating": NaN,
        "Interest Income Non Operating": NaN,
        "Operating Income": NaN,
        "Operating Expense": NaN,
        "Selling General And Administration": NaN,
        "General And Administrative Expense": NaN,
        "Other Gand A": NaN,
        "Gross Profit": NaN,
        "Cost Of Revenue": NaN,
        "Total Revenue": NaN,
        "Operating Revenue": NaN
    },
    "2022-06-30": {
        "Tax Effect Of Unusual Items": 405157.475894,
        "Tax Rate For Calcs": 0.095399,
        "Normalized EBITDA": 85324000.0,
        "Total Unusual Items": 4247000.0,
        "Total Unusual Items Excluding Goodwill": 4247000.0,
        "Net Income From Continuing Operation Net Minority Interest": 37057000.0,
        "Reconciled Depreciation": 40891000.0,
        "Reconciled Cost Of Revenue": 215114000.0,
        "EBITDA": 89571000.0,
        "EBIT": 48680000.0,
        "Net Interest Income": -6634000.0,
        "Interest Expense": 7715000.0,
        "Interest Income": 1081000.0,
        "Normalized Income": 33215157.475894,
        "Net Income From Continuing And Discontinued Operation": 37057000.0,
        "Total Expenses": 231801000.0,
        "Total Operating Income As Reported": 47599000.0,
        "Diluted Average Shares": 70354000.0,
        "Basic Average Shares": 70354000.0,
        "Diluted EPS": 0.526722,
        "Basic EPS": 0.526722,
        "Diluted NI Availto Com Stockholders": 37057000.0,
        "Net Income Common Stockholders": 37057000.0,
        "Net Income": 37057000.0,
        "Net Income Including Noncontrolling Interests": 37057000.0,
        "Net Income Continuous Operations": 37057000.0,
        "Tax Provision": 3908000.0,
        "Pretax Income": 40965000.0,
        "Other Income Expense": 4247000.0,
        "Special Income Charges": 4247000.0,
        "Gain On Sale Of Ppe": -1103000.0,
        "Other Special Charges": -14407000.0,
        "Restructuring And Mergern Acquisition": 9057000.0,
        "Net Non Operating Interest Income Expense": -6634000.0,
        "Interest Expense Non Operating": 7715000.0,
        "Interest Income Non Operating": 1081000.0,
        "Operating Income": 43352000.0,
        "Operating Expense": 16687000.0,
        "Selling General And Administration": 16687000.0,
        "General And Administrative Expense": 16687000.0,
        "Other Gand A": 16687000.0,
        "Gross Profit": 60039000.0,
        "Cost Of Revenue": 215114000.0,
        "Total Revenue": 275153000.0,
        "Operating Revenue": 262463000.0
    },
    "2023-09-30": {
        "Tax Effect Of Unusual Items": NaN,
        "Tax Rate For Calcs": NaN,
        "Normalized EBITDA": NaN,
        "Total Unusual Items": NaN,
        "Total Unusual Items Excluding Goodwill": NaN,
        "Net Income From Continuing Operation Net Minority Interest": NaN,
        "Reconciled Depreciation": NaN,
        "Reconciled Cost Of Revenue": NaN,
        "EBITDA": NaN,
        "EBIT": NaN,
        "Net Interest Income": NaN,
        "Interest Expense": NaN,
        "Interest Income": 17206000.0,
        "Normalized Income": NaN,
        "Net Income From Continuing And Discontinued Operation": NaN,
        "Total Expenses": NaN,
        "Total Operating Income As Reported": NaN,
        "Diluted Average Shares": NaN,
        "Basic Average Shares": NaN,
        "Diluted EPS": NaN,
        "Basic EPS": NaN,
        "Diluted NI Availto Com Stockholders": NaN,
        "Net Income Common Stockholders": NaN,
        "Net Income": NaN,
        "Net Income Including Noncontrolling Interests": NaN,
        "Net Income Continuous Operations": NaN,
        "Tax Provision": NaN,
        "Pretax Income": NaN,
        "Other Income Expense": NaN,
        "Special Income Charges": NaN,
        "Gain On Sale Of Ppe": 0.0,
        "Other Special Charges": 2642000.0,
        "Restructuring And Mergern Acquisition": NaN,
        "Net Non Operating Interest Income Expense": NaN,
        "Interest Expense Non Operating": NaN,
        "Interest Income Non Operating": 17206000.0,
        "Operating Income": NaN,
        "Operating Expense": NaN,
        "Selling General And Administration": NaN,
        "General And Administrative Expense": NaN,
        "Other Gand A": NaN,
        "Gross Profit": NaN,
        "Cost Of Revenue": NaN,
        "Total Revenue": NaN,
        "Operating Revenue": NaN
    },
    "2023-12-31": {
        "Tax Effect Of Unusual Items": NaN,
        "Tax Rate For Calcs": NaN,
        "Normalized EBITDA": NaN,
        "Total Unusual Items": NaN,
        "Total Unusual Items Excluding Goodwill": NaN,
        "Net Income From Continuing Operation Net Minority Interest": NaN,
        "Reconciled Depreciation": NaN,
        "Reconciled Cost Of Revenue": NaN,
        "EBITDA": NaN,
        "EBIT": NaN,
        "Net Interest Income": NaN,
        "Interest Expense": NaN,
        "Interest Income": 1777000.0,
        "Normalized Income": NaN,
        "Net Income From Continuing And Discontinued Operation": NaN,
        "Total Expenses": NaN,
        "Total Operating Income As Reported": NaN,
        "Diluted Average Shares": NaN,
        "Basic Average Shares": NaN,
        "Diluted EPS": NaN,
        "Basic EPS": NaN,
        "Diluted NI Availto Com Stockholders": NaN,
        "Net Income Common Stockholders": NaN,
        "Net Income": NaN,
        "Net Income Including Noncontrolling Interests": NaN,
        "Net Income Continuous Operations": NaN,
        "Tax Provision": NaN,
        "Pretax Income": NaN,
        "Other Income Expense": NaN,
        "Special Income Charges": NaN,
        "Gain On Sale Of Ppe": 0.0,
        "Other Special Charges": -41823000.0,
        "Restructuring And Mergern Acquisition": NaN,
        "Net Non Operating Interest Income Expense": NaN,
        "Interest Expense Non Operating": NaN,
        "Interest Income Non Operating": 1777000.0,
        "Operating Income": NaN,
        "Operating Expense": NaN,
        "Selling General And Administration": NaN,
        "General And Administrative Expense": NaN,
        "Other Gand A": NaN,
        "Gross Profit": NaN,
        "Cost Of Revenue": NaN,
        "Total Revenue": NaN,
        "Operating Revenue": NaN
    },
    "2024-03-31": {
        "Tax Effect Of Unusual Items": -1959510.0,
        "Tax Rate For Calcs": 0.21,
        "Normalized EBITDA": 183223000.0,
        "Total Unusual Items": -9331000.0,
        "Total Unusual Items Excluding Goodwill": -9331000.0,
        "Net Income From Continuing Operation Net Minority Interest": 95481000.0,
        "Reconciled Depreciation": 66345000.0,
        "Reconciled Cost Of Revenue": 494245000.0,
        "EBITDA": 173892000.0,
        "EBIT": 107547000.0,
        "Net Interest Income": -22279000.0,
        "Interest Expense": 22279000.0,
        "Interest Income": NaN,
        "Normalized Income": 102852490.0,
        "Net Income From Continuing And Discontinued Operation": 95481000.0,
        "Total Expenses": 520206000.0,
        "Total Operating Income As Reported": 107547000.0,
        "Diluted Average Shares": 145231000.0,
        "Basic Average Shares": 141954000.0,
        "Diluted EPS": 0.66,
        "Basic EPS": 0.67,
        "Diluted NI Availto Com Stockholders": 95481000.0,
        "Net Income Common Stockholders": 95481000.0,
        "Net Income": 95481000.0,
        "Net Income Including Noncontrolling Interests": 95481000.0,
        "Net Income Continuous Operations": 95481000.0,
        "Tax Provision": -10213000.0,
        "Pretax Income": 85268000.0,
        "Other Income Expense": -9331000.0,
        "Special Income Charges": -9331000.0,
        "Gain On Sale Of Ppe": NaN,
        "Other Special Charges": NaN,
        "Restructuring And Mergern Acquisition": 9331000.0,
        "Net Non Operating Interest Income Expense": -22279000.0,
        "Interest Expense Non Operating": 22279000.0,
        "Interest Income Non Operating": NaN,
        "Operating Income": 116878000.0,
        "Operating Expense": 25961000.0,
        "Selling General And Administration": 25961000.0,
        "General And Administrative Expense": 25961000.0,
        "Other Gand A": 25961000.0,
        "Gross Profit": 142839000.0,
        "Cost Of Revenue": 494245000.0,
        "Total Revenue": 637084000.0,
        "Operating Revenue": 612425000.0
    },
    "2024-06-30": {
        "Tax Effect Of Unusual Items": NaN,
        "Tax Rate For Calcs": NaN,
        "Normalized EBITDA": NaN,
        "Total Unusual Items": NaN,
        "Total Unusual Items Excluding Goodwill": NaN,
        "Net Income From Continuing Operation Net Minority Interest": NaN,
        "Reconciled Depreciation": NaN,
        "Reconciled Cost Of Revenue": NaN,
        "EBITDA": NaN,
        "EBIT": NaN,
        "Net Interest Income": NaN,
        "Interest Expense": NaN,
        "Interest Income": NaN,
        "Normalized Income": NaN,
        "Net Income From Continuing And Discontinued Operation": NaN,
        "Total Expenses": NaN,
        "Total Operating Income As Reported": NaN,
        "Diluted Average Shares": NaN,
        "Basic Average Shares": NaN,
        "Diluted EPS": NaN,
        "Basic EPS": NaN,
        "Diluted NI Availto Com Stockholders": NaN,
        "Net Income Common Stockholders": NaN,
        "Net Income": NaN,
        "Net Income Including Noncontrolling Interests": NaN,
        "Net Income Continuous Operations": NaN,
        "Tax Provision": NaN,
        "Pretax Income": NaN,
        "Other Income Expense": NaN,
        "Special Income Charges": NaN,
        "Gain On Sale Of Ppe": 17357000.0,
        "Impairment Of Capital Assets": NaN,
        "Restructuring And Mergern Acquisition": NaN,
        "Net Non Operating Interest Income Expense": NaN,
        "Interest Expense Non Operating": NaN,
        "Interest Income Non Operating": NaN,
        "Operating Income": NaN,
        "Operating Expense": NaN,
        "Selling General And Administration": NaN,
        "General And Administrative Expense": NaN,
        "Other Gand A": NaN,
        "Gross Profit": NaN,
        "Cost Of Revenue": NaN,
        "Total Revenue": NaN,
        "Operating Revenue": NaN
    },
    "2024-09-30": {
        "Tax Effect Of Unusual Items": -23568431.784883,
        "Tax Rate For Calcs": 0.340515,
        "Normalized EBITDA": 293138000.0,
        "Total Unusual Items": -69214000.0,
        "Total Unusual Items Excluding Goodwill": -69214000.0,
        "Net Income From Continuing Operation Net Minority Interest": 61216000.0,
        "Reconciled Depreciation": 106149000.0,
        "Reconciled Cost Of Revenue": 572256000.0,
        "EBITDA": 223924000.0,
        "EBIT": 117775000.0,
        "Net Interest Income": -22659000.0,
        "Interest Expense": 24951000.0,
        "Interest Income": 2292000.0,
        "Normalized Income": 106861568.215117,
        "Net Income From Continuing And Discontinued Operation": 61216000.0,
        "Total Expenses": 615852000.0,
        "Total Operating Income As Reported": 115483000.0,
        "Diluted Average Shares": 152938000.0,
        "Basic Average Shares": 149727000.0,
        "Diluted EPS": 0.4,
        "Basic EPS": 0.41,
        "Diluted NI Availto Com Stockholders": 61216000.0,
        "Net Income Common Stockholders": 61216000.0,
        "Net Income": 61216000.0,
        "Net Income Including Noncontrolling Interests": 61216000.0,
        "Net Income Continuous Operations": 61216000.0,
        "Tax Provision": 31608000.0,
        "Pretax Income": 92824000.0,
        "Other Income Expense": -69214000.0,
        "Special Income Charges": -69214000.0,
        "Gain On Sale Of Ppe": 0.0,
        "Impairment Of Capital Assets": NaN,
        "Restructuring And Mergern Acquisition": 69214000.0,
        "Net Non Operating Interest Income Expense": -22659000.0,
        "Interest Expense Non Operating": 24951000.0,
        "Interest Income Non Operating": 2292000.0,
        "Operating Income": 184697000.0,
        "Operating Expense": 43596000.0,
        "Selling General And Administration": 43596000.0,
        "General And Administrative Expense": 43596000.0,
        "Other Gand A": 43596000.0,
        "Gross Profit": 228293000.0,
        "Cost Of Revenue": 572256000.0,
        "Total Revenue": 800549000.0,
        "Operating Revenue": 763543000.0
    },
    "2024-12-31": {
        "Tax Effect Of Unusual Items": -4527803.297392,
        "Tax Rate For Calcs": 0.223474,
        "Normalized EBITDA": 319082000.0,
        "Total Unusual Items": -20261000.0,
        "Total Unusual Items Excluding Goodwill": -20261000.0,
        "Net Income From Continuing Operation Net Minority Interest": 96648000.0,
        "Reconciled Depreciation": 127827000.0,
        "Reconciled Cost Of Revenue": 704813000.0,
        "EBITDA": 298821000.0,
        "EBIT": 170994000.0,
        "Net Interest Income": -46532000.0,
        "Interest Expense": 46532000.0,
        "Interest Income": NaN,
        "Normalized Income": 112381196.702608,
        "Net Income From Continuing And Discontinued Operation": 96648000.0,
        "Total Expenses": 736086000.0,
        "Total Operating Income As Reported": 170994000.0,
        "Diluted Average Shares": 162817000.0,
        "Basic Average Shares": 160257000.0,
        "Diluted EPS": 0.59,
        "Basic EPS": 0.6,
        "Diluted NI Availto Com Stockholders": 96648000.0,
        "Net Income Common Stockholders": 96648000.0,
        "Net Income": 96648000.0,
        "Net Income Including Noncontrolling Interests": 96648000.0,
        "Net Income Continuous Operations": 96648000.0,
        "Tax Provision": 27814000.0,
        "Pretax Income": 124462000.0,
        "Other Income Expense": -20261000.0,
        "Special Income Charges": -20261000.0,
        "Gain On Sale Of Ppe": 0.0,
        "Impairment Of Capital Assets": NaN,
        "Restructuring And Mergern Acquisition": 20261000.0,
        "Net Non Operating Interest Income Expense": -46532000.0,
        "Interest Expense Non Operating": 46532000.0,
        "Interest Income Non Operating": NaN,
        "Operating Income": 191255000.0,
        "Operating Expense": 31273000.0,
        "Selling General And Administration": 31273000.0,
        "General And Administrative Expense": 31273000.0,
        "Other Gand A": 31273000.0,
        "Gross Profit": 222528000.0,
        "Cost Of Revenue": 704813000.0,
        "Total Revenue": 927341000.0,
        "Operating Revenue": 882089000.0
    },
    "2025-03-31": {
        "Tax Effect Of Unusual Items": -4053941.05266,
        "Tax Rate For Calcs": 0.271712,
        "Normalized EBITDA": 339783000.0,
        "Total Unusual Items": -14920000.0,
        "Total Unusual Items Excluding Goodwill": -14920000.0,
        "Net Income From Continuing Operation Net Minority Interest": 108303000.0,
        "Reconciled Depreciation": 135687000.0,
        "Reconciled Cost Of Revenue": 637020000.0,
        "EBITDA": 324863000.0,
        "EBIT": 189176000.0,
        "Net Interest Income": -38630000.0,
        "Interest Expense": 40467000.0,
        "Interest Income": 1837000.0,
        "Normalized Income": 119169058.94734,
        "Net Income From Continuing And Discontinued Operation": 108303000.0,
        "Total Expenses": 672228000.0,
        "Total Operating Income As Reported": 187339000.0,
        "Diluted Average Shares": 161937000.0,
        "Basic Average Shares": 159006000.0,
        "Diluted EPS": 0.67,
        "Basic EPS": 0.68,
        "Diluted NI Availto Com Stockholders": 108303000.0,
        "Net Income Common Stockholders": 108303000.0,
        "Net Income": 108303000.0,
        "Net Income Including Noncontrolling Interests": 108303000.0,
        "Net Income Continuous Operations": 108303000.0,
        "Tax Provision": 40406000.0,
        "Pretax Income": 148709000.0,
        "Other Income Expense": -14920000.0,
        "Special Income Charges": -14920000.0,
        "Gain On Sale Of Ppe": NaN,
        "Impairment Of Capital Assets": NaN,
        "Restructuring And Mergern Acquisition": 14920000.0,
        "Net Non Operating Interest Income Expense": -38630000.0,
        "Interest Expense Non Operating": 40467000.0,
        "Interest Income Non Operating": 1837000.0,
        "Operating Income": 202259000.0,
        "Operating Expense": 35208000.0,
        "Selling General And Administration": 35208000.0,
        "General And Administrative Expense": 35208000.0,
        "Other Gand A": 35208000.0,
        "Gross Profit": 237467000.0,
        "Cost Of Revenue": 637020000.0,
        "Total Revenue": 874487000.0,
        "Operating Revenue": 832428000.0
    },
    "2025-06-30": {
        "Tax Effect Of Unusual Items": -115710.0,
        "Tax Rate For Calcs": 0.21,
        "Normalized EBITDA": 286685000.0,
        "Total Unusual Items": -551000.0,
        "Total Unusual Items Excluding Goodwill": -551000.0,
        "Net Income From Continuing Operation Net Minority Interest": 42872000.0,
        "Reconciled Depreciation": 146169000.0,
        "Reconciled Cost Of Revenue": 677872000.0,
        "EBITDA": 286134000.0,
        "EBIT": 139965000.0,
        "Net Interest Income": -35285000.0,
        "Interest Expense": 39997000.0,
        "Interest Income": 4712000.0,
        "Normalized Income": 43307290.0,
        "Net Income From Continuing And Discontinued Operation": 42872000.0,
        "Total Expenses": 712848000.0,
        "Total Operating Income As Reported": 135253000.0,
        "Diluted Average Shares": 161528000.0,
        "Basic Average Shares": 158798000.0,
        "Diluted EPS": 0.27,
        "Basic EPS": 0.27,
        "Diluted NI Availto Com Stockholders": 42872000.0,
        "Net Income Common Stockholders": 42872000.0,
        "Net Income": 42872000.0,
        "Net Income Including Noncontrolling Interests": 42872000.0,
        "Net Income Continuous Operations": 42872000.0,
        "Tax Provision": 57096000.0,
        "Pretax Income": 99968000.0,
        "Other Income Expense": -551000.0,
        "Special Income Charges": -551000.0,
        "Gain On Sale Of Ppe": 4751000.0,
        "Impairment Of Capital Assets": NaN,
        "Restructuring And Mergern Acquisition": 5302000.0,
        "Net Non Operating Interest Income Expense": -35285000.0,
        "Interest Expense Non Operating": 39997000.0,
        "Interest Income Non Operating": 4712000.0,
        "Operating Income": 135804000.0,
        "Operating Expense": 34976000.0,
        "Selling General And Administration": 34976000.0,
        "General And Administrative Expense": 34976000.0,
        "Other Gand A": 34976000.0,
        "Gross Profit": 170780000.0,
        "Cost Of Revenue": 677872000.0,
        "Total Revenue": 848652000.0,
        "Operating Revenue": 812077000.0
    },
    "2025-09-30": {
        "Tax Effect Of Unusual Items": -11889150.0,
        "Tax Rate For Calcs": 0.21,
        "Normalized EBITDA": 255001000.0,
        "Total Unusual Items": -56615000.0,
        "Total Unusual Items Excluding Goodwill": -56615000.0,
        "Net Income From Continuing Operation Net Minority Interest": -21095000.0,
        "Reconciled Depreciation": 147260000.0,
        "Reconciled Cost Of Revenue": 657701000.0,
        "EBITDA": 198386000.0,
        "EBIT": 51126000.0,
        "Net Interest Income": -39764000.0,
        "Interest Expense": 40490000.0,
        "Interest Income": 726000.0,
        "Normalized Income": 23630850.0,
        "Net Income From Continuing And Discontinued Operation": -21095000.0,
        "Total Expenses": 691002000.0,
        "Total Operating Income As Reported": 50400000.0,
        "Diluted Average Shares": 158834000.0,
        "Basic Average Shares": 158834000.0,
        "Diluted EPS": -0.13,
        "Basic EPS": -0.13,
        "Diluted NI Availto Com Stockholders": -21095000.0,
        "Net Income Common Stockholders": -21095000.0,
        "Net Income": -21095000.0,
        "Net Income Including Noncontrolling Interests": -21095000.0,
        "Net Income Continuous Operations": -21095000.0,
        "Tax Provision": 31731000.0,
        "Pretax Income": 10636000.0,
        "Other Income Expense": -56615000.0,
        "Special Income Charges": -56615000.0,
        "Gain On Sale Of Ppe": 6232000.0,
        "Impairment Of Capital Assets": 60702000.0,
        "Restructuring And Mergern Acquisition": 2145000.0,
        "Net Non Operating Interest Income Expense": -39764000.0,
        "Interest Expense Non Operating": 40490000.0,
        "Interest Income Non Operating": 726000.0,
        "Operating Income": 107015000.0,
        "Operating Expense": 33301000.0,
        "Selling General And Administration": 33301000.0,
        "General And Administrative Expense": 33301000.0,
        "Other Gand A": 33301000.0,
        "Gross Profit": 140316000.0,
        "Cost Of Revenue": 657701000.0,
        "Total Revenue": 798017000.0,
        "Operating Revenue": 757405000.0
    }
}