{
    "2023-06-30": {
        "Tax Effect Of Unusual Items": 21269846.455407,
        "Tax Rate For Calcs": 0.162365,
        "Normalized EBITDA": 4616000000.0,
        "Total Unusual Items": 131000000.0,
        "Total Unusual Items Excluding Goodwill": 131000000.0,
        "Net Income From Continuing Operation Net Minority Interest": 2795000000.0,
        "Reconciled Depreciation": 1551000000.0,
        "Reconciled Cost Of Revenue": 2429000000.0,
        "EBITDA": 4747000000.0,
        "EBIT": 3196000000.0,
        "Net Interest Income": -135000000.0,
        "Interest Expense": 135000000.0,
        "Normalized Income": 2685269846.455407,
        "Net Income From Continuing And Discontinued Operation": 2795000000.0,
        "Total Expenses": 4556000000.0,
        "Total Operating Income As Reported": 2799000000.0,
        "Diluted Average Shares": 2027200000.0,
        "Basic Average Shares": 2022000000.0,
        "Diluted EPS": 1.38,
        "Basic EPS": 1.38,
        "Diluted NI Availto Com Stockholders": 2795000000.0,
        "Net Income Common Stockholders": 2795000000.0,
        "Net Income": 2795000000.0,
        "Minority Interests": 231000000.0,
        "Net Income Including Noncontrolling Interests": 2564000000.0,
        "Net Income Continuous Operations": 2564000000.0,
        "Tax Provision": 497000000.0,
        "Pretax Income": 3061000000.0,
        "Other Income Expense": 403000000.0,
        "Other Non Operating Income Expenses": 140000000.0,
        "Special Income Charges": 37000000.0,
        "Gain On Sale Of Business": 6000000.0,
        "Other Special Charges": -31000000.0,
        "Earnings From Equity Interest": 132000000.0,
        "Gain On Sale Of Security": 94000000.0,
        "Net Non Operating Interest Income Expense": -135000000.0,
        "Total Other Finance Cost": NaN,
        "Interest Expense Non Operating": 135000000.0,
        "Operating Income": 2793000000.0,
        "Operating Expense": 2070000000.0,
        "Other Taxes": 576000000.0,
        "Depreciation Amortization Depletion Income Statement": 1494000000.0,
        "Depreciation And Amortization In Income Statement": 1494000000.0,
        "Gross Profit": 4863000000.0,
        "Cost Of Revenue": 2486000000.0,
        "Total Revenue": 7349000000.0,
        "Operating Revenue": 7349000000.0
    },
    "2023-03-31": {
        "Tax Effect Of Unusual Items": 21182000.0,
        "Tax Rate For Calcs": 0.178,
        "Normalized EBITDA": 4128000000.0,
        "Total Unusual Items": 119000000.0,
        "Total Unusual Items Excluding Goodwill": 119000000.0,
        "Net Income From Continuing Operation Net Minority Interest": 2086000000.0,
        "Reconciled Depreciation": 893000000.0,
        "Reconciled Cost Of Revenue": 2363000000.0,
        "EBITDA": 4247000000.0,
        "EBIT": 3354000000.0,
        "Net Interest Income": -1183000000.0,
        "Interest Expense": 1183000000.0,
        "Normalized Income": 1988182000.0,
        "Net Income From Continuing And Discontinued Operation": 2086000000.0,
        "Total Expenses": 3772000000.0,
        "Total Operating Income As Reported": 2942000000.0,
        "Diluted Average Shares": 2023421945.0,
        "Basic Average Shares": 2023421945.0,
        "Diluted EPS": 1.030927,
        "Basic EPS": 1.030927,
        "Diluted NI Availto Com Stockholders": 2086000000.0,
        "Net Income Common Stockholders": 2086000000.0,
        "Net Income": 2086000000.0,
        "Minority Interests": 301000000.0,
        "Net Income Including Noncontrolling Interests": 1785000000.0,
        "Net Income Continuous Operations": 1785000000.0,
        "Tax Provision": 386000000.0,
        "Pretax Income": 2171000000.0,
        "Other Income Expense": 410000000.0,
        "Other Non Operating Income Expenses": 190000000.0,
        "Special Income Charges": 29000000.0,
        "Gain On Sale Of Business": -2000000.0,
        "Other Special Charges": -31000000.0,
        "Earnings From Equity Interest": 101000000.0,
        "Gain On Sale Of Security": 90000000.0,
        "Net Non Operating Interest Income Expense": -1183000000.0,
        "Total Other Finance Cost": NaN,
        "Interest Expense Non Operating": 1183000000.0,
        "Operating Income": 2944000000.0,
        "Operating Expense": 1338000000.0,
        "Other Taxes": 516000000.0,
        "Depreciation Amortization Depletion Income Statement": 822000000.0,
        "Depreciation And Amortization In Income Statement": 822000000.0,
        "Gross Profit": 4282000000.0,
        "Cost Of Revenue": 2434000000.0,
        "Total Revenue": 6716000000.0,
        "Operating Revenue": 6716000000.0
    },
    "2022-12-31": {
        "Tax Effect Of Unusual Items": 93793859.649123,
        "Tax Rate For Calcs": 0.20614,
        "Normalized EBITDA": 3370000000.0,
        "Total Unusual Items": 455000000.0,
        "Total Unusual Items Excluding Goodwill": 455000000.0,
        "Net Income From Continuing Operation Net Minority Interest": 1522000000.0,
        "Reconciled Depreciation": 1247000000.0,
        "Reconciled Cost Of Revenue": 2692000000.0,
        "EBITDA": 3825000000.0,
        "EBIT": 2578000000.0,
        "Net Interest Income": -685000000.0,
        "Interest Expense": NaN,
        "Normalized Income": 1160793859.649123,
        "Net Income From Continuing And Discontinued Operation": 1522000000.0,
        "Total Expenses": 4444000000.0,
        "Total Operating Income As Reported": 2046000000.0,
        "Diluted Average Shares": 1993000000.0,
        "Basic Average Shares": 1987000000.0,
        "Diluted EPS": 0.763673,
        "Basic EPS": 0.765979,
        "Diluted NI Availto Com Stockholders": 1522000000.0,
        "Net Income Common Stockholders": 1522000000.0,
        "Net Income": 1522000000.0,
        "Minority Interests": 255000000.0,
        "Net Income Including Noncontrolling Interests": 1267000000.0,
        "Net Income Continuous Operations": 1267000000.0,
        "Tax Provision": 329000000.0,
        "Pretax Income": 1596000000.0,
        "Other Income Expense": 561000000.0,
        "Other Non Operating Income Expenses": 83000000.0,
        "Special Income Charges": 350000000.0,
        "Gain On Sale Of Business": 326000000.0,
        "Other Special Charges": -24000000.0,
        "Earnings From Equity Interest": 23000000.0,
        "Gain On Sale Of Security": 105000000.0,
        "Net Non Operating Interest Income Expense": -685000000.0,
        "Total Other Finance Cost": NaN,
        "Interest Expense Non Operating": NaN,
        "Operating Income": 1720000000.0,
        "Operating Expense": 1676000000.0,
        "Other Taxes": 505000000.0,
        "Depreciation Amortization Depletion Income Statement": 1171000000.0,
        "Depreciation And Amortization In Income Statement": 1171000000.0,
        "Gross Profit": 3396000000.0,
        "Cost Of Revenue": 2768000000.0,
        "Total Revenue": 6164000000.0,
        "Operating Revenue": 6164000000.0
    },
    "2022-09-30": {
        "Tax Effect Of Unusual Items": NaN,
        "Tax Rate For Calcs": NaN,
        "Normalized EBITDA": NaN,
        "Total Unusual Items": NaN,
        "Total Unusual Items Excluding Goodwill": NaN,
        "Net Income From Continuing Operation Net Minority Interest": NaN,
        "Reconciled Depreciation": NaN,
        "Reconciled Cost Of Revenue": NaN,
        "EBITDA": NaN,
        "EBIT": NaN,
        "Net Interest Income": NaN,
        "Interest Expense": NaN,
        "Normalized Income": NaN,
        "Net Income From Continuing And Discontinued Operation": NaN,
        "Total Expenses": NaN,
        "Total Operating Income As Reported": NaN,
        "Diluted Average Shares": NaN,
        "Basic Average Shares": NaN,
        "Diluted EPS": NaN,
        "Basic EPS": NaN,
        "Diluted NI Availto Com Stockholders": NaN,
        "Net Income Common Stockholders": NaN,
        "Net Income": NaN,
        "Minority Interests": NaN,
        "Net Income Including Noncontrolling Interests": NaN,
        "Net Income Continuous Operations": NaN,
        "Tax Provision": NaN,
        "Pretax Income": NaN,
        "Other Income Expense": NaN,
        "Other Non Operating Income Expenses": NaN,
        "Special Income Charges": NaN,
        "Gain On Sale Of Business": NaN,
        "Other Special Charges": NaN,
        "Earnings From Equity Interest": NaN,
        "Gain On Sale Of Security": NaN,
        "Net Non Operating Interest Income Expense": NaN,
        "Total Other Finance Cost": 259000000.0,
        "Interest Expense Non Operating": NaN,
        "Operating Income": NaN,
        "Operating Expense": NaN,
        "Other Taxes": NaN,
        "Depreciation Amortization Depletion Income Statement": NaN,
        "Depreciation And Amortization In Income Statement": NaN,
        "Gross Profit": NaN,
        "Cost Of Revenue": NaN,
        "Total Revenue": NaN,
        "Operating Revenue": NaN
    },
    "2022-06-30": {
        "Tax Effect Of Unusual Items": -51402985.074627,
        "Tax Rate For Calcs": 0.208955,
        "Normalized EBITDA": 2420000000.0,
        "Total Unusual Items": -246000000.0,
        "Total Unusual Items Excluding Goodwill": -246000000.0,
        "Net Income From Continuing Operation Net Minority Interest": 1380000000.0,
        "Reconciled Depreciation": 1227000000.0,
        "Reconciled Cost Of Revenue": 2498000000.0,
        "EBITDA": 2174000000.0,
        "EBIT": 947000000.0,
        "Net Interest Income": 217000000.0,
        "Interest Expense": NaN,
        "Interest Income": 217000000.0,
        "Normalized Income": 1574597014.925373,
        "Net Income From Continuing And Discontinued Operation": 1380000000.0,
        "Total Expenses": 4236000000.0,
        "Total Operating Income As Reported": 948000000.0,
        "Diluted Average Shares": 1972900000.0,
        "Basic Average Shares": 1965200000.0,
        "Diluted EPS": 0.7,
        "Basic EPS": 0.7,
        "Diluted NI Availto Com Stockholders": 1380000000.0,
        "Net Income Common Stockholders": 1380000000.0,
        "Net Income": 1380000000.0,
        "Minority Interests": 267000000.0,
        "Net Income Including Noncontrolling Interests": 1113000000.0,
        "Net Income Continuous Operations": 1113000000.0,
        "Tax Provision": 294000000.0,
        "Pretax Income": 1407000000.0,
        "Other Income Expense": 243000000.0,
        "Other Non Operating Income Expenses": 53000000.0,
        "Special Income Charges": 31000000.0,
        "Gain On Sale Of Business": 1000000.0,
        "Other Special Charges": -30000000.0,
        "Earnings From Equity Interest": 436000000.0,
        "Gain On Sale Of Security": -277000000.0,
        "Net Non Operating Interest Income Expense": 217000000.0,
        "Interest Expense Non Operating": NaN,
        "Interest Income Non Operating": 217000000.0,
        "Operating Income": 947000000.0,
        "Operating Expense": 1670000000.0,
        "Other Operating Expenses": -30000000.0,
        "Other Taxes": 511000000.0,
        "Depreciation Amortization Depletion Income Statement": 1159000000.0,
        "Depreciation And Amortization In Income Statement": 1159000000.0,
        "Gross Profit": 2617000000.0,
        "Cost Of Revenue": 2566000000.0,
        "Total Revenue": 5183000000.0,
        "Operating Revenue": 5183000000.0
    },
    "2022-03-31": {
        "Diluted EPS": -0.23,
        "Total Revenue": NaN,
        "Gross Profit": NaN,
        "Operating Income": -775,
        "EBIT": 185,
        "Net Income": -451
    },
    "2021-12-31": {
        "Diluted EPS": 0.61,
        "Total Revenue": NaN,
        "Gross Profit": NaN,
        "Operating Income": NaN,
        "EBIT": NaN,
        "Net Income": NaN
    },
    "2021-09-30": {
        "Diluted EPS": 0.23,
        "Total Revenue": NaN,
        "Gross Profit": NaN,
        "Operating Income": 379,
        "EBIT": NaN,
        "Net Income": 447
    },
    "2021-06-30": {
        "Diluted EPS": 0.13,
        "Total Revenue": NaN,
        "Gross Profit": NaN,
        "Operating Income": 510,
        "EBIT": NaN,
        "Net Income": 256
    },
    "2021-03-31": {
        "Diluted EPS": 0.84,
        "Total Revenue": NaN,
        "Gross Profit": NaN,
        "Operating Income": 669,
        "EBIT": NaN,
        "Net Income": NaN
    },
    "2020-12-31": {
        "Diluted EPS": 0.0,
        "Total Revenue": NaN,
        "Gross Profit": NaN,
        "Operating Income": 941,
        "EBIT": NaN,
        "Net Income": -6
    },
    "2020-09-30": {
        "Diluted EPS": 0.62,
        "Total Revenue": NaN,
        "Gross Profit": NaN,
        "Operating Income": NaN,
        "EBIT": NaN,
        "Net Income": NaN
    },
    "2020-06-30": {
        "Diluted EPS": 0.65,
        "Total Revenue": NaN,
        "Gross Profit": NaN,
        "Operating Income": NaN,
        "EBIT": NaN,
        "Net Income": NaN
    },
    "2020-03-31": {
        "Diluted EPS": 0.21,
        "Total Revenue": NaN,
        "Gross Profit": NaN,
        "Operating Income": NaN,
        "EBIT": NaN,
        "Net Income": 421
    },
    "2019-12-31": {
        "Diluted EPS": 0.5,
        "Total Revenue": NaN,
        "Gross Profit": NaN,
        "Operating Income": 878,
        "EBIT": NaN,
        "Net Income": 976
    },
    "2019-09-30": {
        "Diluted EPS": 0.45,
        "Total Revenue": NaN,
        "Gross Profit": NaN,
        "Operating Income": NaN,
        "EBIT": NaN,
        "Net Income": 879
    },
    "2019-06-30": {
        "Diluted EPS": 0.64,
        "Total Revenue": NaN,
        "Gross Profit": NaN,
        "Operating Income": NaN,
        "EBIT": NaN,
        "Net Income": NaN
    },
    "2019-03-31": {
        "Diluted EPS": 0.35,
        "Total Revenue": NaN,
        "Gross Profit": NaN,
        "Operating Income": NaN,
        "EBIT": NaN,
        "Net Income": 680
    },
    "2018-12-31": {
        "Diluted EPS": 0.21,
        "Total Revenue": NaN,
        "Gross Profit": NaN,
        "Operating Income": NaN,
        "EBIT": NaN,
        "Net Income": 421
    },
    "2018-09-30": {
        "Diluted EPS": 0.53,
        "Total Revenue": NaN,
        "Gross Profit": NaN,
        "Operating Income": 968,
        "EBIT": NaN,
        "Net Income": NaN
    },
    "2018-06-30": {
        "Diluted EPS": 0.4,
        "Total Revenue": NaN,
        "Gross Profit": NaN,
        "Operating Income": NaN,
        "EBIT": NaN,
        "Net Income": 781
    },
    "2018-03-31": {
        "Diluted EPS": 2.33,
        "Total Revenue": NaN,
        "Gross Profit": NaN,
        "Operating Income": NaN,
        "EBIT": NaN,
        "Net Income": NaN
    },
    "2017-12-31": {
        "Diluted EPS": 1.14,
        "Total Revenue": NaN,
        "Gross Profit": NaN,
        "Operating Income": 184,
        "EBIT": 36,
        "Net Income": NaN
    },
    "2017-09-30": {
        "Diluted EPS": 0.45,
        "Total Revenue": NaN,
        "Gross Profit": NaN,
        "Operating Income": NaN,
        "EBIT": NaN,
        "Net Income": 847
    },
    "2017-06-30": {
        "Diluted EPS": 0.42,
        "Total Revenue": NaN,
        "Gross Profit": NaN,
        "Operating Income": NaN,
        "EBIT": NaN,
        "Net Income": 793
    },
    "2017-03-31": {
        "Diluted EPS": 0.84,
        "Total Revenue": NaN,
        "Gross Profit": NaN,
        "Operating Income": NaN,
        "EBIT": NaN,
        "Net Income": NaN
    },
    "2016-12-31": {
        "Diluted EPS": 0.51,
        "Total Revenue": NaN,
        "Gross Profit": NaN,
        "Operating Income": 777,
        "EBIT": NaN,
        "Net Income": 960
    },
    "2016-09-30": {
        "Diluted EPS": 0.41,
        "Total Revenue": NaN,
        "Gross Profit": NaN,
        "Operating Income": NaN,
        "EBIT": NaN,
        "Net Income": 753
    },
    "2016-06-30": {
        "Diluted EPS": 0.29,
        "Total Revenue": NaN,
        "Gross Profit": NaN,
        "Operating Income": NaN,
        "EBIT": NaN,
        "Net Income": 540
    },
    "2016-03-31": {
        "Diluted EPS": 0.35,
        "Total Revenue": NaN,
        "Gross Profit": NaN,
        "Operating Income": NaN,
        "EBIT": NaN,
        "Net Income": 653
    },
    "2015-12-31": {
        "Diluted EPS": 0.27,
        "Total Revenue": NaN,
        "Gross Profit": NaN,
        "Operating Income": 876,
        "EBIT": NaN,
        "Net Income": 507
    },
    "2015-09-30": {
        "Diluted EPS": 0.48,
        "Total Revenue": NaN,
        "Gross Profit": NaN,
        "Operating Income": NaN,
        "EBIT": NaN,
        "Net Income": 879
    },
    "2015-06-30": {
        "Diluted EPS": 0.4,
        "Total Revenue": NaN,
        "Gross Profit": NaN,
        "Operating Income": NaN,
        "EBIT": NaN,
        "Net Income": 716
    },
    "2015-03-31": {
        "Diluted EPS": 0.36,
        "Total Revenue": NaN,
        "Gross Profit": NaN,
        "Operating Income": NaN,
        "EBIT": NaN,
        "Net Income": 650
    },
    "2014-12-31": {
        "Diluted EPS": 0.5,
        "Total Revenue": NaN,
        "Gross Profit": NaN,
        "Operating Income": NaN,
        "EBIT": NaN,
        "Net Income": 883
    },
    "2014-09-30": {
        "Diluted EPS": 0.38,
        "Total Revenue": NaN,
        "Gross Profit": NaN,
        "Operating Income": NaN,
        "EBIT": NaN,
        "Net Income": 660
    },
    "2014-06-30": {
        "Diluted EPS": 0.28,
        "Total Revenue": NaN,
        "Gross Profit": NaN,
        "Operating Income": 951,
        "EBIT": NaN,
        "Net Income": 492
    },
    "2014-03-31": {
        "Diluted EPS": 0.25,
        "Total Revenue": NaN,
        "Gross Profit": NaN,
        "Operating Income": 738,
        "EBIT": NaN,
        "Net Income": 430
    },
    "2013-12-31": {
        "Diluted EPS": 0.19,
        "Total Revenue": NaN,
        "Gross Profit": NaN,
        "Operating Income": 641,
        "EBIT": NaN,
        "Net Income": 328
    },
    "2013-09-30": {
        "Diluted EPS": 0.41,
        "Total Revenue": NaN,
        "Gross Profit": NaN,
        "Operating Income": NaN,
        "EBIT": NaN,
        "Net Income": 698
    },
    "2013-06-30": {
        "Diluted EPS": 0.36,
        "Total Revenue": NaN,
        "Gross Profit": NaN,
        "Operating Income": 981,
        "EBIT": NaN,
        "Net Income": 610
    },
    "2013-03-31": {
        "Diluted EPS": 0.16,
        "Total Revenue": NaN,
        "Gross Profit": NaN,
        "Operating Income": 434,
        "EBIT": 934,
        "Net Income": 272
    },
    "2012-12-31": {
        "Diluted EPS": 0.26,
        "Total Revenue": NaN,
        "Gross Profit": NaN,
        "Operating Income": 731,
        "EBIT": NaN,
        "Net Income": 428
    },
    "2012-09-30": {
        "Diluted EPS": 0.25,
        "Total Revenue": NaN,
        "Gross Profit": NaN,
        "Operating Income": 742,
        "EBIT": NaN,
        "Net Income": 415
    },
    "2012-06-30": {
        "Diluted EPS": 0.36,
        "Total Revenue": NaN,
        "Gross Profit": NaN,
        "Operating Income": NaN,
        "EBIT": NaN,
        "Net Income": 607
    },
    "2012-03-31": {
        "Diluted EPS": 0.28,
        "Total Revenue": NaN,
        "Gross Profit": NaN,
        "Operating Income": 803,
        "EBIT": NaN,
        "Net Income": 461
    },
    "2011-12-31": {
        "Diluted EPS": 0.4,
        "Total Revenue": NaN,
        "Gross Profit": NaN,
        "Operating Income": NaN,
        "EBIT": NaN,
        "Net Income": 668
    },
    "2011-09-30": {
        "Diluted EPS": 0.24,
        "Total Revenue": NaN,
        "Gross Profit": NaN,
        "Operating Income": 911,
        "EBIT": NaN,
        "Net Income": 407
    },
    "2011-06-30": {
        "Diluted EPS": 0.35,
        "Total Revenue": NaN,
        "Gross Profit": NaN,
        "Operating Income": 907,
        "EBIT": NaN,
        "Net Income": 580
    },
    "2011-03-31": {
        "Diluted EPS": 0.16,
        "Total Revenue": NaN,
        "Gross Profit": NaN,
        "Operating Income": 428,
        "EBIT": 830,
        "Net Income": 268
    },
    "2010-12-31": {
        "Diluted EPS": 0.16,
        "Total Revenue": NaN,
        "Gross Profit": NaN,
        "Operating Income": 454,
        "EBIT": 983,
        "Net Income": 264
    },
    "2010-09-30": {
        "Diluted EPS": 0.44,
        "Total Revenue": NaN,
        "Gross Profit": NaN,
        "Operating Income": NaN,
        "EBIT": NaN,
        "Net Income": 720
    },
    "2010-06-30": {
        "Diluted EPS": 0.25,
        "Total Revenue": NaN,
        "Gross Profit": NaN,
        "Operating Income": 709,
        "EBIT": NaN,
        "Net Income": 417
    },
    "2010-03-31": {
        "Diluted EPS": 0.34,
        "Total Revenue": NaN,
        "Gross Profit": NaN,
        "Operating Income": 939,
        "EBIT": NaN,
        "Net Income": 556
    },
    "2009-12-31": {
        "Diluted EPS": 0.21,
        "Total Revenue": NaN,
        "Gross Profit": NaN,
        "Operating Income": 557,
        "EBIT": NaN,
        "Net Income": 348
    },
    "2009-09-30": {
        "Diluted EPS": 0.33,
        "Total Revenue": NaN,
        "Gross Profit": NaN,
        "Operating Income": 849,
        "EBIT": NaN,
        "Net Income": 533
    },
    "2009-06-30": {
        "Diluted EPS": 0.23,
        "Total Revenue": NaN,
        "Gross Profit": NaN,
        "Operating Income": 605,
        "EBIT": NaN,
        "Net Income": 370
    },
    "2009-03-31": {
        "Diluted EPS": 0.23,
        "Total Revenue": NaN,
        "Gross Profit": NaN,
        "Operating Income": 583,
        "EBIT": NaN,
        "Net Income": 364
    },
    "2023-09-30": {
        "Tax Effect Of Unusual Items": NaN,
        "Tax Rate For Calcs": NaN,
        "Normalized EBITDA": NaN,
        "Total Unusual Items": NaN,
        "Total Unusual Items Excluding Goodwill": NaN,
        "Net Income From Continuing Operation Net Minority Interest": NaN,
        "Reconciled Depreciation": NaN,
        "Reconciled Cost Of Revenue": NaN,
        "EBITDA": NaN,
        "EBIT": NaN,
        "Net Interest Income": NaN,
        "Interest Expense": NaN,
        "Normalized Income": NaN,
        "Net Income From Continuing And Discontinued Operation": NaN,
        "Total Expenses": NaN,
        "Total Operating Income As Reported": NaN,
        "Diluted Average Shares": NaN,
        "Basic Average Shares": NaN,
        "Diluted EPS": NaN,
        "Basic EPS": NaN,
        "Diluted NI Availto Com Stockholders": NaN,
        "Net Income Common Stockholders": NaN,
        "Net Income": NaN,
        "Minority Interests": NaN,
        "Net Income Including Noncontrolling Interests": NaN,
        "Net Income Continuous Operations": NaN,
        "Tax Provision": NaN,
        "Pretax Income": NaN,
        "Other Income Expense": NaN,
        "Other Non Operating Income Expenses": NaN,
        "Special Income Charges": NaN,
        "Gain On Sale Of Business": NaN,
        "Other Special Charges": NaN,
        "Earnings From Equity Interest": NaN,
        "Gain On Sale Of Security": NaN,
        "Net Non Operating Interest Income Expense": NaN,
        "Total Other Finance Cost": 26000000.0,
        "Interest Expense Non Operating": NaN,
        "Operating Income": NaN,
        "Operating Expense": NaN,
        "Other Taxes": NaN,
        "Depreciation Amortization Depletion Income Statement": NaN,
        "Depreciation And Amortization In Income Statement": NaN,
        "Gross Profit": NaN,
        "Cost Of Revenue": NaN,
        "Total Revenue": NaN,
        "Operating Revenue": NaN
    },
    "2023-12-31": {
        "Tax Effect Of Unusual Items": 95867036.01108,
        "Tax Rate For Calcs": 0.155125,
        "Normalized EBITDA": 4126000000.0,
        "Total Unusual Items": 618000000.0,
        "Total Unusual Items Excluding Goodwill": 618000000.0,
        "Net Income From Continuing Operation Net Minority Interest": 1210000000.0,
        "Reconciled Depreciation": 1681000000.0,
        "Reconciled Cost Of Revenue": 2393000000.0,
        "EBITDA": 4744000000.0,
        "EBIT": 3063000000.0,
        "Net Interest Income": -1980000000.0,
        "Interest Expense": 1980000000.0,
        "Normalized Income": 687867036.01108,
        "Net Income From Continuing And Discontinued Operation": 1210000000.0,
        "Total Expenses": 4612000000.0,
        "Total Operating Income As Reported": 2660000000.0,
        "Diluted Average Shares": 2054000000.0,
        "Basic Average Shares": 2050847458.0,
        "Diluted EPS": 0.589094,
        "Basic EPS": 0.59,
        "Diluted NI Availto Com Stockholders": 1210000000.0,
        "Net Income Common Stockholders": 1210000000.0,
        "Net Income": 1210000000.0,
        "Minority Interests": 295000000.0,
        "Net Income Including Noncontrolling Interests": 915000000.0,
        "Net Income Continuous Operations": 915000000.0,
        "Tax Provision": 168000000.0,
        "Pretax Income": 1083000000.0,
        "Other Income Expense": 797000000.0,
        "Other Non Operating Income Expenses": 106000000.0,
        "Special Income Charges": 450000000.0,
        "Gain On Sale Of Business": 394000000.0,
        "Other Special Charges": -56000000.0,
        "Earnings From Equity Interest": 73000000.0,
        "Gain On Sale Of Security": 168000000.0,
        "Net Non Operating Interest Income Expense": -1980000000.0,
        "Total Other Finance Cost": NaN,
        "Interest Expense Non Operating": 1980000000.0,
        "Operating Income": 2266000000.0,
        "Operating Expense": 2145000000.0,
        "Other Taxes": 538000000.0,
        "Depreciation Amortization Depletion Income Statement": 1607000000.0,
        "Depreciation And Amortization In Income Statement": 1607000000.0,
        "Gross Profit": 4411000000.0,
        "Cost Of Revenue": 2467000000.0,
        "Total Revenue": 6878000000.0,
        "Operating Revenue": 6878000000.0
    },
    "2024-03-31": {
        "Tax Effect Of Unusual Items": 26985000.0,
        "Tax Rate For Calcs": 0.105,
        "Normalized EBITDA": 3218000000.0,
        "Total Unusual Items": 257000000.0,
        "Total Unusual Items Excluding Goodwill": 257000000.0,
        "Net Income From Continuing Operation Net Minority Interest": 2268000000.0,
        "Reconciled Depreciation": 988000000.0,
        "Reconciled Cost Of Revenue": 2239000000.0,
        "EBITDA": 3475000000.0,
        "EBIT": 2487000000.0,
        "Net Interest Income": -323000000.0,
        "Interest Expense": 323000000.0,
        "Normalized Income": 2037985000.0,
        "Net Income From Continuing And Discontinued Operation": 2268000000.0,
        "Total Expenses": 3776000000.0,
        "Total Operating Income As Reported": 2013000000.0,
        "Diluted Average Shares": 2055200000.0,
        "Basic Average Shares": 2051500000.0,
        "Diluted EPS": 1.1,
        "Basic EPS": 1.11,
        "Diluted NI Availto Com Stockholders": 2268000000.0,
        "Net Income Common Stockholders": 2268000000.0,
        "Net Income": 2268000000.0,
        "Minority Interests": 331000000.0,
        "Net Income Including Noncontrolling Interests": 1937000000.0,
        "Net Income Continuous Operations": 1937000000.0,
        "Tax Provision": 227000000.0,
        "Pretax Income": 2164000000.0,
        "Other Income Expense": 532000000.0,
        "Other Non Operating Income Expenses": 72000000.0,
        "Special Income Charges": 114000000.0,
        "Gain On Sale Of Business": 58000000.0,
        "Other Special Charges": -56000000.0,
        "Earnings From Equity Interest": 203000000.0,
        "Gain On Sale Of Security": 143000000.0,
        "Net Non Operating Interest Income Expense": -323000000.0,
        "Interest Expense Non Operating": 323000000.0,
        "Operating Income": 1955000000.0,
        "Operating Expense": 1447000000.0,
        "Other Taxes": 549000000.0,
        "Depreciation Amortization Depletion Income Statement": 898000000.0,
        "Depreciation And Amortization In Income Statement": 898000000.0,
        "Gross Profit": 3402000000.0,
        "Cost Of Revenue": 2329000000.0,
        "Total Revenue": 5731000000.0,
        "Operating Revenue": 5731000000.0
    },
    "2024-06-30": {
        "Tax Effect Of Unusual Items": 20370000.0,
        "Tax Rate For Calcs": 0.21,
        "Normalized EBITDA": 3426000000.0,
        "Total Unusual Items": 97000000.0,
        "Total Unusual Items Excluding Goodwill": 97000000.0,
        "Net Income From Continuing Operation Net Minority Interest": 1622000000.0,
        "Reconciled Depreciation": 1471000000.0,
        "Reconciled Cost Of Revenue": 2389000000.0,
        "EBITDA": 3523000000.0,
        "EBIT": 2052000000.0,
        "Net Interest Income": -820000000.0,
        "Interest Expense": 820000000.0,
        "Normalized Income": 1545370000.0,
        "Net Income From Continuing And Discontinued Operation": 1622000000.0,
        "Total Expenses": 4428000000.0,
        "Total Operating Income As Reported": 1670000000.0,
        "Diluted Average Shares": 2058000000.0,
        "Basic Average Shares": 2055353601.0,
        "Diluted EPS": 0.789159,
        "Basic EPS": 0.789159,
        "Diluted NI Availto Com Stockholders": 1622000000.0,
        "Net Income Common Stockholders": 1622000000.0,
        "Net Income": 1622000000.0,
        "Minority Interests": 326000000.0,
        "Net Income Including Noncontrolling Interests": 1296000000.0,
        "Net Income Continuous Operations": 1296000000.0,
        "Tax Provision": -64000000.0,
        "Pretax Income": 1232000000.0,
        "Other Income Expense": 411000000.0,
        "Other Non Operating Income Expenses": 155000000.0,
        "Special Income Charges": 70000000.0,
        "Gain On Sale Of Business": 29000000.0,
        "Other Special Charges": -41000000.0,
        "Earnings From Equity Interest": 159000000.0,
        "Gain On Sale Of Security": 27000000.0,
        "Net Non Operating Interest Income Expense": -820000000.0,
        "Interest Expense Non Operating": 820000000.0,
        "Operating Income": 1641000000.0,
        "Operating Expense": 1977000000.0,
        "Other Taxes": 568000000.0,
        "Depreciation Amortization Depletion Income Statement": 1409000000.0,
        "Depreciation And Amortization In Income Statement": 1409000000.0,
        "Gross Profit": 3618000000.0,
        "Cost Of Revenue": 2451000000.0,
        "Total Revenue": 6069000000.0,
        "Operating Revenue": 6069000000.0
    },
    "2024-09-30": {
        "Tax Effect Of Unusual Items": 1170000.0,
        "Tax Rate For Calcs": 0.003,
        "Normalized EBITDA": 4743000000.0,
        "Total Unusual Items": 390000000.0,
        "Total Unusual Items Excluding Goodwill": 390000000.0,
        "Net Income From Continuing Operation Net Minority Interest": 1852000000.0,
        "Reconciled Depreciation": 1720000000.0,
        "Reconciled Cost Of Revenue": 2620000000.0,
        "EBITDA": 5133000000.0,
        "EBIT": 3413000000.0,
        "Net Interest Income": -1817000000.0,
        "Interest Expense": 1817000000.0,
        "Normalized Income": 1463170000.0,
        "Net Income From Continuing And Discontinued Operation": 1852000000.0,
        "Total Expenses": 4942000000.0,
        "Total Operating Income As Reported": 2856000000.0,
        "Diluted Average Shares": NaN,
        "Basic Average Shares": NaN,
        "Diluted EPS": NaN,
        "Basic EPS": NaN,
        "Diluted NI Availto Com Stockholders": 1852000000.0,
        "Net Income Common Stockholders": 1852000000.0,
        "Net Income": 1852000000.0,
        "Minority Interests": 261000000.0,
        "Net Income Including Noncontrolling Interests": 1591000000.0,
        "Net Income Continuous Operations": 1591000000.0,
        "Tax Provision": 5000000.0,
        "Pretax Income": 1596000000.0,
        "Other Income Expense": 788000000.0,
        "Other Non Operating Income Expenses": 161000000.0,
        "Special Income Charges": 281000000.0,
        "Gain On Sale Of Business": 231000000.0,
        "Other Special Charges": -50000000.0,
        "Earnings From Equity Interest": 237000000.0,
        "Gain On Sale Of Security": 109000000.0,
        "Net Non Operating Interest Income Expense": -1817000000.0,
        "Interest Expense Non Operating": 1817000000.0,
        "Operating Income": 2625000000.0,
        "Operating Expense": 2244000000.0,
        "Other Taxes": 602000000.0,
        "Depreciation Amortization Depletion Income Statement": 1642000000.0,
        "Depreciation And Amortization In Income Statement": 1642000000.0,
        "Gross Profit": 4869000000.0,
        "Cost Of Revenue": 2698000000.0,
        "Total Revenue": 7567000000.0,
        "Operating Revenue": 7567000000.0
    },
    "2024-12-31": {
        "Tax Effect Of Unusual Items": 12284482.758621,
        "Tax Rate For Calcs": 0.163793,
        "Normalized EBITDA": 1826000000.0,
        "Total Unusual Items": 75000000.0,
        "Total Unusual Items Excluding Goodwill": 75000000.0,
        "Net Income From Continuing Operation Net Minority Interest": 1203000000.0,
        "Reconciled Depreciation": 1582000000.0,
        "Reconciled Cost Of Revenue": 2339000000.0,
        "EBITDA": 1901000000.0,
        "EBIT": 319000000.0,
        "Net Interest Income": 725000000.0,
        "Interest Expense": -725000000.0,
        "Normalized Income": 1140284482.758621,
        "Net Income From Continuing And Discontinued Operation": 1203000000.0,
        "Total Expenses": 4478000000.0,
        "Total Operating Income As Reported": 941000000.0,
        "Diluted Average Shares": 2062000000.0,
        "Basic Average Shares": 2057000000.0,
        "Diluted EPS": 0.58,
        "Basic EPS": 0.584832,
        "Diluted NI Availto Com Stockholders": 1203000000.0,
        "Net Income Common Stockholders": 1203000000.0,
        "Net Income": 1203000000.0,
        "Minority Interests": 330000000.0,
        "Net Income Including Noncontrolling Interests": 873000000.0,
        "Net Income Continuous Operations": 873000000.0,
        "Tax Provision": 171000000.0,
        "Pretax Income": 1044000000.0,
        "Other Income Expense": -588000000.0,
        "Other Non Operating Income Expenses": 182000000.0,
        "Special Income Charges": 85000000.0,
        "Gain On Sale Of Business": 34000000.0,
        "Other Special Charges": -51000000.0,
        "Earnings From Equity Interest": -845000000.0,
        "Gain On Sale Of Security": -10000000.0,
        "Net Non Operating Interest Income Expense": 725000000.0,
        "Interest Expense Non Operating": -725000000.0,
        "Operating Income": 907000000.0,
        "Operating Expense": 2070000000.0,
        "Other Taxes": 557000000.0,
        "Depreciation Amortization Depletion Income Statement": 1513000000.0,
        "Depreciation And Amortization In Income Statement": 1513000000.0,
        "Gross Profit": 2977000000.0,
        "Cost Of Revenue": 2408000000.0,
        "Total Revenue": 5385000000.0,
        "Operating Revenue": 5385000000.0
    },
    "2025-03-31": {
        "Tax Effect Of Unusual Items": 840000.0,
        "Tax Rate For Calcs": 0.21,
        "Normalized EBITDA": 2889000000.0,
        "Total Unusual Items": 4000000.0,
        "Total Unusual Items Excluding Goodwill": 4000000.0,
        "Net Income From Continuing Operation Net Minority Interest": 833000000.0,
        "Reconciled Depreciation": 1176000000.0,
        "Reconciled Cost Of Revenue": 2257000000.0,
        "EBITDA": 2893000000.0,
        "EBIT": 1717000000.0,
        "Net Interest Income": -1774000000.0,
        "Interest Expense": 1774000000.0,
        "Normalized Income": 829840000.0,
        "Net Income From Continuing And Discontinued Operation": 833000000.0,
        "Total Expenses": 4027000000.0,
        "Total Operating Income As Reported": 2256000000.0,
        "Diluted Average Shares": 2061000000.0,
        "Basic Average Shares": 2058631107.0,
        "Diluted EPS": 0.4,
        "Basic EPS": 0.404638,
        "Diluted NI Availto Com Stockholders": 833000000.0,
        "Net Income Common Stockholders": 833000000.0,
        "Net Income": 833000000.0,
        "Minority Interests": 369000000.0,
        "Net Income Including Noncontrolling Interests": 464000000.0,
        "Net Income Continuous Operations": 464000000.0,
        "Tax Provision": -521000000.0,
        "Pretax Income": -57000000.0,
        "Other Income Expense": -503000000.0,
        "Other Non Operating Income Expenses": 139000000.0,
        "Special Income Charges": 74000000.0,
        "Gain On Sale Of Business": 36000000.0,
        "Other Special Charges": -38000000.0,
        "Earnings From Equity Interest": -646000000.0,
        "Gain On Sale Of Security": -70000000.0,
        "Net Non Operating Interest Income Expense": -1774000000.0,
        "Interest Expense Non Operating": 1774000000.0,
        "Operating Income": 2220000000.0,
        "Operating Expense": 1689000000.0,
        "Other Taxes": 594000000.0,
        "Depreciation Amortization Depletion Income Statement": 1095000000.0,
        "Depreciation And Amortization In Income Statement": 1095000000.0,
        "Gross Profit": 3909000000.0,
        "Cost Of Revenue": 2338000000.0,
        "Total Revenue": 6247000000.0,
        "Operating Revenue": 6247000000.0
    },
    "2025-06-30": {
        "Tax Effect Of Unusual Items": 49350000.0,
        "Tax Rate For Calcs": 0.21,
        "Normalized EBITDA": 4065000000.0,
        "Total Unusual Items": 235000000.0,
        "Total Unusual Items Excluding Goodwill": 235000000.0,
        "Net Income From Continuing Operation Net Minority Interest": 2028000000.0,
        "Reconciled Depreciation": 1857000000.0,
        "Reconciled Cost Of Revenue": 2320000000.0,
        "EBITDA": 4300000000.0,
        "EBIT": 2443000000.0,
        "Net Interest Income": -1060000000.0,
        "Interest Expense": 1060000000.0,
        "Normalized Income": 1842350000.0,
        "Net Income From Continuing And Discontinued Operation": 2028000000.0,
        "Total Expenses": 4807000000.0,
        "Total Operating Income As Reported": 1911000000.0,
        "Diluted Average Shares": 2061300000.0,
        "Basic Average Shares": 2056700000.0,
        "Diluted EPS": 0.98,
        "Basic EPS": 0.99,
        "Diluted NI Availto Com Stockholders": 2028000000.0,
        "Net Income Common Stockholders": 2028000000.0,
        "Net Income": 2028000000.0,
        "Minority Interests": 389000000.0,
        "Net Income Including Noncontrolling Interests": 1639000000.0,
        "Net Income Continuous Operations": 1639000000.0,
        "Tax Provision": -256000000.0,
        "Pretax Income": 1383000000.0,
        "Other Income Expense": 550000000.0,
        "Other Non Operating Income Expenses": 138000000.0,
        "Special Income Charges": 62000000.0,
        "Gain On Sale Of Business": 18000000.0,
        "Other Special Charges": -44000000.0,
        "Earnings From Equity Interest": 177000000.0,
        "Gain On Sale Of Security": 173000000.0,
        "Net Non Operating Interest Income Expense": -1060000000.0,
        "Interest Expense Non Operating": 1060000000.0,
        "Operating Income": 1893000000.0,
        "Operating Expense": 2403000000.0,
        "Other Taxes": 630000000.0,
        "Depreciation Amortization Depletion Income Statement": 1773000000.0,
        "Depreciation And Amortization In Income Statement": 1773000000.0,
        "Gross Profit": 4296000000.0,
        "Cost Of Revenue": 2404000000.0,
        "Total Revenue": 6700000000.0,
        "Operating Revenue": 6700000000.0
    },
    "2025-09-30": {
        "Tax Effect Of Unusual Items": 67620000.0,
        "Tax Rate For Calcs": 0.21,
        "Normalized EBITDA": 4909000000.0,
        "Total Unusual Items": 322000000.0,
        "Total Unusual Items Excluding Goodwill": 322000000.0,
        "Net Income From Continuing Operation Net Minority Interest": 2438000000.0,
        "Reconciled Depreciation": 2193000000.0,
        "Reconciled Cost Of Revenue": 2736000000.0,
        "EBITDA": 5231000000.0,
        "EBIT": 3038000000.0,
        "Net Interest Income": -1153000000.0,
        "Interest Expense": 1153000000.0,
        "Normalized Income": 2183620000.0,
        "Net Income From Continuing And Discontinued Operation": 2438000000.0,
        "Total Expenses": 5582000000.0,
        "Total Operating Income As Reported": 2527000000.0,
        "Diluted Average Shares": 2070600000.0,
        "Basic Average Shares": 2064600000.0,
        "Diluted EPS": 1.18,
        "Basic EPS": 1.18,
        "Diluted NI Availto Com Stockholders": 2438000000.0,
        "Net Income Common Stockholders": 2438000000.0,
        "Net Income": 2438000000.0,
        "Minority Interests": 303000000.0,
        "Net Income Including Noncontrolling Interests": 2135000000.0,
        "Net Income Continuous Operations": 2135000000.0,
        "Tax Provision": -250000000.0,
        "Pretax Income": 1885000000.0,
        "Other Income Expense": 654000000.0,
        "Other Non Operating Income Expenses": 128000000.0,
        "Special Income Charges": 191000000.0,
        "Gain On Sale Of Business": 143000000.0,
        "Other Special Charges": -48000000.0,
        "Earnings From Equity Interest": 204000000.0,
        "Gain On Sale Of Security": 131000000.0,
        "Net Non Operating Interest Income Expense": -1153000000.0,
        "Interest Expense Non Operating": 1153000000.0,
        "Operating Income": 2384000000.0,
        "Operating Expense": 2749000000.0,
        "Other Taxes": 653000000.0,
        "Depreciation Amortization Depletion Income Statement": 2096000000.0,
        "Depreciation And Amortization In Income Statement": 2096000000.0,
        "Gross Profit": 5133000000.0,
        "Cost Of Revenue": 2833000000.0,
        "Total Revenue": 7966000000.0,
        "Operating Revenue": 7966000000.0
    },
    "2025-12-31": {
        "Tax Effect Of Unusual Items": NaN,
        "Tax Rate For Calcs": NaN,
        "Normalized EBITDA": NaN,
        "Total Unusual Items": NaN,
        "Total Unusual Items Excluding Goodwill": NaN,
        "Net Income From Continuing Operation Net Minority Interest": NaN,
        "Reconciled Depreciation": NaN,
        "Reconciled Cost Of Revenue": NaN,
        "EBITDA": NaN,
        "EBIT": NaN,
        "Net Interest Income": NaN,
        "Interest Expense": NaN,
        "Normalized Income": NaN,
        "Net Income From Continuing And Discontinued Operation": NaN,
        "Total Expenses": NaN,
        "Total Operating Income As Reported": NaN,
        "Diluted Average Shares": 2089000000.0,
        "Basic Average Shares": 2082609684.0,
        "Diluted EPS": 0.73,
        "Basic EPS": 0.737056,
        "Diluted NI Availto Com Stockholders": NaN,
        "Net Income Common Stockholders": NaN,
        "Net Income": NaN,
        "Minority Interests": NaN,
        "Net Income Including Noncontrolling Interests": NaN,
        "Net Income Continuous Operations": NaN,
        "Tax Provision": NaN,
        "Pretax Income": NaN,
        "Other Income Expense": NaN,
        "Other Non Operating Income Expenses": NaN,
        "Special Income Charges": NaN,
        "Gain On Sale Of Business": NaN,
        "Other Special Charges": NaN,
        "Earnings From Equity Interest": NaN,
        "Gain On Sale Of Security": NaN,
        "Net Non Operating Interest Income Expense": NaN,
        "Interest Expense Non Operating": NaN,
        "Operating Income": NaN,
        "Operating Expense": NaN,
        "Other Taxes": NaN,
        "Depreciation Amortization Depletion Income Statement": NaN,
        "Depreciation And Amortization In Income Statement": NaN,
        "Gross Profit": NaN,
        "Cost Of Revenue": NaN,
        "Total Revenue": NaN,
        "Operating Revenue": NaN
    }
}