{
    "2022-12-31": {
        "Tax Effect Of Unusual Items": -461370.0,
        "Tax Rate For Calcs": 0.21,
        "Normalized EBITDA": -3960000.0,
        "Total Unusual Items": -2197000.0,
        "Total Unusual Items Excluding Goodwill": -2197000.0,
        "Net Income From Continuing Operation Net Minority Interest": -30072000.0,
        "Reconciled Depreciation": 3077000.0,
        "Reconciled Cost Of Revenue": 420873000.0,
        "EBITDA": -6157000.0,
        "EBIT": -9234000.0,
        "Net Interest Income": 352000.0,
        "Interest Expense": 112000.0,
        "Interest Income": 464000.0,
        "Normalized Income": -28336370.0,
        "Net Income From Continuing And Discontinued Operation": -30072000.0,
        "Total Expenses": 488637000.0,
        "Total Operating Income As Reported": -8037000.0,
        "Diluted NI Availto Com Stockholders": -30072000.0,
        "Net Income Common Stockholders": -30072000.0,
        "Net Income": -30072000.0,
        "Net Income Including Noncontrolling Interests": -30072000.0,
        "Net Income Continuous Operations": -30072000.0,
        "Tax Provision": 20726000.0,
        "Pretax Income": -9346000.0,
        "Other Income Expense": -1661000.0,
        "Other Non Operating Income Expenses": 536000.0,
        "Special Income Charges": -2281000.0,
        "Gain On Sale Of Business": 0.0,
        "Gain On Sale Of Security": 84000.0,
        "Net Non Operating Interest Income Expense": 352000.0,
        "Interest Expense Non Operating": 112000.0,
        "Interest Income Non Operating": 464000.0,
        "Operating Income": -8062000.0,
        "Operating Expense": 67764000.0,
        "Selling General And Administration": 75664000.0,
        "Gross Profit": 59702000.0,
        "Cost Of Revenue": 420873000.0,
        "Total Revenue": 480575000.0,
        "Operating Revenue": 480575000.0
    },
    "2022-09-30": {
        "Tax Effect Of Unusual Items": 62681.274553,
        "Tax Rate For Calcs": 0.259014,
        "Normalized EBITDA": -8545000.0,
        "Total Unusual Items": 242000.0,
        "Total Unusual Items Excluding Goodwill": 242000.0,
        "Net Income From Continuing Operation Net Minority Interest": -8488000.0,
        "Reconciled Depreciation": 2918000.0,
        "Reconciled Cost Of Revenue": 302987000.0,
        "EBITDA": -8303000.0,
        "EBIT": -11221000.0,
        "Net Interest Income": 54000.0,
        "Interest Expense": 234000.0,
        "Interest Income": 288000.0,
        "Normalized Income": -8667318.725447,
        "Net Income From Continuing And Discontinued Operation": -8488000.0,
        "Total Expenses": 362405000.0,
        "Total Operating Income As Reported": -13276000.0,
        "Diluted Average Shares": 374092000.0,
        "Basic Average Shares": 374092000.0,
        "Diluted EPS": -0.02,
        "Basic EPS": -0.02,
        "Diluted NI Availto Com Stockholders": -8488000.0,
        "Net Income Common Stockholders": -8488000.0,
        "Net Income": -8488000.0,
        "Net Income Including Noncontrolling Interests": -8488000.0,
        "Net Income Continuous Operations": -8488000.0,
        "Tax Provision": -2967000.0,
        "Pretax Income": -11455000.0,
        "Other Income Expense": 1767000.0,
        "Other Non Operating Income Expenses": 1525000.0,
        "Special Income Charges": 0.0,
        "Gain On Sale Of Business": 0.0,
        "Gain On Sale Of Security": 242000.0,
        "Net Non Operating Interest Income Expense": 54000.0,
        "Interest Expense Non Operating": 234000.0,
        "Interest Income Non Operating": 288000.0,
        "Operating Income": -13247000.0,
        "Operating Expense": 59400000.0,
        "Depreciation Amortization Depletion Income Statement": 2900000.0,
        "Depreciation And Amortization In Income Statement": 2900000.0,
        "Selling General And Administration": 56500000.0,
        "Selling And Marketing Expense": 3100000.0,
        "General And Administrative Expense": 53400000.0,
        "Other Gand A": 23700000.0,
        "Salaries And Wages": 29700000.0,
        "Gross Profit": 46153000.0,
        "Cost Of Revenue": 303005000.0,
        "Total Revenue": 349158000.0,
        "Operating Revenue": 349158000.0
    },
    "2022-06-30": {
        "Diluted EPS": 0.0,
        "Total Revenue": NaN,
        "Gross Profit": NaN,
        "Operating Income": NaN,
        "Net Income": NaN
    },
    "2021-12-31": {
        "Diluted EPS": 0.0,
        "Total Revenue": NaN,
        "Gross Profit": NaN,
        "Operating Income": NaN,
        "EBIT": NaN,
        "Net Income": NaN
    },
    "2021-09-30": {
        "Diluted EPS": 0.02,
        "Total Revenue": 541,
        "Gross Profit": 80,
        "Operating Income": 8,
        "EBIT": 11,
        "Net Income": 8
    },
    "2021-06-30": {
        "Diluted EPS": 0.0,
        "Total Revenue": NaN,
        "Gross Profit": NaN,
        "Operating Income": NaN,
        "EBIT": NaN,
        "Net Income": NaN
    },
    "2020-12-31": {
        "Diluted EPS": 0.0,
        "Total Revenue": NaN,
        "Gross Profit": NaN,
        "Operating Income": NaN,
        "EBIT": NaN,
        "Net Income": NaN
    },
    "2020-06-30": {
        "Diluted EPS": 0.0,
        "Total Revenue": NaN,
        "Gross Profit": NaN,
        "Operating Income": NaN,
        "EBIT": NaN,
        "Net Income": NaN
    },
    "2019-12-31": {
        "Diluted EPS": 0.0,
        "Total Revenue": NaN,
        "Gross Profit": NaN,
        "Operating Income": NaN,
        "EBIT": NaN,
        "Net Income": NaN
    },
    "2018-12-31": {
        "Diluted EPS": 0.0,
        "Total Revenue": NaN,
        "Gross Profit": NaN,
        "Operating Income": NaN,
        "EBIT": NaN,
        "Net Income": NaN
    },
    "2018-06-30": {
        "Diluted EPS": 0.0,
        "Total Revenue": NaN,
        "Gross Profit": NaN,
        "Operating Income": NaN,
        "EBIT": NaN,
        "Net Income": NaN
    },
    "2017-12-31": {
        "Diluted EPS": 0.0,
        "Total Revenue": NaN,
        "Gross Profit": NaN,
        "Operating Income": NaN,
        "EBIT": NaN,
        "Net Income": NaN
    },
    "2017-06-30": {
        "Diluted EPS": 0.0,
        "Total Revenue": NaN,
        "Gross Profit": NaN,
        "Operating Income": NaN,
        "EBIT": NaN,
        "Net Income": NaN
    },
    "2016-12-31": {
        "Diluted EPS": 0.0,
        "Total Revenue": NaN,
        "Gross Profit": NaN,
        "Operating Income": NaN,
        "EBIT": NaN,
        "Net Income": NaN
    },
    "2016-06-30": {
        "Diluted EPS": 0.0,
        "Total Revenue": NaN,
        "Gross Profit": NaN,
        "Operating Income": NaN,
        "EBIT": NaN,
        "Net Income": NaN
    },
    "2015-12-31": {
        "Diluted EPS": 0.0,
        "Total Revenue": NaN,
        "Gross Profit": NaN,
        "Operating Income": NaN,
        "EBIT": NaN,
        "Net Income": NaN
    },
    "2015-06-30": {
        "Diluted EPS": 0.0,
        "Total Revenue": NaN,
        "Gross Profit": NaN,
        "Operating Income": NaN,
        "EBIT": NaN,
        "Net Income": NaN
    },
    "2014-12-31": {
        "Diluted EPS": 0.0,
        "Total Revenue": NaN,
        "Gross Profit": NaN,
        "Operating Income": NaN,
        "EBIT": NaN,
        "Net Income": NaN
    },
    "2014-06-30": {
        "Diluted EPS": 0.0,
        "Total Revenue": NaN,
        "Gross Profit": NaN,
        "Operating Income": NaN,
        "EBIT": NaN,
        "Net Income": NaN
    },
    "2013-12-31": {
        "Diluted EPS": 0.0,
        "Total Revenue": NaN,
        "Gross Profit": NaN,
        "Operating Income": NaN,
        "EBIT": NaN,
        "Net Income": NaN
    },
    "2013-06-30": {
        "Diluted EPS": 0.0,
        "Total Revenue": NaN,
        "Gross Profit": NaN,
        "Operating Income": NaN,
        "EBIT": NaN,
        "Net Income": NaN
    },
    "2012-12-31": {
        "Diluted EPS": 0.64,
        "Total Revenue": 6,
        "Gross Profit": 2,
        "Operating Income": 0,
        "EBIT": 1,
        "Net Income": 0
    },
    "2012-09-30": {
        "Diluted EPS": 1.76,
        "Total Revenue": 6,
        "Gross Profit": 2,
        "Operating Income": 1,
        "EBIT": 1,
        "Net Income": 1
    },
    "2012-06-30": {
        "Diluted EPS": 2.88,
        "Total Revenue": 7,
        "Gross Profit": 3,
        "Operating Income": 2,
        "EBIT": 2,
        "Net Income": 2
    },
    "2012-03-31": {
        "Diluted EPS": 0.24,
        "Total Revenue": 3,
        "Gross Profit": 1,
        "Operating Income": 0,
        "EBIT": 1,
        "Net Income": 0
    },
    "2011-12-31": {
        "Diluted EPS": -0.08,
        "Total Revenue": 5,
        "Gross Profit": 2,
        "Operating Income": 0,
        "EBIT": 0,
        "Net Income": 0
    },
    "2011-09-30": {
        "Diluted EPS": 2.48,
        "Total Revenue": 6,
        "Gross Profit": 2,
        "Operating Income": 2,
        "EBIT": 2,
        "Net Income": 1
    },
    "2011-06-30": {
        "Diluted EPS": 3.12,
        "Total Revenue": 8,
        "Gross Profit": 3,
        "Operating Income": 2,
        "EBIT": 2,
        "Net Income": 2
    },
    "2011-03-31": {
        "Diluted EPS": 0.32,
        "Total Revenue": 3,
        "Gross Profit": 1,
        "Operating Income": 0,
        "EBIT": 0,
        "Net Income": 0
    },
    "2010-12-31": {
        "Diluted EPS": 2.56,
        "Total Revenue": 7,
        "Gross Profit": 2,
        "Operating Income": 1,
        "EBIT": 2,
        "Net Income": 1
    },
    "2010-09-30": {
        "Diluted EPS": 2.4,
        "Total Revenue": 5,
        "Gross Profit": 2,
        "Operating Income": 2,
        "EBIT": 2,
        "Net Income": 1
    },
    "2010-06-30": {
        "Diluted EPS": 2.16,
        "Total Revenue": 5,
        "Gross Profit": 2,
        "Operating Income": 1,
        "EBIT": 1,
        "Net Income": 1
    },
    "2010-03-31": {
        "Diluted EPS": 1.36,
        "Total Revenue": 3,
        "Gross Profit": 1,
        "Operating Income": 1,
        "EBIT": 1,
        "Net Income": 1
    },
    "2009-12-31": {
        "Diluted EPS": 1.6,
        "Total Revenue": 3,
        "Gross Profit": 3,
        "Operating Income": 3,
        "EBIT": 3,
        "Net Income": 1
    },
    "2023-09-30": {
        "Tax Effect Of Unusual Items": 146201.427489,
        "Tax Rate For Calcs": 0.072701,
        "Normalized EBITDA": -14073000.0,
        "Total Unusual Items": 2011000.0,
        "Total Unusual Items Excluding Goodwill": 2011000.0,
        "Net Income From Continuing Operation Net Minority Interest": -14681000.0,
        "Reconciled Depreciation": 3324000.0,
        "Reconciled Cost Of Revenue": 280715000.0,
        "EBITDA": -12062000.0,
        "EBIT": -15386000.0,
        "Net Interest Income": 473000.0,
        "Interest Expense": 446000.0,
        "Interest Income": 919000.0,
        "Normalized Income": -16545798.572511,
        "Net Income From Continuing And Discontinued Operation": -14681000.0,
        "Total Expenses": 336388000.0,
        "Total Operating Income As Reported": -18818000.0,
        "Diluted NI Availto Com Stockholders": -14681000.0,
        "Net Income Common Stockholders": -14681000.0,
        "Net Income": -14681000.0,
        "Net Income Including Noncontrolling Interests": -14681000.0,
        "Net Income Continuous Operations": -14681000.0,
        "Tax Provision": -1151000.0,
        "Pretax Income": -15832000.0,
        "Other Income Expense": 2513000.0,
        "Other Non Operating Income Expenses": 502000.0,
        "Gain On Sale Of Security": 2011000.0,
        "Net Non Operating Interest Income Expense": 473000.0,
        "Interest Expense Non Operating": 446000.0,
        "Interest Income Non Operating": 919000.0,
        "Operating Income": -18818000.0,
        "Operating Expense": 55673000.0,
        "Selling General And Administration": 55673000.0,
        "Gross Profit": 36855000.0,
        "Cost Of Revenue": 280715000.0,
        "Total Revenue": 317570000.0,
        "Operating Revenue": 317570000.0
    },
    "2023-12-31": {
        "Tax Effect Of Unusual Items": 369810.0,
        "Tax Rate For Calcs": 0.21,
        "Normalized EBITDA": -11508000.0,
        "Total Unusual Items": 1761000.0,
        "Total Unusual Items Excluding Goodwill": 1761000.0,
        "Net Income From Continuing Operation Net Minority Interest": -14978000.0,
        "Reconciled Depreciation": 3345000.0,
        "Reconciled Cost Of Revenue": 406714000.0,
        "EBITDA": -9747000.0,
        "EBIT": -13092000.0,
        "Net Interest Income": -1024000.0,
        "Interest Expense": 1632000.0,
        "Interest Income": 608000.0,
        "Normalized Income": -16369190.0,
        "Net Income From Continuing And Discontinued Operation": -14978000.0,
        "Total Expenses": 473764000.0,
        "Total Operating Income As Reported": -17661000.0,
        "Diluted NI Availto Com Stockholders": -14978000.0,
        "Net Income Common Stockholders": -14978000.0,
        "Net Income": -14978000.0,
        "Net Income Including Noncontrolling Interests": -14978000.0,
        "Net Income Continuous Operations": -14978000.0,
        "Tax Provision": 254000.0,
        "Pretax Income": -14724000.0,
        "Other Income Expense": 3961000.0,
        "Other Non Operating Income Expenses": 2200000.0,
        "Gain On Sale Of Security": 1761000.0,
        "Net Non Operating Interest Income Expense": -1024000.0,
        "Interest Expense Non Operating": 1632000.0,
        "Interest Income Non Operating": 608000.0,
        "Operating Income": -17620000.0,
        "Operating Expense": 67050000.0,
        "Selling General And Administration": 53650000.0,
        "Gross Profit": 49430000.0,
        "Cost Of Revenue": 406714000.0,
        "Total Revenue": 456144000.0,
        "Operating Revenue": 456144000.0
    }
}