{
    "2023-06-30": {
        "Tax Effect Of Unusual Items": NaN,
        "Tax Rate For Calcs": NaN,
        "Normalized EBITDA": NaN,
        "Total Unusual Items": NaN,
        "Total Unusual Items Excluding Goodwill": NaN,
        "Net Income From Continuing Operation Net Minority Interest": NaN,
        "Reconciled Depreciation": NaN,
        "Reconciled Cost Of Revenue": NaN,
        "EBITDA": NaN,
        "EBIT": NaN,
        "Net Interest Income": NaN,
        "Interest Expense": NaN,
        "Interest Income": NaN,
        "Normalized Income": NaN,
        "Net Income From Continuing And Discontinued Operation": NaN,
        "Total Expenses": NaN,
        "Diluted Average Shares": NaN,
        "Basic Average Shares": NaN,
        "Diluted EPS": NaN,
        "Basic EPS": NaN,
        "Diluted NI Availto Com Stockholders": NaN,
        "Net Income Common Stockholders": NaN,
        "Net Income": NaN,
        "Minority Interests": NaN,
        "Net Income Including Noncontrolling Interests": NaN,
        "Net Income Discontinuous Operations": NaN,
        "Net Income Continuous Operations": NaN,
        "Earnings From Equity Interest Net Of Tax": NaN,
        "Tax Provision": NaN,
        "Pretax Income": NaN,
        "Other Income Expense": NaN,
        "Other Non Operating Income Expenses": NaN,
        "Special Income Charges": NaN,
        "Gain On Sale Of Ppe": NaN,
        "Other Special Charges": NaN,
        "Write Off": 4000000.0,
        "Impairment Of Capital Assets": 4000000.0,
        "Restructuring And Mergern Acquisition": NaN,
        "Gain On Sale Of Security": NaN,
        "Net Non Operating Interest Income Expense": NaN,
        "Interest Expense Non Operating": NaN,
        "Interest Income Non Operating": NaN,
        "Operating Income": NaN,
        "Operating Expense": NaN,
        "Other Operating Expenses": NaN,
        "Research And Development": NaN,
        "Selling General And Administration": NaN,
        "General And Administrative Expense": NaN,
        "Other Gand A": NaN,
        "Gross Profit": NaN,
        "Cost Of Revenue": NaN,
        "Total Revenue": NaN,
        "Operating Revenue": NaN
    },
    "2023-03-31": {
        "Tax Effect Of Unusual Items": 24000000.0,
        "Tax Rate For Calcs": 0.4,
        "Normalized EBITDA": 1005000000.0,
        "Total Unusual Items": 60000000.0,
        "Total Unusual Items Excluding Goodwill": 60000000.0,
        "Net Income From Continuing Operation Net Minority Interest": 339000000.0,
        "Reconciled Depreciation": 461000000.0,
        "Reconciled Cost Of Revenue": 1943000000.0,
        "EBITDA": 1065000000.0,
        "EBIT": 604000000.0,
        "Net Interest Income": -29000000.0,
        "Interest Expense": 65000000.0,
        "Interest Income": 36000000.0,
        "Normalized Income": 303000000.0,
        "Net Income From Continuing And Discontinued Operation": 351000000.0,
        "Total Expenses": 2166000000.0,
        "Diluted Average Shares": 795000000.0,
        "Basic Average Shares": 795000000.0,
        "Diluted EPS": 0.44,
        "Basic EPS": 0.44,
        "Diluted NI Availto Com Stockholders": 351000000.0,
        "Net Income Common Stockholders": 351000000.0,
        "Net Income": 351000000.0,
        "Minority Interests": -12000000.0,
        "Net Income Including Noncontrolling Interests": 363000000.0,
        "Net Income Discontinuous Operations": 12000000.0,
        "Net Income Continuous Operations": 351000000.0,
        "Earnings From Equity Interest Net Of Tax": 25000000.0,
        "Tax Provision": 213000000.0,
        "Pretax Income": 539000000.0,
        "Other Income Expense": 55000000.0,
        "Other Non Operating Income Expenses": -5000000.0,
        "Special Income Charges": 30000000.0,
        "Gain On Sale Of Ppe": 36000000.0,
        "Other Special Charges": NaN,
        "Write Off": 4000000.0,
        "Impairment Of Capital Assets": NaN,
        "Restructuring And Mergern Acquisition": 2000000.0,
        "Gain On Sale Of Security": 30000000.0,
        "Net Non Operating Interest Income Expense": -29000000.0,
        "Interest Expense Non Operating": 65000000.0,
        "Interest Income Non Operating": 36000000.0,
        "Operating Income": 513000000.0,
        "Operating Expense": 223000000.0,
        "Other Operating Expenses": 114000000.0,
        "Research And Development": 35000000.0,
        "Selling General And Administration": 74000000.0,
        "General And Administrative Expense": 74000000.0,
        "Other Gand A": 74000000.0,
        "Gross Profit": 736000000.0,
        "Cost Of Revenue": 1943000000.0,
        "Total Revenue": 2679000000.0,
        "Operating Revenue": 2679000000.0
    },
    "2022-12-31": {
        "Tax Effect Of Unusual Items": NaN,
        "Tax Rate For Calcs": NaN,
        "Normalized EBITDA": NaN,
        "Total Unusual Items": NaN,
        "Total Unusual Items Excluding Goodwill": NaN,
        "Net Income From Continuing Operation Net Minority Interest": NaN,
        "Reconciled Depreciation": NaN,
        "Reconciled Cost Of Revenue": NaN,
        "EBITDA": NaN,
        "EBIT": NaN,
        "Net Interest Income": NaN,
        "Interest Expense": NaN,
        "Interest Income": NaN,
        "Normalized Income": NaN,
        "Net Income From Continuing And Discontinued Operation": NaN,
        "Total Expenses": NaN,
        "Diluted Average Shares": NaN,
        "Basic Average Shares": NaN,
        "Diluted EPS": NaN,
        "Basic EPS": NaN,
        "Diluted NI Availto Com Stockholders": NaN,
        "Net Income Common Stockholders": NaN,
        "Net Income": NaN,
        "Minority Interests": NaN,
        "Net Income Including Noncontrolling Interests": NaN,
        "Net Income Discontinuous Operations": NaN,
        "Net Income Continuous Operations": NaN,
        "Earnings From Equity Interest Net Of Tax": NaN,
        "Tax Provision": NaN,
        "Pretax Income": NaN,
        "Other Income Expense": NaN,
        "Other Non Operating Income Expenses": NaN,
        "Special Income Charges": NaN,
        "Gain On Sale Of Ppe": NaN,
        "Other Special Charges": 12000000.0,
        "Write Off": NaN,
        "Impairment Of Capital Assets": 1317000000.0,
        "Restructuring And Mergern Acquisition": NaN,
        "Gain On Sale Of Security": NaN,
        "Net Non Operating Interest Income Expense": NaN,
        "Interest Expense Non Operating": NaN,
        "Interest Income Non Operating": NaN,
        "Operating Income": NaN,
        "Operating Expense": NaN,
        "Other Operating Expenses": NaN,
        "Research And Development": NaN,
        "Selling General And Administration": NaN,
        "General And Administrative Expense": NaN,
        "Other Gand A": NaN,
        "Gross Profit": NaN,
        "Cost Of Revenue": NaN,
        "Total Revenue": NaN,
        "Operating Revenue": NaN
    },
    "2022-09-30": {
        "Tax Effect Of Unusual Items": NaN,
        "Tax Rate For Calcs": NaN,
        "Normalized EBITDA": NaN,
        "Total Unusual Items": NaN,
        "Total Unusual Items Excluding Goodwill": NaN,
        "Net Income From Continuing Operation Net Minority Interest": NaN,
        "Reconciled Depreciation": NaN,
        "Reconciled Cost Of Revenue": NaN,
        "EBITDA": NaN,
        "EBIT": NaN,
        "Net Interest Income": NaN,
        "Interest Expense": NaN,
        "Interest Income": NaN,
        "Normalized Income": NaN,
        "Net Income From Continuing And Discontinued Operation": NaN,
        "Total Expenses": NaN,
        "Diluted Average Shares": NaN,
        "Basic Average Shares": NaN,
        "Diluted EPS": NaN,
        "Basic EPS": NaN,
        "Diluted NI Availto Com Stockholders": NaN,
        "Net Income Common Stockholders": NaN,
        "Net Income": NaN,
        "Minority Interests": NaN,
        "Net Income Including Noncontrolling Interests": NaN,
        "Net Income Discontinuous Operations": NaN,
        "Net Income Continuous Operations": NaN,
        "Earnings From Equity Interest Net Of Tax": NaN,
        "Tax Provision": NaN,
        "Pretax Income": NaN,
        "Other Income Expense": NaN,
        "Other Non Operating Income Expenses": NaN,
        "Special Income Charges": NaN,
        "Gain On Sale Of Ppe": NaN,
        "Other Special Charges": 8000000.0,
        "Write Off": NaN,
        "Impairment Of Capital Assets": 1000000.0,
        "Restructuring And Mergern Acquisition": NaN,
        "Gain On Sale Of Security": NaN,
        "Net Non Operating Interest Income Expense": NaN,
        "Interest Expense Non Operating": NaN,
        "Interest Income Non Operating": NaN,
        "Operating Income": NaN,
        "Operating Expense": NaN,
        "Other Operating Expenses": NaN,
        "Research And Development": NaN,
        "Selling General And Administration": NaN,
        "General And Administrative Expense": NaN,
        "Other Gand A": NaN,
        "Gross Profit": NaN,
        "Cost Of Revenue": NaN,
        "Total Revenue": NaN,
        "Operating Revenue": NaN
    },
    "2022-06-30": {
        "Tax Effect Of Unusual Items": 0.0,
        "Tax Rate For Calcs": 0.080882,
        "Normalized EBITDA": 1024000000.0,
        "Total Unusual Items": -125000000.0,
        "Total Unusual Items Excluding Goodwill": -125000000.0,
        "Net Income From Continuing Operation Net Minority Interest": 379000000.0,
        "Reconciled Depreciation": 559000000.0,
        "Reconciled Cost Of Revenue": 2267000000.0,
        "EBITDA": 1024000000.0,
        "EBIT": 465000000.0,
        "Net Interest Income": -57000000.0,
        "Interest Expense": 57000000.0,
        "Interest Income": NaN,
        "Normalized Income": 379000000.0,
        "Net Income From Continuing And Discontinued Operation": 387000000.0,
        "Total Expenses": 2496000000.0,
        "Diluted Average Shares": 795000000.0,
        "Basic Average Shares": 794000000.0,
        "Diluted EPS": 0.49,
        "Basic EPS": 0.49,
        "Diluted NI Availto Com Stockholders": 387000000.0,
        "Net Income Common Stockholders": 387000000.0,
        "Net Income": 387000000.0,
        "Minority Interests": -13000000.0,
        "Net Income Including Noncontrolling Interests": 400000000.0,
        "Net Income Discontinuous Operations": 8000000.0,
        "Net Income Continuous Operations": 392000000.0,
        "Earnings From Equity Interest Net Of Tax": 17000000.0,
        "Tax Provision": 33000000.0,
        "Pretax Income": 408000000.0,
        "Other Income Expense": -97000000.0,
        "Other Non Operating Income Expenses": -97000000.0,
        "Special Income Charges": -17000000.0,
        "Gain On Sale Of Ppe": 0.0,
        "Other Special Charges": 15000000.0,
        "Write Off": NaN,
        "Impairment Of Capital Assets": 2000000.0,
        "Restructuring And Mergern Acquisition": 0.0,
        "Gain On Sale Of Security": -108000000.0,
        "Net Non Operating Interest Income Expense": -57000000.0,
        "Interest Expense Non Operating": 57000000.0,
        "Interest Income Non Operating": NaN,
        "Operating Income": 562000000.0,
        "Operating Expense": 229000000.0,
        "Other Operating Expenses": 111000000.0,
        "Research And Development": 45000000.0,
        "Selling General And Administration": 73000000.0,
        "General And Administrative Expense": 73000000.0,
        "Other Gand A": 73000000.0,
        "Gross Profit": 791000000.0,
        "Cost Of Revenue": 2267000000.0,
        "Total Revenue": 3058000000.0,
        "Operating Revenue": 3058000000.0
    },
    "2022-03-31": {
        "Diluted EPS": 0.56,
        "Total Revenue": NaN,
        "Gross Profit": NaN,
        "Operating Income": 799,
        "EBIT": NaN,
        "Net Income": 448
    },
    "2021-12-31": {
        "Diluted EPS": -0.05,
        "Total Revenue": NaN,
        "Gross Profit": NaN,
        "Operating Income": -626,
        "EBIT": 13,
        "Net Income": -46
    },
    "2021-09-30": {
        "Diluted EPS": 0.0,
        "Total Revenue": NaN,
        "Gross Profit": NaN,
        "Operating Income": 66,
        "EBIT": 636,
        "Net Income": 3
    },
    "2021-06-30": {
        "Diluted EPS": 0.81,
        "Total Revenue": NaN,
        "Gross Profit": NaN,
        "Operating Income": 961,
        "EBIT": NaN,
        "Net Income": 650
    },
    "2021-03-31": {
        "Diluted EPS": 0.7,
        "Total Revenue": NaN,
        "Gross Profit": NaN,
        "Operating Income": 856,
        "EBIT": NaN,
        "Net Income": 559
    },
    "2020-12-31": {
        "Diluted EPS": 1.02,
        "Total Revenue": NaN,
        "Gross Profit": NaN,
        "Operating Income": 920,
        "EBIT": NaN,
        "Net Income": 824
    },
    "2020-09-30": {
        "Diluted EPS": 1.04,
        "Total Revenue": NaN,
        "Gross Profit": NaN,
        "Operating Income": 998,
        "EBIT": NaN,
        "Net Income": 839
    },
    "2020-06-30": {
        "Diluted EPS": 0.43,
        "Total Revenue": NaN,
        "Gross Profit": NaN,
        "Operating Income": 431,
        "EBIT": 959,
        "Net Income": 344
    },
    "2020-03-31": {
        "Diluted EPS": 1.02,
        "Total Revenue": NaN,
        "Gross Profit": NaN,
        "Operating Income": 457,
        "EBIT": NaN,
        "Net Income": 822
    },
    "2019-12-31": {
        "Diluted EPS": 1.03,
        "Total Revenue": NaN,
        "Gross Profit": NaN,
        "Operating Income": 519,
        "EBIT": NaN,
        "Net Income": 565
    },
    "2019-09-30": {
        "Diluted EPS": 2.65,
        "Total Revenue": NaN,
        "Gross Profit": NaN,
        "Operating Income": 458,
        "EBIT": NaN,
        "Net Income": NaN
    },
    "2019-06-30": {
        "Diluted EPS": -0.03,
        "Total Revenue": NaN,
        "Gross Profit": 891,
        "Operating Income": 12,
        "EBIT": 499,
        "Net Income": -25
    },
    "2019-03-31": {
        "Diluted EPS": 0.16,
        "Total Revenue": NaN,
        "Gross Profit": 825,
        "Operating Income": 288,
        "EBIT": 600,
        "Net Income": 87
    },
    "2018-12-31": {
        "Diluted EPS": 0.01,
        "Total Revenue": NaN,
        "Gross Profit": 944,
        "Operating Income": 374,
        "EBIT": 710,
        "Net Income": 2
    },
    "2018-09-30": {
        "Diluted EPS": -0.27,
        "Total Revenue": NaN,
        "Gross Profit": 731,
        "Operating Income": -114,
        "EBIT": 185,
        "Net Income": -145
    },
    "2018-06-30": {
        "Diluted EPS": 0.54,
        "Total Revenue": NaN,
        "Gross Profit": 697,
        "Operating Income": 215,
        "EBIT": 494,
        "Net Income": 292
    },
    "2018-03-31": {
        "Diluted EPS": 0.36,
        "Total Revenue": NaN,
        "Gross Profit": 788,
        "Operating Income": 315,
        "EBIT": 616,
        "Net Income": 192
    },
    "2017-12-31": {
        "Diluted EPS": -1.01,
        "Total Revenue": NaN,
        "Gross Profit": 882,
        "Operating Income": 297,
        "EBIT": 620,
        "Net Income": -542
    },
    "2017-09-30": {
        "Diluted EPS": 0.38,
        "Total Revenue": NaN,
        "Gross Profit": 826,
        "Operating Income": 324,
        "EBIT": 652,
        "Net Income": 206
    },
    "2017-06-30": {
        "Diluted EPS": 0.33,
        "Total Revenue": NaN,
        "Gross Profit": 876,
        "Operating Income": 368,
        "EBIT": 650,
        "Net Income": 175
    },
    "2017-03-31": {
        "Diluted EPS": 0.09,
        "Total Revenue": NaN,
        "Gross Profit": 733,
        "Operating Income": 270,
        "EBIT": 598,
        "Net Income": 47
    },
    "2016-12-31": {
        "Diluted EPS": -0.65,
        "Total Revenue": NaN,
        "Gross Profit": 756,
        "Operating Income": -799,
        "EBIT": -478,
        "Net Income": -346
    },
    "2016-09-30": {
        "Diluted EPS": -0.67,
        "Total Revenue": NaN,
        "Gross Profit": 808,
        "Operating Income": 291,
        "EBIT": 626,
        "Net Income": -358
    },
    "2016-06-30": {
        "Diluted EPS": 0.04,
        "Total Revenue": NaN,
        "Gross Profit": 767,
        "Operating Income": 306,
        "EBIT": 587,
        "Net Income": 23
    },
    "2016-03-31": {
        "Diluted EPS": 0.1,
        "Total Revenue": NaN,
        "Gross Profit": 611,
        "Operating Income": 186,
        "EBIT": 462,
        "Net Income": 52
    },
    "2015-12-31": {
        "Diluted EPS": -0.5,
        "Total Revenue": 645,
        "Gross Profit": 46,
        "Operating Income": -613,
        "EBIT": -290,
        "Net Income": -254
    },
    "2015-09-30": {
        "Diluted EPS": 0.42,
        "Total Revenue": NaN,
        "Gross Profit": 635,
        "Operating Income": 170,
        "EBIT": 426,
        "Net Income": 219
    },
    "2015-06-30": {
        "Diluted EPS": 0.14,
        "Total Revenue": NaN,
        "Gross Profit": 881,
        "Operating Income": 403,
        "EBIT": 695,
        "Net Income": 72
    },
    "2015-03-31": {
        "Diluted EPS": 0.37,
        "Total Revenue": NaN,
        "Gross Profit": 945,
        "Operating Income": 497,
        "EBIT": 843,
        "Net Income": 183
    },
    "2014-12-31": {
        "Diluted EPS": 0.03,
        "Total Revenue": NaN,
        "Gross Profit": 953,
        "Operating Income": 585,
        "EBIT": 772,
        "Net Income": 15
    },
    "2014-09-30": {
        "Diluted EPS": 0.43,
        "Total Revenue": NaN,
        "Gross Profit": 561,
        "Operating Income": 35,
        "EBIT": 312,
        "Net Income": 213
    },
    "2014-06-30": {
        "Diluted EPS": 0.36,
        "Total Revenue": NaN,
        "Gross Profit": 705,
        "Operating Income": 183,
        "EBIT": 530,
        "Net Income": 180
    },
    "2014-03-31": {
        "Diluted EPS": 0.2,
        "Total Revenue": NaN,
        "Gross Profit": 681,
        "Operating Income": 190,
        "EBIT": 488,
        "Net Income": 100
    },
    "2013-12-31": {
        "Diluted EPS": -2.38,
        "Total Revenue": NaN,
        "Gross Profit": 706,
        "Operating Income": NaN,
        "EBIT": NaN,
        "Net Income": NaN
    },
    "2013-09-30": {
        "Diluted EPS": 0.8,
        "Total Revenue": NaN,
        "Gross Profit": 942,
        "Operating Income": 361,
        "EBIT": NaN,
        "Net Income": 398
    },
    "2013-06-30": {
        "Diluted EPS": -4.14,
        "Total Revenue": NaN,
        "Gross Profit": 336,
        "Operating Income": NaN,
        "EBIT": 66,
        "Net Income": NaN
    },
    "2013-03-31": {
        "Diluted EPS": 0.63,
        "Total Revenue": NaN,
        "Gross Profit": NaN,
        "Operating Income": 579,
        "EBIT": 846,
        "Net Income": 314
    },
    "2012-12-31": {
        "Diluted EPS": 1.34,
        "Total Revenue": NaN,
        "Gross Profit": NaN,
        "Operating Income": 706,
        "EBIT": 987,
        "Net Income": 666
    },
    "2012-09-30": {
        "Diluted EPS": 0.74,
        "Total Revenue": NaN,
        "Gross Profit": NaN,
        "Operating Income": 732,
        "EBIT": NaN,
        "Net Income": 367
    },
    "2012-06-30": {
        "Diluted EPS": 0.56,
        "Total Revenue": NaN,
        "Gross Profit": NaN,
        "Operating Income": 592,
        "EBIT": 840,
        "Net Income": 279
    },
    "2012-03-31": {
        "Diluted EPS": 0.97,
        "Total Revenue": NaN,
        "Gross Profit": NaN,
        "Operating Income": NaN,
        "EBIT": NaN,
        "Net Income": 490
    },
    "2011-12-31": {
        "Diluted EPS": -2.05,
        "Total Revenue": NaN,
        "Gross Profit": NaN,
        "Operating Income": NaN,
        "EBIT": -744,
        "Net Income": NaN
    },
    "2011-09-30": {
        "Diluted EPS": 0.98,
        "Total Revenue": NaN,
        "Gross Profit": NaN,
        "Operating Income": NaN,
        "EBIT": NaN,
        "Net Income": 493
    },
    "2011-06-30": {
        "Diluted EPS": 0.77,
        "Total Revenue": NaN,
        "Gross Profit": NaN,
        "Operating Income": 862,
        "EBIT": NaN,
        "Net Income": 387
    },
    "2011-03-31": {
        "Diluted EPS": 1.03,
        "Total Revenue": NaN,
        "Gross Profit": NaN,
        "Operating Income": NaN,
        "EBIT": NaN,
        "Net Income": 514
    },
    "2010-12-31": {
        "Diluted EPS": 1.6,
        "Total Revenue": NaN,
        "Gross Profit": NaN,
        "Operating Income": NaN,
        "EBIT": NaN,
        "Net Income": 812
    },
    "2010-09-30": {
        "Diluted EPS": 1.07,
        "Total Revenue": NaN,
        "Gross Profit": NaN,
        "Operating Income": NaN,
        "EBIT": NaN,
        "Net Income": 537
    },
    "2010-06-30": {
        "Diluted EPS": 0.77,
        "Total Revenue": NaN,
        "Gross Profit": NaN,
        "Operating Income": 847,
        "EBIT": NaN,
        "Net Income": 382
    },
    "2010-03-31": {
        "Diluted EPS": 1.11,
        "Total Revenue": NaN,
        "Gross Profit": NaN,
        "Operating Income": 913,
        "EBIT": NaN,
        "Net Income": 546
    },
    "2009-12-31": {
        "Diluted EPS": 1.14,
        "Total Revenue": NaN,
        "Gross Profit": NaN,
        "Operating Income": NaN,
        "EBIT": NaN,
        "Net Income": 558
    },
    "2009-09-30": {
        "Diluted EPS": 0.79,
        "Total Revenue": NaN,
        "Gross Profit": NaN,
        "Operating Income": 979,
        "EBIT": NaN,
        "Net Income": 388
    },
    "2009-06-30": {
        "Diluted EPS": 0.33,
        "Total Revenue": NaN,
        "Gross Profit": 906,
        "Operating Income": 473,
        "EBIT": 673,
        "Net Income": 162
    },
    "2009-03-31": {
        "Diluted EPS": 0.4,
        "Total Revenue": NaN,
        "Gross Profit": 797,
        "Operating Income": 410,
        "EBIT": 601,
        "Net Income": 189
    },
    "2023-09-30": {
        "Tax Effect Of Unusual Items": NaN,
        "Tax Rate For Calcs": NaN,
        "Normalized EBITDA": NaN,
        "Total Unusual Items": NaN,
        "Total Unusual Items Excluding Goodwill": NaN,
        "Net Income From Continuing Operation Net Minority Interest": NaN,
        "Reconciled Depreciation": NaN,
        "Reconciled Cost Of Revenue": NaN,
        "EBITDA": NaN,
        "EBIT": NaN,
        "Net Interest Income": NaN,
        "Interest Expense": NaN,
        "Interest Income": NaN,
        "Normalized Income": NaN,
        "Net Income From Continuing And Discontinued Operation": NaN,
        "Total Expenses": NaN,
        "Diluted Average Shares": NaN,
        "Basic Average Shares": NaN,
        "Diluted EPS": NaN,
        "Basic EPS": NaN,
        "Diluted NI Availto Com Stockholders": NaN,
        "Net Income Common Stockholders": NaN,
        "Net Income": NaN,
        "Minority Interests": NaN,
        "Net Income Including Noncontrolling Interests": NaN,
        "Net Income Discontinuous Operations": NaN,
        "Net Income Continuous Operations": NaN,
        "Earnings From Equity Interest Net Of Tax": NaN,
        "Tax Provision": NaN,
        "Pretax Income": NaN,
        "Other Income Expense": NaN,
        "Other Non Operating Income Expenses": NaN,
        "Special Income Charges": NaN,
        "Gain On Sale Of Ppe": NaN,
        "Other Special Charges": NaN,
        "Write Off": 2000000.0,
        "Impairment Of Capital Assets": 2000000.0,
        "Restructuring And Mergern Acquisition": NaN,
        "Gain On Sale Of Security": NaN,
        "Net Non Operating Interest Income Expense": NaN,
        "Interest Expense Non Operating": NaN,
        "Interest Income Non Operating": NaN,
        "Operating Income": NaN,
        "Operating Expense": NaN,
        "Other Operating Expenses": NaN,
        "Research And Development": NaN,
        "Selling General And Administration": NaN,
        "General And Administrative Expense": NaN,
        "Other Gand A": NaN,
        "Gross Profit": NaN,
        "Cost Of Revenue": NaN,
        "Total Revenue": NaN,
        "Operating Revenue": NaN
    },
    "2023-12-31": {
        "Tax Effect Of Unusual Items": NaN,
        "Tax Rate For Calcs": NaN,
        "Normalized EBITDA": NaN,
        "Total Unusual Items": NaN,
        "Total Unusual Items Excluding Goodwill": NaN,
        "Net Income From Continuing Operation Net Minority Interest": NaN,
        "Reconciled Depreciation": NaN,
        "Reconciled Cost Of Revenue": NaN,
        "EBITDA": NaN,
        "EBIT": NaN,
        "Net Interest Income": NaN,
        "Interest Expense": NaN,
        "Interest Income": NaN,
        "Normalized Income": NaN,
        "Net Income From Continuing And Discontinued Operation": NaN,
        "Total Expenses": NaN,
        "Diluted Average Shares": NaN,
        "Basic Average Shares": NaN,
        "Diluted EPS": NaN,
        "Basic EPS": NaN,
        "Diluted NI Availto Com Stockholders": NaN,
        "Net Income Common Stockholders": NaN,
        "Net Income": NaN,
        "Minority Interests": NaN,
        "Net Income Including Noncontrolling Interests": NaN,
        "Net Income Discontinuous Operations": NaN,
        "Net Income Continuous Operations": NaN,
        "Earnings From Equity Interest Net Of Tax": NaN,
        "Tax Provision": NaN,
        "Pretax Income": NaN,
        "Other Income Expense": NaN,
        "Other Non Operating Income Expenses": NaN,
        "Special Income Charges": NaN,
        "Gain On Sale Of Ppe": NaN,
        "Other Special Charges": NaN,
        "Write Off": 5000000.0,
        "Impairment Of Capital Assets": 1881000000.0,
        "Restructuring And Mergern Acquisition": NaN,
        "Gain On Sale Of Security": NaN,
        "Net Non Operating Interest Income Expense": NaN,
        "Interest Expense Non Operating": NaN,
        "Interest Income Non Operating": NaN,
        "Operating Income": NaN,
        "Operating Expense": NaN,
        "Other Operating Expenses": NaN,
        "Research And Development": NaN,
        "Selling General And Administration": NaN,
        "General And Administrative Expense": NaN,
        "Other Gand A": NaN,
        "Gross Profit": NaN,
        "Cost Of Revenue": NaN,
        "Total Revenue": NaN,
        "Operating Revenue": NaN
    },
    "2024-03-31": {
        "Tax Effect Of Unusual Items": NaN,
        "Tax Rate For Calcs": NaN,
        "Normalized EBITDA": NaN,
        "Total Unusual Items": NaN,
        "Total Unusual Items Excluding Goodwill": NaN,
        "Net Income From Continuing Operation Net Minority Interest": NaN,
        "Reconciled Depreciation": NaN,
        "Reconciled Cost Of Revenue": NaN,
        "EBITDA": NaN,
        "EBIT": NaN,
        "Net Interest Income": NaN,
        "Interest Expense": NaN,
        "Interest Income": NaN,
        "Normalized Income": NaN,
        "Net Income From Continuing And Discontinued Operation": NaN,
        "Total Expenses": NaN,
        "Diluted Average Shares": NaN,
        "Basic Average Shares": NaN,
        "Diluted EPS": NaN,
        "Basic EPS": NaN,
        "Diluted NI Availto Com Stockholders": NaN,
        "Net Income Common Stockholders": NaN,
        "Net Income": NaN,
        "Minority Interests": NaN,
        "Net Income Including Noncontrolling Interests": NaN,
        "Net Income Discontinuous Operations": NaN,
        "Net Income Continuous Operations": NaN,
        "Earnings From Equity Interest Net Of Tax": NaN,
        "Tax Provision": NaN,
        "Pretax Income": NaN,
        "Other Income Expense": NaN,
        "Other Non Operating Income Expenses": NaN,
        "Special Income Charges": NaN,
        "Gain On Sale Of Ppe": NaN,
        "Other Special Charges": NaN,
        "Write Off": 12000000.0,
        "Impairment Of Capital Assets": NaN,
        "Restructuring And Mergern Acquisition": NaN,
        "Gain On Sale Of Security": NaN,
        "Net Non Operating Interest Income Expense": NaN,
        "Interest Expense Non Operating": NaN,
        "Interest Income Non Operating": NaN,
        "Operating Income": NaN,
        "Operating Expense": NaN,
        "Other Operating Expenses": NaN,
        "Research And Development": NaN,
        "Selling General And Administration": NaN,
        "General And Administrative Expense": NaN,
        "Other Gand A": NaN,
        "Gross Profit": NaN,
        "Cost Of Revenue": NaN,
        "Total Revenue": NaN,
        "Operating Revenue": NaN
    },
    "2024-06-30": {
        "Tax Effect Of Unusual Items": -46090733.590734,
        "Tax Rate For Calcs": 0.184363,
        "Normalized EBITDA": 1991000000.0,
        "Total Unusual Items": -250000000.0,
        "Total Unusual Items Excluding Goodwill": -250000000.0,
        "Net Income From Continuing Operation Net Minority Interest": 838000000.0,
        "Reconciled Depreciation": 602000000.0,
        "Reconciled Cost Of Revenue": 2758000000.0,
        "EBITDA": 1741000000.0,
        "EBIT": 1139000000.0,
        "Net Interest Income": -65000000.0,
        "Interest Expense": 103000000.0,
        "Interest Income": 38000000.0,
        "Normalized Income": 1041909266.409266,
        "Net Income From Continuing And Discontinued Operation": 853000000.0,
        "Total Expenses": 3058000000.0,
        "Diluted Average Shares": 1155000000.0,
        "Basic Average Shares": 1153000000.0,
        "Diluted EPS": 0.74,
        "Basic EPS": 0.74,
        "Diluted NI Availto Com Stockholders": 853000000.0,
        "Net Income Common Stockholders": 853000000.0,
        "Net Income": 853000000.0,
        "Minority Interests": -4000000.0,
        "Net Income Including Noncontrolling Interests": 857000000.0,
        "Net Income Discontinuous Operations": 15000000.0,
        "Net Income Continuous Operations": 842000000.0,
        "Earnings From Equity Interest Net Of Tax": -3000000.0,
        "Tax Provision": 191000000.0,
        "Pretax Income": 1036000000.0,
        "Other Income Expense": -243000000.0,
        "Other Non Operating Income Expenses": 7000000.0,
        "Special Income Charges": -216000000.0,
        "Gain On Sale Of Ppe": -191000000.0,
        "Other Special Charges": -9000000.0,
        "Write Off": 9000000.0,
        "Impairment Of Capital Assets": NaN,
        "Restructuring And Mergern Acquisition": 25000000.0,
        "Gain On Sale Of Security": -34000000.0,
        "Net Non Operating Interest Income Expense": -65000000.0,
        "Interest Expense Non Operating": 103000000.0,
        "Interest Income Non Operating": 38000000.0,
        "Operating Income": 1344000000.0,
        "Operating Expense": 300000000.0,
        "Other Operating Expenses": 151000000.0,
        "Research And Development": 49000000.0,
        "Selling General And Administration": 100000000.0,
        "General And Administrative Expense": 100000000.0,
        "Other Gand A": 100000000.0,
        "Gross Profit": 1644000000.0,
        "Cost Of Revenue": 2758000000.0,
        "Total Revenue": 4402000000.0,
        "Operating Revenue": 4402000000.0
    },
    "2024-09-30": {
        "Tax Effect Of Unusual Items": -43010000.0,
        "Tax Rate For Calcs": 0.23,
        "Normalized EBITDA": 1963000000.0,
        "Total Unusual Items": -187000000.0,
        "Total Unusual Items Excluding Goodwill": -187000000.0,
        "Net Income From Continuing Operation Net Minority Interest": 873000000.0,
        "Reconciled Depreciation": 631000000.0,
        "Reconciled Cost Of Revenue": 2941000000.0,
        "EBITDA": 1776000000.0,
        "EBIT": 1145000000.0,
        "Net Interest Income": -49000000.0,
        "Interest Expense": 86000000.0,
        "Interest Income": 37000000.0,
        "Normalized Income": 1016990000.0,
        "Net Income From Continuing And Discontinued Operation": 922000000.0,
        "Total Expenses": 3307000000.0,
        "Diluted Average Shares": 1149000000.0,
        "Basic Average Shares": 1147000000.0,
        "Diluted EPS": 0.8,
        "Basic EPS": 0.8,
        "Diluted NI Availto Com Stockholders": 922000000.0,
        "Net Income Common Stockholders": 922000000.0,
        "Net Income": 922000000.0,
        "Minority Interests": -2000000.0,
        "Net Income Including Noncontrolling Interests": 924000000.0,
        "Net Income Discontinuous Operations": 49000000.0,
        "Net Income Continuous Operations": 875000000.0,
        "Earnings From Equity Interest Net Of Tax": 60000000.0,
        "Tax Provision": 244000000.0,
        "Pretax Income": 1059000000.0,
        "Other Income Expense": -190000000.0,
        "Other Non Operating Income Expenses": -3000000.0,
        "Special Income Charges": -175000000.0,
        "Gain On Sale Of Ppe": -143000000.0,
        "Other Special Charges": -8000000.0,
        "Write Off": NaN,
        "Impairment Of Capital Assets": 18000000.0,
        "Restructuring And Mergern Acquisition": 22000000.0,
        "Gain On Sale Of Security": -12000000.0,
        "Net Non Operating Interest Income Expense": -49000000.0,
        "Interest Expense Non Operating": 86000000.0,
        "Interest Income Non Operating": 37000000.0,
        "Operating Income": 1298000000.0,
        "Operating Expense": 366000000.0,
        "Other Operating Expenses": 206000000.0,
        "Research And Development": 47000000.0,
        "Selling General And Administration": 113000000.0,
        "General And Administrative Expense": 113000000.0,
        "Other Gand A": 113000000.0,
        "Gross Profit": 1664000000.0,
        "Cost Of Revenue": 2941000000.0,
        "Total Revenue": 4605000000.0,
        "Operating Revenue": 4605000000.0
    },
    "2024-12-31": {
        "Tax Effect Of Unusual Items": -66645569.620253,
        "Tax Rate For Calcs": 0.341772,
        "Normalized EBITDA": 3031000000.0,
        "Total Unusual Items": -195000000.0,
        "Total Unusual Items Excluding Goodwill": -195000000.0,
        "Net Income From Continuing Operation Net Minority Interest": 1403000000.0,
        "Reconciled Depreciation": 689000000.0,
        "Reconciled Cost Of Revenue": 3080000000.0,
        "EBITDA": 2836000000.0,
        "EBIT": 2147000000.0,
        "Net Interest Income": -55000000.0,
        "Interest Expense": 93000000.0,
        "Interest Income": 38000000.0,
        "Normalized Income": 1531354430.379747,
        "Net Income From Continuing And Discontinued Operation": 1403000000.0,
        "Total Expenses": 3342000000.0,
        "Diluted Average Shares": 1135000000.0,
        "Basic Average Shares": 1133000000.0,
        "Diluted EPS": 1.24,
        "Basic EPS": 1.24,
        "Diluted NI Availto Com Stockholders": 1403000000.0,
        "Net Income Common Stockholders": 1403000000.0,
        "Net Income": 1403000000.0,
        "Minority Interests": -18000000.0,
        "Net Income Including Noncontrolling Interests": 1421000000.0,
        "Net Income Discontinuous Operations": 0.0,
        "Net Income Continuous Operations": 1421000000.0,
        "Earnings From Equity Interest Net Of Tax": 69000000.0,
        "Tax Provision": 702000000.0,
        "Pretax Income": 2054000000.0,
        "Other Income Expense": -201000000.0,
        "Other Non Operating Income Expenses": -6000000.0,
        "Special Income Charges": -345000000.0,
        "Gain On Sale Of Ppe": -269000000.0,
        "Other Special Charges": 9000000.0,
        "Write Off": NaN,
        "Impairment Of Capital Assets": 39000000.0,
        "Restructuring And Mergern Acquisition": 28000000.0,
        "Gain On Sale Of Security": 150000000.0,
        "Net Non Operating Interest Income Expense": -55000000.0,
        "Interest Expense Non Operating": 93000000.0,
        "Interest Income Non Operating": 38000000.0,
        "Operating Income": 2310000000.0,
        "Operating Expense": 262000000.0,
        "Other Operating Expenses": 86000000.0,
        "Research And Development": 48000000.0,
        "Selling General And Administration": 128000000.0,
        "General And Administrative Expense": 128000000.0,
        "Other Gand A": 128000000.0,
        "Gross Profit": 2572000000.0,
        "Cost Of Revenue": 3080000000.0,
        "Total Revenue": 5652000000.0,
        "Operating Revenue": 5652000000.0
    },
    "2025-03-31": {
        "Tax Effect Of Unusual Items": 130260000.0,
        "Tax Rate For Calcs": 0.26,
        "Normalized EBITDA": 2642000000.0,
        "Total Unusual Items": 501000000.0,
        "Total Unusual Items Excluding Goodwill": 501000000.0,
        "Net Income From Continuing Operation Net Minority Interest": 1891000000.0,
        "Reconciled Depreciation": 593000000.0,
        "Reconciled Cost Of Revenue": 2699000000.0,
        "EBITDA": 3143000000.0,
        "EBIT": 2550000000.0,
        "Net Interest Income": -38000000.0,
        "Interest Expense": 79000000.0,
        "Interest Income": 41000000.0,
        "Normalized Income": 1520260000.0,
        "Net Income From Continuing And Discontinued Operation": 1891000000.0,
        "Total Expenses": 2994000000.0,
        "Diluted Average Shares": 1127000000.0,
        "Basic Average Shares": 1126000000.0,
        "Diluted EPS": 1.68,
        "Basic EPS": 1.68,
        "Diluted NI Availto Com Stockholders": 1891000000.0,
        "Net Income Common Stockholders": 1891000000.0,
        "Net Income": 1891000000.0,
        "Minority Interests": -11000000.0,
        "Net Income Including Noncontrolling Interests": 1902000000.0,
        "Net Income Discontinuous Operations": 0.0,
        "Net Income Continuous Operations": 1902000000.0,
        "Earnings From Equity Interest Net Of Tax": 78000000.0,
        "Tax Provision": 647000000.0,
        "Pretax Income": 2471000000.0,
        "Other Income Expense": 493000000.0,
        "Other Non Operating Income Expenses": -8000000.0,
        "Special Income Charges": 230000000.0,
        "Gain On Sale Of Ppe": 271000000.0,
        "Other Special Charges": 13000000.0,
        "Write Off": 15000000.0,
        "Impairment Of Capital Assets": NaN,
        "Restructuring And Mergern Acquisition": 13000000.0,
        "Gain On Sale Of Security": 271000000.0,
        "Net Non Operating Interest Income Expense": -38000000.0,
        "Interest Expense Non Operating": 79000000.0,
        "Interest Income Non Operating": 41000000.0,
        "Operating Income": 2016000000.0,
        "Operating Expense": 295000000.0,
        "Other Operating Expenses": 142000000.0,
        "Research And Development": 43000000.0,
        "Selling General And Administration": 110000000.0,
        "General And Administrative Expense": 110000000.0,
        "Other Gand A": 110000000.0,
        "Gross Profit": 2311000000.0,
        "Cost Of Revenue": 2699000000.0,
        "Total Revenue": 5010000000.0,
        "Operating Revenue": 5010000000.0
    },
    "2025-06-30": {
        "Tax Effect Of Unusual Items": 265119948.685055,
        "Tax Rate For Calcs": 0.350225,
        "Normalized EBITDA": 3046000000.0,
        "Total Unusual Items": 757000000.0,
        "Total Unusual Items Excluding Goodwill": 757000000.0,
        "Net Income From Continuing Operation Net Minority Interest": 2061000000.0,
        "Reconciled Depreciation": 620000000.0,
        "Reconciled Cost Of Revenue": 2621000000.0,
        "EBITDA": 3803000000.0,
        "EBIT": 3183000000.0,
        "Net Interest Income": -11000000.0,
        "Interest Expense": 65000000.0,
        "Interest Income": 54000000.0,
        "Normalized Income": 1569119948.685055,
        "Net Income From Continuing And Discontinued Operation": 2061000000.0,
        "Total Expenses": 2900000000.0,
        "Diluted Average Shares": 1112000000.0,
        "Basic Average Shares": 1110000000.0,
        "Diluted EPS": 1.85,
        "Basic EPS": 1.86,
        "Diluted NI Availto Com Stockholders": 2061000000.0,
        "Net Income Common Stockholders": 2061000000.0,
        "Net Income": 2061000000.0,
        "Minority Interests": -14000000.0,
        "Net Income Including Noncontrolling Interests": 2075000000.0,
        "Net Income Discontinuous Operations": 0.0,
        "Net Income Continuous Operations": 2075000000.0,
        "Earnings From Equity Interest Net Of Tax": 49000000.0,
        "Tax Provision": 1092000000.0,
        "Pretax Income": 3118000000.0,
        "Other Income Expense": 712000000.0,
        "Other Non Operating Income Expenses": -45000000.0,
        "Special Income Charges": 665000000.0,
        "Gain On Sale Of Ppe": 697000000.0,
        "Other Special Charges": 18000000.0,
        "Write Off": 9000000.0,
        "Impairment Of Capital Assets": NaN,
        "Restructuring And Mergern Acquisition": 5000000.0,
        "Gain On Sale Of Security": 92000000.0,
        "Net Non Operating Interest Income Expense": -11000000.0,
        "Interest Expense Non Operating": 65000000.0,
        "Interest Income Non Operating": 54000000.0,
        "Operating Income": 2417000000.0,
        "Operating Expense": 279000000.0,
        "Other Operating Expenses": 144000000.0,
        "Research And Development": 40000000.0,
        "Selling General And Administration": 95000000.0,
        "General And Administrative Expense": 95000000.0,
        "Other Gand A": 95000000.0,
        "Gross Profit": 2696000000.0,
        "Cost Of Revenue": 2621000000.0,
        "Total Revenue": 5317000000.0,
        "Operating Revenue": 5317000000.0
    }
}