{
    "2023-03-31": {
        "Tax Effect Of Unusual Items": -10133.238661,
        "Tax Rate For Calcs": 0.000327,
        "Normalized EBITDA": -13234396.0,
        "Total Unusual Items": -31025745.0,
        "Total Unusual Items Excluding Goodwill": -31025745.0,
        "Net Income From Continuing Operation Net Minority Interest": -26565968.0,
        "Reconciled Depreciation": 722890.0,
        "Reconciled Cost Of Revenue": 14715605.0,
        "EBITDA": -44260141.0,
        "EBIT": -44983031.0,
        "Net Interest Income": 335230.0,
        "Interest Expense": -455568.0,
        "Interest Income": 5.0,
        "Normalized Income": 4449643.761339,
        "Net Income From Continuing And Discontinued Operation": -26565968.0,
        "Total Expenses": 25984308.0,
        "Total Operating Income As Reported": -41690786.0,
        "Diluted Average Shares": NaN,
        "Basic Average Shares": NaN,
        "Diluted EPS": NaN,
        "Basic EPS": NaN,
        "Diluted NI Availto Com Stockholders": -26565968.0,
        "Average Dilution Earnings": NaN,
        "Net Income Common Stockholders": -26565968.0,
        "Net Income": -26565968.0,
        "Minority Interests": 17946952.0,
        "Net Income Including Noncontrolling Interests": -44512920.0,
        "Net Income Continuous Operations": -44512920.0,
        "Tax Provision": -14543.0,
        "Pretax Income": -44527463.0,
        "Other Income Expense": -31025745.0,
        "Special Income Charges": -28040028.0,
        "Gain On Sale Of Ppe": -342945.0,
        "Other Special Charges": 186190.0,
        "Write Off": 12752590.0,
        "Impairment Of Capital Assets": 27510893.0,
        "Gain On Sale Of Security": -2985717.0,
        "Net Non Operating Interest Income Expense": 335230.0,
        "Interest Expense Non Operating": -455568.0,
        "Interest Income Non Operating": 5.0,
        "Operating Income": -13836948.0,
        "Operating Expense": 11268703.0,
        "Research And Development": 33103.0,
        "Selling General And Administration": 11235600.0,
        "Gross Profit": -2568245.0,
        "Cost Of Revenue": 14715605.0,
        "Total Revenue": 12147360.0,
        "Operating Revenue": 12128419.0
    },
    "2022-12-31": {
        "Tax Effect Of Unusual Items": 2029424.0498,
        "Tax Rate For Calcs": 0.2621,
        "Normalized EBITDA": -6284867.0,
        "Total Unusual Items": 7742938.0,
        "Total Unusual Items Excluding Goodwill": 7742938.0,
        "Net Income From Continuing Operation Net Minority Interest": 1288110.0,
        "Reconciled Depreciation": 590733.0,
        "Reconciled Cost Of Revenue": 10328349.0,
        "EBITDA": 1458071.0,
        "EBIT": 867338.0,
        "Net Interest Income": -1362776.0,
        "Interest Expense": 1362776.0,
        "Interest Income": 0.0,
        "Normalized Income": -4425403.9502,
        "Net Income From Continuing And Discontinued Operation": 1288110.0,
        "Total Expenses": 19084508.0,
        "Total Operating Income As Reported": -7061659.0,
        "Diluted Average Shares": 11094967.0,
        "Basic Average Shares": 11030838.0,
        "Diluted EPS": 0.06,
        "Basic EPS": 0.06,
        "Diluted NI Availto Com Stockholders": 657040.0,
        "Average Dilution Earnings": -631070.0,
        "Net Income Common Stockholders": 1288110.0,
        "Net Income": 1288110.0,
        "Minority Interests": 1785561.0,
        "Net Income Including Noncontrolling Interests": -497451.0,
        "Net Income Continuous Operations": -497451.0,
        "Tax Provision": 2013.0,
        "Pretax Income": -495438.0,
        "Other Income Expense": 7742938.0,
        "Special Income Charges": -119890.0,
        "Gain On Sale Of Ppe": 84998.0,
        "Other Special Charges": -66169.0,
        "Write Off": 0.0,
        "Impairment Of Capital Assets": 271057.0,
        "Gain On Sale Of Security": 7862828.0,
        "Net Non Operating Interest Income Expense": -1362776.0,
        "Interest Expense Non Operating": 1362776.0,
        "Interest Income Non Operating": 0.0,
        "Operating Income": -6875600.0,
        "Operating Expense": 8756159.0,
        "Research And Development": 28836.0,
        "Selling General And Administration": 8727323.0,
        "Gross Profit": 1880559.0,
        "Cost Of Revenue": 10328349.0,
        "Total Revenue": 12208908.0,
        "Operating Revenue": 12208908.0
    },
    "2022-09-30": {
        "Tax Effect Of Unusual Items": -8755521.2,
        "Tax Rate For Calcs": 0.4,
        "Normalized EBITDA": -14473859.0,
        "Total Unusual Items": -21888803.0,
        "Total Unusual Items Excluding Goodwill": -21888803.0,
        "Net Income From Continuing Operation Net Minority Interest": -30897458.0,
        "Reconciled Depreciation": 533493.0,
        "Reconciled Cost Of Revenue": 10878974.0,
        "EBITDA": -36362662.0,
        "EBIT": -36896155.0,
        "Net Interest Income": -378991.0,
        "Interest Expense": 379007.0,
        "Interest Income": 16.0,
        "Normalized Income": -17764176.2,
        "Net Income From Continuing And Discontinued Operation": -30897458.0,
        "Total Expenses": 26994210.0,
        "Total Operating Income As Reported": -39701826.0,
        "Diluted Average Shares": 204388.0,
        "Basic Average Shares": 204388.0,
        "Diluted EPS": -151.17,
        "Basic EPS": -151.17,
        "Diluted NI Availto Com Stockholders": -30897458.0,
        "Average Dilution Earnings": NaN,
        "Net Income Common Stockholders": -30897458.0,
        "Net Income": -30897458.0,
        "Minority Interests": 6390234.0,
        "Net Income Including Noncontrolling Interests": -37287692.0,
        "Net Income Continuous Operations": -37287692.0,
        "Tax Provision": 12530.0,
        "Pretax Income": -37275162.0,
        "Other Income Expense": -21888803.0,
        "Special Income Charges": -24694458.0,
        "Gain On Sale Of Ppe": 0.0,
        "Other Special Charges": NaN,
        "Write Off": 14530458.0,
        "Impairment Of Capital Assets": 10164000.0,
        "Gain On Sale Of Security": 2805655.0,
        "Net Non Operating Interest Income Expense": -378991.0,
        "Interest Expense Non Operating": 379007.0,
        "Interest Income Non Operating": 16.0,
        "Operating Income": -15007368.0,
        "Operating Expense": 16115236.0,
        "Research And Development": 207598.0,
        "Selling General And Administration": 15907638.0,
        "Gross Profit": 1107868.0,
        "Cost Of Revenue": 10878974.0,
        "Total Revenue": 11986842.0,
        "Operating Revenue": 11973787.0
    },
    "2022-06-30": {
        "Tax Effect Of Unusual Items": 0.0,
        "Tax Rate For Calcs": 0.0,
        "Normalized EBITDA": -12780587.0,
        "Total Unusual Items": 8073371.0,
        "Total Unusual Items Excluding Goodwill": 8073371.0,
        "Net Income From Continuing Operation Net Minority Interest": -4284350.0,
        "Reconciled Depreciation": 880757.0,
        "Reconciled Cost Of Revenue": 19166575.0,
        "EBITDA": -4707216.0,
        "EBIT": -5587973.0,
        "Net Interest Income": -915098.0,
        "Interest Expense": 916522.0,
        "Interest Income": 1424.0,
        "Normalized Income": -12357721.0,
        "Net Income From Continuing And Discontinued Operation": -4284350.0,
        "Total Expenses": 29934996.0,
        "Total Operating Income As Reported": -14393427.0,
        "Diluted Average Shares": 148956.0,
        "Basic Average Shares": 148956.0,
        "Diluted EPS": -28.8,
        "Basic EPS": -28.8,
        "Diluted NI Availto Com Stockholders": -4284350.0,
        "Average Dilution Earnings": NaN,
        "Net Income Common Stockholders": -4284350.0,
        "Net Income": -4284350.0,
        "Minority Interests": 2220145.0,
        "Net Income Including Noncontrolling Interests": -6504495.0,
        "Net Income Continuous Operations": -6504495.0,
        "Tax Provision": 0.0,
        "Pretax Income": -6504495.0,
        "Other Income Expense": 8073371.0,
        "Special Income Charges": -730659.0,
        "Gain On Sale Of Ppe": 85002.0,
        "Other Special Charges": NaN,
        "Write Off": NaN,
        "Impairment Of Capital Assets": 815661.0,
        "Gain On Sale Of Security": 8804030.0,
        "Net Non Operating Interest Income Expense": -915098.0,
        "Interest Expense Non Operating": 916522.0,
        "Interest Income Non Operating": 1424.0,
        "Operating Income": -13662768.0,
        "Operating Expense": 10768421.0,
        "Research And Development": 214687.0,
        "Selling General And Administration": 10553734.0,
        "Gross Profit": -2894347.0,
        "Cost Of Revenue": 19166575.0,
        "Total Revenue": 16272228.0,
        "Operating Revenue": 16252287.0
    },
    "2022-03-31": {
        "Diluted EPS": -6.51,
        "Total Revenue": 12,
        "Gross Profit": -6,
        "Operating Income": -34,
        "EBIT": -32,
        "Net Income": -32
    },
    "2021-12-31": {
        "Diluted EPS": -3.14,
        "Total Revenue": 15,
        "Gross Profit": 2,
        "Operating Income": -17,
        "EBIT": -16,
        "Net Income": -15
    },
    "2021-09-30": {
        "Diluted EPS": -2.33,
        "Total Revenue": 13,
        "Gross Profit": -1,
        "Operating Income": -19,
        "EBIT": -17,
        "Net Income": -11
    },
    "2021-06-30": {
        "Diluted EPS": -3.56,
        "Total Revenue": 10,
        "Gross Profit": -2,
        "Operating Income": -19,
        "EBIT": -18,
        "Net Income": -17
    },
    "2021-03-31": {
        "Diluted EPS": -11.19,
        "Total Revenue": -4,
        "Gross Profit": -19,
        "Operating Income": -46,
        "EBIT": -44,
        "Net Income": -42
    },
    "2020-12-31": {
        "Diluted EPS": -15.83,
        "Total Revenue": 3,
        "Gross Profit": -7,
        "Operating Income": -60,
        "EBIT": -47,
        "Net Income": -57
    },
    "2020-09-30": {
        "Diluted EPS": -5.25,
        "Total Revenue": 22,
        "Gross Profit": -3,
        "Operating Income": -18,
        "EBIT": -16,
        "Net Income": -16
    },
    "2020-06-30": {
        "Diluted EPS": -3.28,
        "Total Revenue": 15,
        "Gross Profit": 2,
        "Operating Income": -7,
        "EBIT": -5,
        "Net Income": -8
    },
    "2020-03-31": {
        "Diluted EPS": -11.28,
        "Total Revenue": 7,
        "Gross Profit": -1,
        "Operating Income": -54,
        "EBIT": -52,
        "Net Income": -29
    },
    "2019-12-31": {
        "Diluted EPS": 1.59,
        "Total Revenue": 7,
        "Gross Profit": 0,
        "Operating Income": -44,
        "EBIT": -42,
        "Net Income": 4
    },
    "2019-09-30": {
        "Diluted EPS": -6.09,
        "Total Revenue": 5,
        "Gross Profit": 0,
        "Operating Income": -13,
        "EBIT": -11,
        "Net Income": -16
    },
    "2019-06-30": {
        "Diluted EPS": -2.09,
        "Total Revenue": 3,
        "Gross Profit": -1,
        "Operating Income": -5,
        "EBIT": -4,
        "Net Income": -5
    },
    "2019-03-31": {
        "Diluted EPS": -3.98,
        "Total Revenue": 4,
        "Gross Profit": 1,
        "Operating Income": -9,
        "EBIT": -9,
        "Net Income": -9
    },
    "2018-12-31": {
        "Diluted EPS": -1.32,
        "Total Revenue": 5,
        "Gross Profit": 2,
        "Operating Income": -3,
        "EBIT": -2,
        "Net Income": -3
    },
    "2018-09-30": {
        "Diluted EPS": -1.07,
        "Total Revenue": 5,
        "Gross Profit": 2,
        "Operating Income": -2,
        "EBIT": -2,
        "Net Income": -2
    },
    "2018-06-30": {
        "Diluted EPS": -1.36,
        "Total Revenue": 4,
        "Gross Profit": 1,
        "Operating Income": -3,
        "EBIT": -3,
        "Net Income": -3
    },
    "2016-11-30": {
        "Diluted EPS": 3.71,
        "Total Revenue": 9,
        "Gross Profit": 3,
        "Operating Income": 7,
        "EBIT": 8,
        "Net Income": 8
    },
    "2016-08-31": {
        "Diluted EPS": -0.54,
        "Total Revenue": 9,
        "Gross Profit": 2,
        "Operating Income": -2,
        "EBIT": -1,
        "Net Income": -1
    },
    "2016-05-31": {
        "Diluted EPS": -0.8,
        "Total Revenue": 9,
        "Gross Profit": 3,
        "Operating Income": -2,
        "EBIT": -1,
        "Net Income": -2
    },
    "2016-03-31": {
        "Diluted EPS": 0.35,
        "Total Revenue": 9,
        "Gross Profit": 3,
        "Operating Income": 0,
        "EBIT": 0,
        "Net Income": -2
    },
    "2016-02-29": {
        "Diluted EPS": 0.0,
        "Total Revenue": NaN,
        "Gross Profit": NaN,
        "Operating Income": NaN,
        "EBIT": NaN,
        "Net Income": NaN
    },
    "2015-12-31": {
        "Diluted EPS": -0.7,
        "Total Revenue": 4,
        "Gross Profit": 1,
        "Operating Income": -3,
        "EBIT": -2,
        "Net Income": -1
    },
    "2015-09-30": {
        "Diluted EPS": -0.7,
        "Total Revenue": 3,
        "Gross Profit": 1,
        "Operating Income": -3,
        "EBIT": -2,
        "Net Income": -1
    },
    "2015-06-30": {
        "Diluted EPS": -1.75,
        "Total Revenue": 2,
        "Gross Profit": -1,
        "Operating Income": -5,
        "EBIT": -5,
        "Net Income": -4
    },
    "2015-03-31": {
        "Diluted EPS": -3.5,
        "Total Revenue": 3,
        "Gross Profit": 3,
        "Operating Income": 3,
        "EBIT": -24,
        "Net Income": -7
    },
    "2014-12-31": {
        "Diluted EPS": -0.35,
        "Total Revenue": 4,
        "Gross Profit": 0,
        "Operating Income": -5,
        "EBIT": -5,
        "Net Income": -1
    },
    "2014-09-30": {
        "Diluted EPS": -5.25,
        "Total Revenue": 2,
        "Gross Profit": -4,
        "Operating Income": -13,
        "EBIT": -13,
        "Net Income": -11
    },
    "2014-06-30": {
        "Diluted EPS": -2.1,
        "Total Revenue": 3,
        "Gross Profit": 1,
        "Operating Income": -9,
        "EBIT": -9,
        "Net Income": -4
    },
    "2014-03-31": {
        "Diluted EPS": 0.0,
        "Total Revenue": 3,
        "Gross Profit": 3,
        "Operating Income": 3,
        "EBIT": 3,
        "Net Income": 0
    },
    "2013-12-31": {
        "Diluted EPS": -4.55,
        "Total Revenue": 4,
        "Gross Profit": 0,
        "Operating Income": -10,
        "EBIT": -10,
        "Net Income": -8
    },
    "2013-09-30": {
        "Diluted EPS": -2.1,
        "Total Revenue": 5,
        "Gross Profit": 1,
        "Operating Income": -10,
        "EBIT": -10,
        "Net Income": -3
    },
    "2013-06-30": {
        "Diluted EPS": -2.45,
        "Total Revenue": 6,
        "Gross Profit": 0,
        "Operating Income": -6,
        "EBIT": -6,
        "Net Income": -4
    },
    "2013-03-31": {
        "Diluted EPS": -0.35,
        "Total Revenue": 4,
        "Gross Profit": 4,
        "Operating Income": 4,
        "EBIT": 5,
        "Net Income": 0
    },
    "2013-02-28": {
        "Diluted EPS": 0.0,
        "Total Revenue": NaN,
        "Gross Profit": NaN,
        "Operating Income": NaN,
        "EBIT": NaN,
        "Net Income": NaN
    },
    "2012-12-31": {
        "Diluted EPS": -7.34,
        "Total Revenue": 7,
        "Gross Profit": 3,
        "Operating Income": -4,
        "EBIT": -4,
        "Net Income": -12
    },
    "2012-09-30": {
        "Diluted EPS": -2.8,
        "Total Revenue": 8,
        "Gross Profit": 3,
        "Operating Income": -4,
        "EBIT": -3,
        "Net Income": -4
    },
    "2012-06-30": {
        "Diluted EPS": -0.7,
        "Total Revenue": 6,
        "Gross Profit": 4,
        "Operating Income": -2,
        "EBIT": -2,
        "Net Income": -1
    },
    "2012-03-31": {
        "Diluted EPS": -0.35,
        "Total Revenue": 5,
        "Gross Profit": 5,
        "Operating Income": 5,
        "EBIT": 5,
        "Net Income": 0
    },
    "2011-12-31": {
        "Diluted EPS": -0.35,
        "Total Revenue": 5,
        "Gross Profit": 3,
        "Operating Income": -2,
        "EBIT": -2,
        "Net Income": 0
    },
    "2011-09-30": {
        "Diluted EPS": -1.4,
        "Total Revenue": 4,
        "Gross Profit": 2,
        "Operating Income": -2,
        "EBIT": -2,
        "Net Income": -2
    },
    "2011-06-30": {
        "Diluted EPS": -1.05,
        "Total Revenue": 4,
        "Gross Profit": 2,
        "Operating Income": -1,
        "EBIT": -1,
        "Net Income": -1
    },
    "2011-03-31": {
        "Diluted EPS": 1.75,
        "Total Revenue": 4,
        "Gross Profit": 4,
        "Operating Income": 4,
        "EBIT": 4,
        "Net Income": 2
    },
    "2010-12-31": {
        "Diluted EPS": 1.4,
        "Total Revenue": 4,
        "Gross Profit": 1,
        "Operating Income": 0,
        "EBIT": 0,
        "Net Income": 2
    },
    "2010-09-30": {
        "Diluted EPS": 0.35,
        "Total Revenue": 4,
        "Gross Profit": 1,
        "Operating Income": 0,
        "EBIT": 1,
        "Net Income": 0
    },
    "2010-06-30": {
        "Diluted EPS": 0.35,
        "Total Revenue": 4,
        "Gross Profit": 1,
        "Operating Income": 0,
        "EBIT": 1,
        "Net Income": 0
    },
    "2010-03-31": {
        "Diluted EPS": 0.0,
        "Total Revenue": 5,
        "Gross Profit": 5,
        "Operating Income": 5,
        "EBIT": 5,
        "Net Income": 0
    },
    "2009-12-31": {
        "Diluted EPS": 1.75,
        "Total Revenue": 4,
        "Gross Profit": 1,
        "Operating Income": 0,
        "EBIT": 0,
        "Net Income": 2
    },
    "2009-09-30": {
        "Diluted EPS": -1.4,
        "Total Revenue": 1,
        "Gross Profit": 0,
        "Operating Income": -2,
        "EBIT": -1,
        "Net Income": -1
    },
    "2009-06-30": {
        "Diluted EPS": -1.4,
        "Total Revenue": 3,
        "Gross Profit": 1,
        "Operating Income": 0,
        "EBIT": 0,
        "Net Income": -1
    },
    "2009-03-31": {
        "Diluted EPS": 0.0,
        "Total Revenue": 4,
        "Gross Profit": 4,
        "Operating Income": 4,
        "EBIT": 4,
        "Net Income": 0
    },
    "2023-06-30": {
        "Tax Effect Of Unusual Items": 0.0,
        "Tax Rate For Calcs": 0.0,
        "Normalized EBITDA": -10396068.0,
        "Total Unusual Items": 2644852.0,
        "Total Unusual Items Excluding Goodwill": 2644852.0,
        "Net Income From Continuing Operation Net Minority Interest": -8314368.0,
        "Reconciled Depreciation": 256087.0,
        "Reconciled Cost Of Revenue": 9285699.0,
        "EBITDA": -7751216.0,
        "EBIT": -8007303.0,
        "Net Interest Income": -1793179.0,
        "Interest Expense": 1793179.0,
        "Interest Income": 0.0,
        "Normalized Income": -10959220.0,
        "Net Income From Continuing And Discontinued Operation": -8314368.0,
        "Total Expenses": 21279972.0,
        "Total Operating Income As Reported": -10652155.0,
        "Diluted Average Shares": 404943.0,
        "Basic Average Shares": 404943.0,
        "Diluted EPS": -20.4,
        "Basic EPS": -20.4,
        "Diluted NI Availto Com Stockholders": -8314368.0,
        "Average Dilution Earnings": NaN,
        "Net Income Common Stockholders": -8314368.0,
        "Net Income": -8314368.0,
        "Minority Interests": 1486114.0,
        "Net Income Including Noncontrolling Interests": -9800482.0,
        "Net Income Continuous Operations": -9800482.0,
        "Tax Provision": 0.0,
        "Pretax Income": -9800482.0,
        "Other Income Expense": 2644852.0,
        "Special Income Charges": 0.0,
        "Gain On Sale Of Ppe": 0.0,
        "Other Special Charges": NaN,
        "Write Off": 0.0,
        "Impairment Of Capital Assets": 0.0,
        "Gain On Sale Of Security": 2644852.0,
        "Net Non Operating Interest Income Expense": -1793179.0,
        "Interest Expense Non Operating": 1793179.0,
        "Interest Income Non Operating": 0.0,
        "Operating Income": -10652155.0,
        "Operating Expense": 11994273.0,
        "Research And Development": 21864.0,
        "Selling General And Administration": 11972409.0,
        "Gross Profit": 1342118.0,
        "Cost Of Revenue": 9285699.0,
        "Total Revenue": 10627817.0,
        "Operating Revenue": 10608841.0
    },
    "2023-09-30": {
        "Tax Effect Of Unusual Items": 0.0,
        "Tax Rate For Calcs": 0.0,
        "Normalized EBITDA": -4616404.0,
        "Total Unusual Items": 2656437.0,
        "Total Unusual Items Excluding Goodwill": 2656437.0,
        "Net Income From Continuing Operation Net Minority Interest": -890190.0,
        "Reconciled Depreciation": 201924.0,
        "Reconciled Cost Of Revenue": 9307623.0,
        "EBITDA": -1959967.0,
        "EBIT": -2161891.0,
        "Net Interest Income": -3174627.0,
        "Interest Expense": 3174627.0,
        "Interest Income": 0.0,
        "Normalized Income": -3546627.0,
        "Net Income From Continuing And Discontinued Operation": -890190.0,
        "Total Expenses": 13168709.0,
        "Total Operating Income As Reported": -4504230.0,
        "Diluted Average Shares": 646813.0,
        "Basic Average Shares": 646813.0,
        "Diluted EPS": -1.38,
        "Basic EPS": -1.38,
        "Diluted NI Availto Com Stockholders": -890190.0,
        "Average Dilution Earnings": NaN,
        "Net Income Common Stockholders": -890190.0,
        "Net Income": -890190.0,
        "Minority Interests": 4446328.0,
        "Net Income Including Noncontrolling Interests": -5336518.0,
        "Net Income Continuous Operations": -5336518.0,
        "Tax Provision": 0.0,
        "Pretax Income": -5336518.0,
        "Other Income Expense": 2656437.0,
        "Special Income Charges": 0.0,
        "Gain On Sale Of Ppe": 0.0,
        "Other Special Charges": NaN,
        "Write Off": 0.0,
        "Impairment Of Capital Assets": 0.0,
        "Gain On Sale Of Security": 2656437.0,
        "Net Non Operating Interest Income Expense": -3174627.0,
        "Interest Expense Non Operating": 3174627.0,
        "Interest Income Non Operating": 0.0,
        "Operating Income": -4428821.0,
        "Operating Expense": 3861086.0,
        "Research And Development": 24675.0,
        "Selling General And Administration": 3836411.0,
        "Gross Profit": -567735.0,
        "Cost Of Revenue": 9307623.0,
        "Total Revenue": 8739888.0,
        "Operating Revenue": 8739888.0
    }
}