{
    "2023-03-31": {
        "Tax Effect Of Unusual Items": NaN,
        "Tax Rate For Calcs": NaN,
        "Normalized EBITDA": NaN,
        "Total Unusual Items": NaN,
        "Total Unusual Items Excluding Goodwill": NaN,
        "Net Income From Continuing Operation Net Minority Interest": NaN,
        "Reconciled Depreciation": NaN,
        "EBITDA": NaN,
        "EBIT": NaN,
        "Net Interest Income": NaN,
        "Interest Expense": NaN,
        "Interest Income": NaN,
        "Normalized Income": NaN,
        "Net Income From Continuing And Discontinued Operation": NaN,
        "Total Expenses": NaN,
        "Total Operating Income As Reported": NaN,
        "Diluted Average Shares": 5340193.0,
        "Basic Average Shares": 5340193.0,
        "Diluted EPS": -1.31,
        "Basic EPS": -1.31,
        "Diluted NI Availto Com Stockholders": NaN,
        "Net Income Common Stockholders": NaN,
        "Net Income": NaN,
        "Net Income Including Noncontrolling Interests": NaN,
        "Net Income Continuous Operations": NaN,
        "Pretax Income": NaN,
        "Other Income Expense": NaN,
        "Gain On Sale Of Security": NaN,
        "Net Non Operating Interest Income Expense": NaN,
        "Interest Expense Non Operating": NaN,
        "Interest Income Non Operating": NaN,
        "Operating Income": NaN,
        "Operating Expense": NaN,
        "Research And Development": NaN,
        "Selling General And Administration": NaN,
        "General And Administrative Expense": NaN,
        "Other Gand A": NaN,
        "Total Revenue": NaN,
        "Operating Revenue": NaN
    },
    "2022-12-31": {
        "Tax Effect Of Unusual Items": 0.0,
        "Tax Rate For Calcs": 0.0,
        "Normalized EBITDA": -5063346.0,
        "Total Unusual Items": 269454.0,
        "Total Unusual Items Excluding Goodwill": 269454.0,
        "Net Income From Continuing Operation Net Minority Interest": -6726057.0,
        "Reconciled Depreciation": 6385.0,
        "EBITDA": -4793892.0,
        "EBIT": -4800277.0,
        "Net Interest Income": -1925780.0,
        "Interest Expense": 1925780.0,
        "Normalized Income": -6995511.0,
        "Net Income From Continuing And Discontinued Operation": -6726057.0,
        "Total Expenses": 5069731.0,
        "Total Operating Income As Reported": -5069731.0,
        "Diluted Average Shares": NaN,
        "Basic Average Shares": NaN,
        "Diluted EPS": NaN,
        "Basic EPS": NaN,
        "Diluted NI Availto Com Stockholders": -6726057.0,
        "Net Income Common Stockholders": -6726057.0,
        "Net Income": -6726057.0,
        "Net Income Including Noncontrolling Interests": -6726057.0,
        "Net Income Continuous Operations": -6726057.0,
        "Pretax Income": -6726057.0,
        "Other Income Expense": 269454.0,
        "Gain On Sale Of Security": 269454.0,
        "Net Non Operating Interest Income Expense": -1925780.0,
        "Interest Expense Non Operating": 1925780.0,
        "Operating Income": -5069731.0,
        "Operating Expense": 5069731.0,
        "Research And Development": 3189882.0,
        "Selling General And Administration": 1879849.0,
        "General And Administrative Expense": 1879849.0,
        "Other Gand A": 1879849.0,
        "Total Revenue": 0.0,
        "Operating Revenue": 0.0
    },
    "2022-09-30": {
        "Tax Effect Of Unusual Items": NaN,
        "Tax Rate For Calcs": NaN,
        "Normalized EBITDA": NaN,
        "Total Unusual Items": NaN,
        "Total Unusual Items Excluding Goodwill": NaN,
        "Net Income From Continuing Operation Net Minority Interest": NaN,
        "Reconciled Depreciation": NaN,
        "EBITDA": NaN,
        "EBIT": NaN,
        "Net Interest Income": NaN,
        "Interest Expense": NaN,
        "Normalized Income": NaN,
        "Net Income From Continuing And Discontinued Operation": NaN,
        "Total Expenses": NaN,
        "Total Operating Income As Reported": NaN,
        "Diluted Average Shares": 5340193.0,
        "Basic Average Shares": 5340193.0,
        "Diluted EPS": -1.29,
        "Basic EPS": -1.29,
        "Diluted NI Availto Com Stockholders": NaN,
        "Net Income Common Stockholders": NaN,
        "Net Income": NaN,
        "Net Income Including Noncontrolling Interests": NaN,
        "Net Income Continuous Operations": NaN,
        "Pretax Income": NaN,
        "Other Income Expense": NaN,
        "Gain On Sale Of Security": NaN,
        "Net Non Operating Interest Income Expense": NaN,
        "Interest Expense Non Operating": NaN,
        "Operating Income": NaN,
        "Operating Expense": NaN,
        "Research And Development": NaN,
        "Selling General And Administration": NaN,
        "General And Administrative Expense": NaN,
        "Other Gand A": NaN,
        "Total Revenue": NaN,
        "Operating Revenue": NaN
    },
    "2022-06-30": {
        "Tax Effect Of Unusual Items": 0.0,
        "Tax Rate For Calcs": 0.0,
        "Normalized EBITDA": -6965189.0,
        "Total Unusual Items": 73974.0,
        "Total Unusual Items Excluding Goodwill": 73974.0,
        "Net Income From Continuing Operation Net Minority Interest": -8717714.0,
        "Reconciled Depreciation": 0.0,
        "EBITDA": -6891215.0,
        "EBIT": -6891215.0,
        "Net Interest Income": -1826499.0,
        "Interest Expense": 1826499.0,
        "Normalized Income": -8791688.0,
        "Net Income From Continuing And Discontinued Operation": -8717714.0,
        "Total Expenses": 6965189.0,
        "Total Operating Income As Reported": -6965189.0,
        "Diluted Average Shares": 5340196.0,
        "Basic Average Shares": 5340196.0,
        "Diluted EPS": -1.63,
        "Basic EPS": -1.63,
        "Diluted NI Availto Com Stockholders": -8717714.0,
        "Net Income Common Stockholders": -8717714.0,
        "Net Income": -8717714.0,
        "Net Income Including Noncontrolling Interests": -8717714.0,
        "Net Income Continuous Operations": -8717714.0,
        "Pretax Income": -8717714.0,
        "Other Income Expense": 73974.0,
        "Gain On Sale Of Security": 73974.0,
        "Net Non Operating Interest Income Expense": -1826499.0,
        "Interest Expense Non Operating": 1826499.0,
        "Operating Income": -6965189.0,
        "Operating Expense": 6965189.0,
        "Research And Development": 4131978.0,
        "Selling General And Administration": 2833211.0,
        "General And Administrative Expense": 2833211.0,
        "Other Gand A": 2833211.0,
        "Total Revenue": 0.0,
        "Operating Revenue": 0.0
    },
    "2023-06-30": {
        "Tax Effect Of Unusual Items": NaN,
        "Tax Rate For Calcs": NaN,
        "Normalized EBITDA": NaN,
        "Total Unusual Items": NaN,
        "Total Unusual Items Excluding Goodwill": NaN,
        "Net Income From Continuing Operation Net Minority Interest": NaN,
        "Reconciled Depreciation": NaN,
        "EBITDA": NaN,
        "EBIT": NaN,
        "Net Interest Income": NaN,
        "Interest Expense": NaN,
        "Interest Income": 365623.0,
        "Normalized Income": NaN,
        "Net Income From Continuing And Discontinued Operation": NaN,
        "Total Expenses": NaN,
        "Total Operating Income As Reported": NaN,
        "Diluted Average Shares": 5511163.0,
        "Basic Average Shares": 5511163.0,
        "Diluted EPS": -1.12,
        "Basic EPS": -1.12,
        "Diluted NI Availto Com Stockholders": NaN,
        "Net Income Common Stockholders": NaN,
        "Net Income": NaN,
        "Net Income Including Noncontrolling Interests": NaN,
        "Net Income Continuous Operations": NaN,
        "Pretax Income": NaN,
        "Other Income Expense": NaN,
        "Other Non Operating Income Expenses": NaN,
        "Gain On Sale Of Security": NaN,
        "Net Non Operating Interest Income Expense": NaN,
        "Interest Expense Non Operating": NaN,
        "Interest Income Non Operating": 365623.0,
        "Operating Income": NaN,
        "Operating Expense": NaN,
        "Research And Development": NaN,
        "Selling General And Administration": NaN,
        "General And Administrative Expense": NaN,
        "Other Gand A": NaN,
        "Total Revenue": NaN,
        "Operating Revenue": NaN
    },
    "2022-03-31": {
        "Diluted EPS": -1.83,
        "Total Revenue": NaN,
        "Gross Profit": NaN,
        "Operating Income": -8,
        "EBIT": -8,
        "Net Income": -10
    },
    "2021-12-31": {
        "Diluted EPS": -3.97,
        "Total Revenue": NaN,
        "Gross Profit": NaN,
        "Operating Income": -21,
        "EBIT": -21,
        "Net Income": -21
    },
    "2021-09-30": {
        "Diluted EPS": -1.72,
        "Total Revenue": NaN,
        "Gross Profit": NaN,
        "Operating Income": -8,
        "EBIT": -8,
        "Net Income": -9
    },
    "2021-06-30": {
        "Diluted EPS": -1.98,
        "Total Revenue": NaN,
        "Gross Profit": NaN,
        "Operating Income": -9,
        "EBIT": -9,
        "Net Income": -11
    },
    "2021-03-31": {
        "Diluted EPS": -1.68,
        "Total Revenue": NaN,
        "Gross Profit": NaN,
        "Operating Income": -8,
        "EBIT": -7,
        "Net Income": -9
    },
    "2020-12-31": {
        "Diluted EPS": -1.44,
        "Total Revenue": NaN,
        "Gross Profit": NaN,
        "Operating Income": -7,
        "EBIT": -7,
        "Net Income": -7
    },
    "2020-09-30": {
        "Diluted EPS": -1.52,
        "Total Revenue": NaN,
        "Gross Profit": NaN,
        "Operating Income": -8,
        "EBIT": -8,
        "Net Income": -8
    },
    "2020-06-30": {
        "Diluted EPS": 5.84,
        "Total Revenue": 41,
        "Gross Profit": 41,
        "Operating Income": 30,
        "EBIT": 30,
        "Net Income": 30
    },
    "2020-03-31": {
        "Diluted EPS": -2.48,
        "Total Revenue": NaN,
        "Gross Profit": NaN,
        "Operating Income": -12,
        "EBIT": -12,
        "Net Income": -12
    },
    "2019-12-31": {
        "Diluted EPS": -6.08,
        "Total Revenue": NaN,
        "Gross Profit": NaN,
        "Operating Income": -32,
        "EBIT": -32,
        "Net Income": -30
    },
    "2019-09-30": {
        "Diluted EPS": -2.88,
        "Total Revenue": NaN,
        "Gross Profit": NaN,
        "Operating Income": -14,
        "EBIT": -14,
        "Net Income": -14
    },
    "2019-06-30": {
        "Diluted EPS": -2.56,
        "Total Revenue": NaN,
        "Gross Profit": NaN,
        "Operating Income": -13,
        "EBIT": -13,
        "Net Income": -12
    },
    "2019-03-31": {
        "Diluted EPS": -3.28,
        "Total Revenue": NaN,
        "Gross Profit": NaN,
        "Operating Income": -16,
        "EBIT": -17,
        "Net Income": -16
    },
    "2018-12-31": {
        "Diluted EPS": -2.72,
        "Total Revenue": NaN,
        "Gross Profit": NaN,
        "Operating Income": -14,
        "EBIT": -14,
        "Net Income": -13
    },
    "2018-09-30": {
        "Diluted EPS": -2.48,
        "Total Revenue": NaN,
        "Gross Profit": NaN,
        "Operating Income": -12,
        "EBIT": -12,
        "Net Income": -12
    },
    "2018-06-30": {
        "Diluted EPS": -2.56,
        "Total Revenue": NaN,
        "Gross Profit": NaN,
        "Operating Income": -13,
        "EBIT": -13,
        "Net Income": -13
    },
    "2018-03-31": {
        "Diluted EPS": -2.56,
        "Total Revenue": NaN,
        "Gross Profit": NaN,
        "Operating Income": -13,
        "EBIT": -13,
        "Net Income": -12
    },
    "2017-12-31": {
        "Diluted EPS": 0.16,
        "Total Revenue": NaN,
        "Gross Profit": NaN,
        "Operating Income": -10,
        "EBIT": -10,
        "Net Income": 0
    },
    "2017-09-30": {
        "Diluted EPS": -2.24,
        "Total Revenue": NaN,
        "Gross Profit": NaN,
        "Operating Income": -11,
        "EBIT": -11,
        "Net Income": -11
    },
    "2017-06-30": {
        "Diluted EPS": -2.16,
        "Total Revenue": NaN,
        "Gross Profit": NaN,
        "Operating Income": -10,
        "EBIT": -10,
        "Net Income": -10
    },
    "2017-03-31": {
        "Diluted EPS": -2.4,
        "Total Revenue": NaN,
        "Gross Profit": NaN,
        "Operating Income": -10,
        "EBIT": -10,
        "Net Income": -11
    },
    "2016-12-31": {
        "Diluted EPS": -2.24,
        "Total Revenue": NaN,
        "Gross Profit": NaN,
        "Operating Income": -9,
        "EBIT": -9,
        "Net Income": -9
    },
    "2016-09-30": {
        "Diluted EPS": -1.92,
        "Total Revenue": NaN,
        "Gross Profit": NaN,
        "Operating Income": -8,
        "EBIT": -8,
        "Net Income": -8
    },
    "2016-06-30": {
        "Diluted EPS": -1.44,
        "Total Revenue": NaN,
        "Gross Profit": NaN,
        "Operating Income": -5,
        "EBIT": -5,
        "Net Income": -5
    },
    "2016-03-31": {
        "Diluted EPS": -2.32,
        "Total Revenue": NaN,
        "Gross Profit": NaN,
        "Operating Income": -8,
        "EBIT": -8,
        "Net Income": -8
    },
    "2015-12-31": {
        "Diluted EPS": -2.72,
        "Total Revenue": NaN,
        "Gross Profit": NaN,
        "Operating Income": -8,
        "EBIT": -8,
        "Net Income": -8
    },
    "2015-09-30": {
        "Diluted EPS": -1.92,
        "Total Revenue": NaN,
        "Gross Profit": NaN,
        "Operating Income": -6,
        "EBIT": -5,
        "Net Income": -6
    },
    "2015-06-30": {
        "Diluted EPS": -2.16,
        "Total Revenue": NaN,
        "Gross Profit": NaN,
        "Operating Income": -6,
        "EBIT": -6,
        "Net Income": -7
    },
    "2015-03-31": {
        "Diluted EPS": -2.48,
        "Total Revenue": NaN,
        "Gross Profit": NaN,
        "Operating Income": -6,
        "EBIT": -6,
        "Net Income": -6
    },
    "2014-12-31": {
        "Diluted EPS": 0.32,
        "Total Revenue": NaN,
        "Gross Profit": NaN,
        "Operating Income": -7,
        "EBIT": -7,
        "Net Income": -7
    },
    "2014-09-30": {
        "Diluted EPS": -12.24,
        "Total Revenue": NaN,
        "Gross Profit": NaN,
        "Operating Income": -27,
        "EBIT": -27,
        "Net Income": -27
    },
    "2014-06-30": {
        "Diluted EPS": -20.4,
        "Total Revenue": NaN,
        "Gross Profit": NaN,
        "Operating Income": -18,
        "EBIT": -16,
        "Net Income": -19
    },
    "2014-03-31": {
        "Diluted EPS": -3.44,
        "Total Revenue": NaN,
        "Gross Profit": NaN,
        "Operating Income": -3,
        "EBIT": -2,
        "Net Income": -3
    },
    "2013-12-31": {
        "Diluted EPS": 0.0,
        "Total Revenue": NaN,
        "Gross Profit": NaN,
        "Operating Income": NaN,
        "EBIT": NaN,
        "Net Income": NaN
    },
    "2013-09-30": {
        "Diluted EPS": -0.96,
        "Total Revenue": NaN,
        "Gross Profit": NaN,
        "Operating Income": 0,
        "EBIT": 0,
        "Net Income": 0
    },
    "2013-06-30": {
        "Diluted EPS": -0.8,
        "Total Revenue": NaN,
        "Gross Profit": NaN,
        "Operating Income": 0,
        "EBIT": 0,
        "Net Income": 0
    },
    "2012-12-31": {
        "Diluted EPS": 0.0,
        "Total Revenue": NaN,
        "Gross Profit": NaN,
        "Operating Income": NaN,
        "EBIT": NaN,
        "Net Income": NaN
    },
    "2023-09-30": {
        "Tax Effect Of Unusual Items": NaN,
        "Tax Rate For Calcs": NaN,
        "Normalized EBITDA": NaN,
        "Total Unusual Items": NaN,
        "Total Unusual Items Excluding Goodwill": NaN,
        "Net Income From Continuing Operation Net Minority Interest": NaN,
        "Reconciled Depreciation": NaN,
        "EBITDA": NaN,
        "EBIT": NaN,
        "Net Interest Income": NaN,
        "Interest Expense": NaN,
        "Interest Income": 348681.0,
        "Normalized Income": NaN,
        "Net Income From Continuing And Discontinued Operation": NaN,
        "Total Expenses": NaN,
        "Total Operating Income As Reported": NaN,
        "Diluted Average Shares": 7568981.0,
        "Basic Average Shares": 7568981.0,
        "Diluted EPS": -1.03,
        "Basic EPS": -1.03,
        "Diluted NI Availto Com Stockholders": NaN,
        "Net Income Common Stockholders": NaN,
        "Net Income": NaN,
        "Net Income Including Noncontrolling Interests": NaN,
        "Net Income Continuous Operations": NaN,
        "Pretax Income": NaN,
        "Other Income Expense": NaN,
        "Other Non Operating Income Expenses": NaN,
        "Gain On Sale Of Security": NaN,
        "Net Non Operating Interest Income Expense": NaN,
        "Interest Expense Non Operating": NaN,
        "Interest Income Non Operating": 348681.0,
        "Operating Income": NaN,
        "Operating Expense": NaN,
        "Research And Development": NaN,
        "Selling General And Administration": NaN,
        "General And Administrative Expense": NaN,
        "Other Gand A": NaN,
        "Total Revenue": NaN,
        "Operating Revenue": NaN
    },
    "2023-12-31": {
        "Tax Effect Of Unusual Items": NaN,
        "Tax Rate For Calcs": NaN,
        "Normalized EBITDA": NaN,
        "Total Unusual Items": NaN,
        "Total Unusual Items Excluding Goodwill": NaN,
        "Net Income From Continuing Operation Net Minority Interest": NaN,
        "Reconciled Depreciation": NaN,
        "EBITDA": NaN,
        "EBIT": NaN,
        "Net Interest Income": NaN,
        "Interest Expense": NaN,
        "Interest Income": 358883.0,
        "Normalized Income": NaN,
        "Net Income From Continuing And Discontinued Operation": NaN,
        "Total Expenses": NaN,
        "Total Operating Income As Reported": NaN,
        "Diluted Average Shares": NaN,
        "Basic Average Shares": NaN,
        "Diluted EPS": NaN,
        "Basic EPS": NaN,
        "Diluted NI Availto Com Stockholders": NaN,
        "Net Income Common Stockholders": NaN,
        "Net Income": NaN,
        "Net Income Including Noncontrolling Interests": NaN,
        "Net Income Continuous Operations": NaN,
        "Pretax Income": NaN,
        "Other Income Expense": NaN,
        "Other Non Operating Income Expenses": NaN,
        "Gain On Sale Of Security": NaN,
        "Net Non Operating Interest Income Expense": NaN,
        "Interest Expense Non Operating": NaN,
        "Interest Income Non Operating": 358883.0,
        "Operating Income": NaN,
        "Operating Expense": NaN,
        "Research And Development": NaN,
        "Selling General And Administration": NaN,
        "General And Administrative Expense": NaN,
        "Other Gand A": NaN,
        "Total Revenue": NaN,
        "Operating Revenue": NaN
    },
    "2024-03-31": {
        "Tax Effect Of Unusual Items": NaN,
        "Tax Rate For Calcs": NaN,
        "Normalized EBITDA": NaN,
        "Total Unusual Items": NaN,
        "Total Unusual Items Excluding Goodwill": NaN,
        "Net Income From Continuing Operation Net Minority Interest": NaN,
        "Reconciled Depreciation": NaN,
        "EBITDA": NaN,
        "EBIT": NaN,
        "Net Interest Income": NaN,
        "Interest Expense": NaN,
        "Interest Income": NaN,
        "Normalized Income": NaN,
        "Net Income From Continuing And Discontinued Operation": NaN,
        "Total Expenses": NaN,
        "Total Operating Income As Reported": NaN,
        "Diluted Average Shares": 7568981.0,
        "Basic Average Shares": 7568981.0,
        "Diluted EPS": -1.13,
        "Basic EPS": -1.13,
        "Diluted NI Availto Com Stockholders": NaN,
        "Net Income Common Stockholders": NaN,
        "Net Income": NaN,
        "Net Income Including Noncontrolling Interests": NaN,
        "Net Income Continuous Operations": NaN,
        "Pretax Income": NaN,
        "Other Income Expense": NaN,
        "Other Non Operating Income Expenses": NaN,
        "Gain On Sale Of Security": NaN,
        "Net Non Operating Interest Income Expense": NaN,
        "Interest Expense Non Operating": NaN,
        "Interest Income Non Operating": NaN,
        "Operating Income": NaN,
        "Operating Expense": NaN,
        "Research And Development": NaN,
        "Selling General And Administration": NaN,
        "General And Administrative Expense": NaN,
        "Other Gand A": NaN,
        "Total Revenue": NaN,
        "Operating Revenue": NaN
    },
    "2024-06-30": {
        "Tax Effect Of Unusual Items": NaN,
        "Tax Rate For Calcs": NaN,
        "Normalized EBITDA": NaN,
        "Total Unusual Items": NaN,
        "Total Unusual Items Excluding Goodwill": NaN,
        "Net Income From Continuing Operation Net Minority Interest": NaN,
        "Reconciled Depreciation": NaN,
        "EBITDA": NaN,
        "EBIT": NaN,
        "Net Interest Income": NaN,
        "Interest Expense": NaN,
        "Interest Income": 360755.0,
        "Normalized Income": NaN,
        "Net Income From Continuing And Discontinued Operation": NaN,
        "Total Expenses": NaN,
        "Total Operating Income As Reported": NaN,
        "Diluted Average Shares": 7568981.0,
        "Basic Average Shares": 7568981.0,
        "Diluted EPS": -1.09,
        "Basic EPS": -1.09,
        "Diluted NI Availto Com Stockholders": NaN,
        "Net Income Common Stockholders": NaN,
        "Net Income": NaN,
        "Net Income Including Noncontrolling Interests": NaN,
        "Net Income Continuous Operations": NaN,
        "Pretax Income": NaN,
        "Other Income Expense": NaN,
        "Other Non Operating Income Expenses": NaN,
        "Gain On Sale Of Security": NaN,
        "Net Non Operating Interest Income Expense": NaN,
        "Interest Expense Non Operating": NaN,
        "Interest Income Non Operating": 360755.0,
        "Operating Income": NaN,
        "Operating Expense": NaN,
        "Research And Development": NaN,
        "Selling General And Administration": NaN,
        "General And Administrative Expense": NaN,
        "Other Gand A": NaN,
        "Total Revenue": NaN,
        "Operating Revenue": NaN
    },
    "2024-09-30": {
        "Tax Effect Of Unusual Items": 63180.39,
        "Tax Rate For Calcs": 0.21,
        "Normalized EBITDA": 22217964.0,
        "Total Unusual Items": 300859.0,
        "Total Unusual Items Excluding Goodwill": 300859.0,
        "Net Income From Continuing Operation Net Minority Interest": 22513205.0,
        "Reconciled Depreciation": 5618.0,
        "EBITDA": 22518823.0,
        "EBIT": 22513205.0,
        "Net Interest Income": 0.0,
        "Interest Expense": 0.0,
        "Interest Income": NaN,
        "Normalized Income": 22275526.39,
        "Net Income From Continuing And Discontinued Operation": 22513205.0,
        "Total Expenses": 4366700.0,
        "Total Operating Income As Reported": -4366700.0,
        "Diluted Average Shares": 7568981.0,
        "Basic Average Shares": 7568981.0,
        "Diluted EPS": 2.97,
        "Basic EPS": 2.97,
        "Diluted NI Availto Com Stockholders": 22513205.0,
        "Net Income Common Stockholders": 22513205.0,
        "Net Income": 22513205.0,
        "Net Income Including Noncontrolling Interests": 22513205.0,
        "Net Income Continuous Operations": 22513205.0,
        "Pretax Income": 22513205.0,
        "Other Income Expense": 26879905.0,
        "Other Non Operating Income Expenses": 26579046.0,
        "Gain On Sale Of Security": 300859.0,
        "Net Non Operating Interest Income Expense": 0.0,
        "Interest Expense Non Operating": 0.0,
        "Interest Income Non Operating": NaN,
        "Operating Income": -4366700.0,
        "Operating Expense": 4366700.0,
        "Research And Development": 1887913.0,
        "Selling General And Administration": 2478787.0,
        "General And Administrative Expense": 2478787.0,
        "Other Gand A": 2478787.0,
        "Total Revenue": 0.0,
        "Operating Revenue": 0.0
    },
    "2024-12-31": {
        "Tax Effect Of Unusual Items": 0.0,
        "Tax Rate For Calcs": 0.0,
        "Normalized EBITDA": -4520795.0,
        "Total Unusual Items": 250107.0,
        "Total Unusual Items Excluding Goodwill": 250107.0,
        "Net Income From Continuing Operation Net Minority Interest": -4272048.0,
        "Reconciled Depreciation": 1360.0,
        "EBITDA": -4270688.0,
        "EBIT": -4272048.0,
        "Net Interest Income": 0.0,
        "Interest Expense": 0.0,
        "Interest Income": NaN,
        "Normalized Income": -4522155.0,
        "Net Income From Continuing And Discontinued Operation": -4272048.0,
        "Total Expenses": 4522155.0,
        "Total Operating Income As Reported": -4522155.0,
        "Diluted Average Shares": NaN,
        "Basic Average Shares": NaN,
        "Diluted EPS": NaN,
        "Basic EPS": NaN,
        "Diluted NI Availto Com Stockholders": -4272048.0,
        "Net Income Common Stockholders": -4272048.0,
        "Net Income": -4272048.0,
        "Net Income Including Noncontrolling Interests": -4272048.0,
        "Net Income Continuous Operations": -4272048.0,
        "Pretax Income": -4272048.0,
        "Other Income Expense": 250107.0,
        "Other Non Operating Income Expenses": 0.0,
        "Gain On Sale Of Security": 250107.0,
        "Net Non Operating Interest Income Expense": 0.0,
        "Interest Expense Non Operating": 0.0,
        "Interest Income Non Operating": NaN,
        "Operating Income": -4522155.0,
        "Operating Expense": 4522155.0,
        "Research And Development": 1982896.0,
        "Selling General And Administration": 2539259.0,
        "General And Administrative Expense": 2539259.0,
        "Other Gand A": 2539259.0,
        "Total Revenue": 0.0,
        "Operating Revenue": 0.0
    },
    "2025-03-31": {
        "Tax Effect Of Unusual Items": 0.0,
        "Tax Rate For Calcs": 0.0,
        "Normalized EBITDA": -3901523.0,
        "Total Unusual Items": 149912.0,
        "Total Unusual Items Excluding Goodwill": 149912.0,
        "Net Income From Continuing Operation Net Minority Interest": -3752972.0,
        "Reconciled Depreciation": 1361.0,
        "EBITDA": -3751611.0,
        "EBIT": -3752972.0,
        "Net Interest Income": 0.0,
        "Interest Expense": 0.0,
        "Interest Income": NaN,
        "Normalized Income": -3902884.0,
        "Net Income From Continuing And Discontinued Operation": -3752972.0,
        "Total Expenses": 3902884.0,
        "Total Operating Income As Reported": -3902884.0,
        "Diluted Average Shares": 7568981.0,
        "Basic Average Shares": 7568981.0,
        "Diluted EPS": -0.5,
        "Basic EPS": -0.5,
        "Diluted NI Availto Com Stockholders": -3752972.0,
        "Net Income Common Stockholders": -3752972.0,
        "Net Income": -3752972.0,
        "Net Income Including Noncontrolling Interests": -3752972.0,
        "Net Income Continuous Operations": -3752972.0,
        "Pretax Income": -3752972.0,
        "Other Income Expense": 149912.0,
        "Other Non Operating Income Expenses": NaN,
        "Gain On Sale Of Security": 149912.0,
        "Net Non Operating Interest Income Expense": 0.0,
        "Interest Expense Non Operating": 0.0,
        "Interest Income Non Operating": NaN,
        "Operating Income": -3902884.0,
        "Operating Expense": 3902884.0,
        "Research And Development": 1362438.0,
        "Selling General And Administration": 2540446.0,
        "General And Administrative Expense": 2540446.0,
        "Other Gand A": 2540446.0,
        "Total Revenue": 0.0,
        "Operating Revenue": 0.0
    },
    "2025-06-30": {
        "Tax Effect Of Unusual Items": 0.0,
        "Tax Rate For Calcs": 0.0,
        "Normalized EBITDA": -3372789.0,
        "Total Unusual Items": 115561.0,
        "Total Unusual Items Excluding Goodwill": 115561.0,
        "Net Income From Continuing Operation Net Minority Interest": -3258588.0,
        "Reconciled Depreciation": 1360.0,
        "EBITDA": -3257228.0,
        "EBIT": -3258588.0,
        "Net Interest Income": 0.0,
        "Interest Expense": 0.0,
        "Interest Income": NaN,
        "Normalized Income": -3374149.0,
        "Net Income From Continuing And Discontinued Operation": -3258588.0,
        "Total Expenses": 3374149.0,
        "Total Operating Income As Reported": -3374149.0,
        "Diluted Average Shares": 7568981.0,
        "Basic Average Shares": 7568981.0,
        "Diluted EPS": -0.43,
        "Basic EPS": -0.43,
        "Diluted NI Availto Com Stockholders": -3258588.0,
        "Net Income Common Stockholders": -3258588.0,
        "Net Income": -3258588.0,
        "Net Income Including Noncontrolling Interests": -3258588.0,
        "Net Income Continuous Operations": -3258588.0,
        "Pretax Income": -3258588.0,
        "Other Income Expense": 115561.0,
        "Other Non Operating Income Expenses": NaN,
        "Gain On Sale Of Security": 115561.0,
        "Net Non Operating Interest Income Expense": 0.0,
        "Interest Expense Non Operating": 0.0,
        "Interest Income Non Operating": NaN,
        "Operating Income": -3374149.0,
        "Operating Expense": 3374149.0,
        "Research And Development": 1298041.0,
        "Selling General And Administration": 2076108.0,
        "General And Administrative Expense": 2076108.0,
        "Other Gand A": 2076108.0,
        "Total Revenue": 0.0,
        "Operating Revenue": 0.0
    },
    "2025-09-30": {
        "Tax Effect Of Unusual Items": 0.0,
        "Tax Rate For Calcs": 0.0,
        "Normalized EBITDA": -2842987.0,
        "Total Unusual Items": 100394.0,
        "Total Unusual Items Excluding Goodwill": 100394.0,
        "Net Income From Continuing Operation Net Minority Interest": -2743954.0,
        "Reconciled Depreciation": 1361.0,
        "EBITDA": -2742593.0,
        "EBIT": -2743954.0,
        "Net Interest Income": 0.0,
        "Interest Expense": 0.0,
        "Interest Income": NaN,
        "Normalized Income": -2844348.0,
        "Net Income From Continuing And Discontinued Operation": -2743954.0,
        "Total Expenses": 2844348.0,
        "Total Operating Income As Reported": -2844348.0,
        "Diluted Average Shares": 7568981.0,
        "Basic Average Shares": 7568981.0,
        "Diluted EPS": -0.36,
        "Basic EPS": -0.36,
        "Diluted NI Availto Com Stockholders": -2743954.0,
        "Net Income Common Stockholders": -2743954.0,
        "Net Income": -2743954.0,
        "Net Income Including Noncontrolling Interests": -2743954.0,
        "Net Income Continuous Operations": -2743954.0,
        "Pretax Income": -2743954.0,
        "Other Income Expense": 100394.0,
        "Other Non Operating Income Expenses": NaN,
        "Gain On Sale Of Security": 100394.0,
        "Net Non Operating Interest Income Expense": 0.0,
        "Interest Expense Non Operating": 0.0,
        "Interest Income Non Operating": NaN,
        "Operating Income": -2844348.0,
        "Operating Expense": 2844348.0,
        "Research And Development": 925377.0,
        "Selling General And Administration": 1918971.0,
        "General And Administrative Expense": 1918971.0,
        "Other Gand A": 1918971.0,
        "Total Revenue": 0.0,
        "Operating Revenue": 0.0
    }
}