{
    "2023-12-31": {
        "Tax Effect Of Unusual Items": NaN,
        "Tax Rate For Calcs": NaN,
        "Normalized EBITDA": NaN,
        "Total Unusual Items": NaN,
        "Total Unusual Items Excluding Goodwill": NaN,
        "Net Income From Continuing Operation Net Minority Interest": NaN,
        "Reconciled Depreciation": NaN,
        "Reconciled Cost Of Revenue": NaN,
        "EBITDA": NaN,
        "EBIT": NaN,
        "Net Interest Income": NaN,
        "Interest Income": NaN,
        "Normalized Income": NaN,
        "Net Income From Continuing And Discontinued Operation": NaN,
        "Total Expenses": NaN,
        "Diluted Average Shares": 170936494.0,
        "Basic Average Shares": 170936494.0,
        "Diluted EPS": -0.01,
        "Basic EPS": -0.01,
        "Diluted NI Availto Com Stockholders": NaN,
        "Net Income Common Stockholders": NaN,
        "Net Income": NaN,
        "Minority Interests": NaN,
        "Net Income Including Noncontrolling Interests": NaN,
        "Net Income Continuous Operations": NaN,
        "Pretax Income": NaN,
        "Other Income Expense": NaN,
        "Special Income Charges": NaN,
        "Gain On Sale Of Ppe": NaN,
        "Gain On Sale Of Security": NaN,
        "Net Non Operating Interest Income Expense": NaN,
        "Interest Income Non Operating": NaN,
        "Operating Income": NaN,
        "Operating Expense": NaN,
        "Other Operating Expenses": NaN,
        "Selling General And Administration": NaN,
        "General And Administrative Expense": NaN,
        "Other Gand A": NaN,
        "Salaries And Wages": NaN,
        "Gross Profit": NaN,
        "Cost Of Revenue": NaN,
        "Total Revenue": NaN,
        "Operating Revenue": NaN
    },
    "2023-09-30": {
        "Tax Effect Of Unusual Items": NaN,
        "Tax Rate For Calcs": NaN,
        "Normalized EBITDA": NaN,
        "Total Unusual Items": NaN,
        "Total Unusual Items Excluding Goodwill": NaN,
        "Net Income From Continuing Operation Net Minority Interest": NaN,
        "Reconciled Depreciation": NaN,
        "Reconciled Cost Of Revenue": NaN,
        "EBITDA": NaN,
        "EBIT": NaN,
        "Net Interest Income": NaN,
        "Interest Income": NaN,
        "Normalized Income": NaN,
        "Net Income From Continuing And Discontinued Operation": NaN,
        "Total Expenses": NaN,
        "Diluted Average Shares": 157732004.0,
        "Basic Average Shares": 157732004.0,
        "Diluted EPS": -0.01,
        "Basic EPS": -0.01,
        "Diluted NI Availto Com Stockholders": NaN,
        "Net Income Common Stockholders": NaN,
        "Net Income": NaN,
        "Minority Interests": NaN,
        "Net Income Including Noncontrolling Interests": NaN,
        "Net Income Continuous Operations": NaN,
        "Pretax Income": NaN,
        "Other Income Expense": NaN,
        "Special Income Charges": NaN,
        "Gain On Sale Of Ppe": NaN,
        "Gain On Sale Of Security": NaN,
        "Net Non Operating Interest Income Expense": NaN,
        "Interest Income Non Operating": NaN,
        "Operating Income": NaN,
        "Operating Expense": NaN,
        "Other Operating Expenses": NaN,
        "Selling General And Administration": NaN,
        "General And Administrative Expense": NaN,
        "Other Gand A": NaN,
        "Salaries And Wages": NaN,
        "Gross Profit": NaN,
        "Cost Of Revenue": NaN,
        "Total Revenue": NaN,
        "Operating Revenue": NaN
    },
    "2023-06-30": {
        "Tax Effect Of Unusual Items": 0.0,
        "Tax Rate For Calcs": 0.0,
        "Normalized EBITDA": -1822040.0,
        "Total Unusual Items": -13091.0,
        "Total Unusual Items Excluding Goodwill": -13091.0,
        "Net Income From Continuing Operation Net Minority Interest": -1864029.0,
        "Reconciled Depreciation": 56874.0,
        "Reconciled Cost Of Revenue": 56874.0,
        "EBITDA": -1835131.0,
        "EBIT": -1892005.0,
        "Net Interest Income": 40355.0,
        "Interest Income": 40355.0,
        "Normalized Income": -1850938.0,
        "Net Income From Continuing And Discontinued Operation": -1864029.0,
        "Total Expenses": 1892005.0,
        "Diluted Average Shares": NaN,
        "Basic Average Shares": NaN,
        "Diluted EPS": NaN,
        "Basic EPS": NaN,
        "Diluted NI Availto Com Stockholders": -1864029.0,
        "Net Income Common Stockholders": -1864029.0,
        "Net Income": -1864029.0,
        "Minority Interests": 712.0,
        "Net Income Including Noncontrolling Interests": -1864741.0,
        "Net Income Continuous Operations": -1864741.0,
        "Pretax Income": -1864741.0,
        "Other Income Expense": -13091.0,
        "Special Income Charges": NaN,
        "Gain On Sale Of Ppe": NaN,
        "Gain On Sale Of Security": -13091.0,
        "Net Non Operating Interest Income Expense": 40355.0,
        "Interest Income Non Operating": 40355.0,
        "Operating Income": -1892005.0,
        "Operating Expense": 1835131.0,
        "Other Operating Expenses": 243406.0,
        "Selling General And Administration": 1591725.0,
        "General And Administrative Expense": 1591725.0,
        "Other Gand A": 432417.0,
        "Salaries And Wages": 1159308.0,
        "Gross Profit": -56874.0,
        "Cost Of Revenue": 56874.0,
        "Total Revenue": 0.0,
        "Operating Revenue": 0.0
    },
    "2023-03-31": {
        "Tax Effect Of Unusual Items": NaN,
        "Tax Rate For Calcs": NaN,
        "Normalized EBITDA": NaN,
        "Total Unusual Items": NaN,
        "Total Unusual Items Excluding Goodwill": NaN,
        "Net Income From Continuing Operation Net Minority Interest": NaN,
        "Reconciled Depreciation": NaN,
        "Reconciled Cost Of Revenue": NaN,
        "EBITDA": NaN,
        "EBIT": NaN,
        "Net Interest Income": NaN,
        "Interest Income": NaN,
        "Normalized Income": NaN,
        "Net Income From Continuing And Discontinued Operation": NaN,
        "Total Expenses": NaN,
        "Diluted Average Shares": 157104944.0,
        "Basic Average Shares": 157104944.0,
        "Diluted EPS": -0.01,
        "Basic EPS": -0.01,
        "Diluted NI Availto Com Stockholders": NaN,
        "Net Income Common Stockholders": NaN,
        "Net Income": NaN,
        "Minority Interests": NaN,
        "Net Income Including Noncontrolling Interests": NaN,
        "Net Income Continuous Operations": NaN,
        "Pretax Income": NaN,
        "Other Income Expense": NaN,
        "Special Income Charges": NaN,
        "Gain On Sale Of Ppe": NaN,
        "Gain On Sale Of Security": NaN,
        "Net Non Operating Interest Income Expense": NaN,
        "Interest Income Non Operating": NaN,
        "Operating Income": NaN,
        "Operating Expense": NaN,
        "Other Operating Expenses": NaN,
        "Selling General And Administration": NaN,
        "General And Administrative Expense": NaN,
        "Other Gand A": NaN,
        "Salaries And Wages": NaN,
        "Gross Profit": NaN,
        "Cost Of Revenue": NaN,
        "Total Revenue": NaN,
        "Operating Revenue": NaN
    },
    "2024-03-31": {
        "Tax Effect Of Unusual Items": NaN,
        "Tax Rate For Calcs": NaN,
        "Normalized EBITDA": NaN,
        "Total Unusual Items": NaN,
        "Total Unusual Items Excluding Goodwill": NaN,
        "Net Income From Continuing Operation Net Minority Interest": NaN,
        "Reconciled Depreciation": NaN,
        "Reconciled Cost Of Revenue": NaN,
        "EBITDA": NaN,
        "EBIT": NaN,
        "Net Interest Income": NaN,
        "Interest Income": NaN,
        "Normalized Income": NaN,
        "Net Income From Continuing And Discontinued Operation": NaN,
        "Total Expenses": NaN,
        "Diluted Average Shares": 171197304.0,
        "Basic Average Shares": 171197304.0,
        "Diluted EPS": -0.01,
        "Basic EPS": -0.01,
        "Diluted NI Availto Com Stockholders": NaN,
        "Net Income Common Stockholders": NaN,
        "Net Income": NaN,
        "Minority Interests": NaN,
        "Net Income Including Noncontrolling Interests": NaN,
        "Net Income Continuous Operations": NaN,
        "Pretax Income": NaN,
        "Other Income Expense": NaN,
        "Special Income Charges": NaN,
        "Gain On Sale Of Ppe": NaN,
        "Gain On Sale Of Security": NaN,
        "Net Non Operating Interest Income Expense": NaN,
        "Interest Income Non Operating": NaN,
        "Operating Income": NaN,
        "Operating Expense": NaN,
        "Other Operating Expenses": NaN,
        "Selling General And Administration": NaN,
        "General And Administrative Expense": NaN,
        "Other Gand A": NaN,
        "Salaries And Wages": NaN,
        "Gross Profit": NaN,
        "Cost Of Revenue": NaN,
        "Total Revenue": NaN,
        "Operating Revenue": NaN
    },
    "2022-12-31": {
        "Tax Effect Of Unusual Items": NaN,
        "Tax Rate For Calcs": NaN,
        "Normalized EBITDA": NaN,
        "Total Unusual Items": NaN,
        "Total Unusual Items Excluding Goodwill": NaN,
        "Net Income From Continuing Operation Net Minority Interest": NaN,
        "Reconciled Depreciation": NaN,
        "Reconciled Cost Of Revenue": NaN,
        "EBITDA": NaN,
        "EBIT": NaN,
        "Net Interest Income": NaN,
        "Interest Income": NaN,
        "Normalized Income": NaN,
        "Net Income From Continuing And Discontinued Operation": NaN,
        "Total Expenses": NaN,
        "Diluted Average Shares": 156864738.0,
        "Basic Average Shares": 156864738.0,
        "Diluted EPS": -0.01,
        "Basic EPS": -0.01,
        "Diluted NI Availto Com Stockholders": NaN,
        "Net Income Common Stockholders": NaN,
        "Net Income": NaN,
        "Minority Interests": NaN,
        "Net Income Including Noncontrolling Interests": NaN,
        "Net Income Continuous Operations": NaN,
        "Pretax Income": NaN,
        "Other Income Expense": NaN,
        "Special Income Charges": NaN,
        "Gain On Sale Of Ppe": NaN,
        "Gain On Sale Of Security": NaN,
        "Net Non Operating Interest Income Expense": NaN,
        "Interest Income Non Operating": NaN,
        "Operating Income": NaN,
        "Operating Expense": NaN,
        "Other Operating Expenses": NaN,
        "Selling General And Administration": NaN,
        "General And Administrative Expense": NaN,
        "Other Gand A": NaN,
        "Salaries And Wages": NaN,
        "Gross Profit": NaN,
        "Cost Of Revenue": NaN,
        "Total Revenue": NaN,
        "Operating Revenue": NaN
    },
    "2024-06-30": {
        "Tax Effect Of Unusual Items": NaN,
        "Tax Rate For Calcs": NaN,
        "Normalized EBITDA": NaN,
        "Total Unusual Items": NaN,
        "Total Unusual Items Excluding Goodwill": NaN,
        "Net Income From Continuing Operation Net Minority Interest": NaN,
        "Reconciled Depreciation": NaN,
        "Reconciled Cost Of Revenue": NaN,
        "EBITDA": NaN,
        "EBIT": NaN,
        "Net Interest Income": NaN,
        "Interest Income": NaN,
        "Normalized Income": NaN,
        "Net Income From Continuing And Discontinued Operation": NaN,
        "Total Expenses": NaN,
        "Diluted Average Shares": NaN,
        "Basic Average Shares": NaN,
        "Diluted EPS": NaN,
        "Basic EPS": NaN,
        "Diluted NI Availto Com Stockholders": NaN,
        "Net Income Common Stockholders": NaN,
        "Net Income": NaN,
        "Minority Interests": NaN,
        "Net Income Including Noncontrolling Interests": NaN,
        "Net Income Continuous Operations": NaN,
        "Pretax Income": NaN,
        "Other Income Expense": NaN,
        "Special Income Charges": 0.0,
        "Gain On Sale Of Ppe": 0.0,
        "Gain On Sale Of Security": NaN,
        "Net Non Operating Interest Income Expense": NaN,
        "Interest Income Non Operating": NaN,
        "Operating Income": NaN,
        "Operating Expense": NaN,
        "Other Operating Expenses": NaN,
        "Selling General And Administration": NaN,
        "General And Administrative Expense": NaN,
        "Other Gand A": NaN,
        "Salaries And Wages": NaN,
        "Gross Profit": NaN,
        "Cost Of Revenue": NaN,
        "Total Revenue": NaN,
        "Operating Revenue": NaN
    },
    "2024-09-30": {
        "Tax Effect Of Unusual Items": 0.0,
        "Tax Rate For Calcs": 0.0,
        "Normalized EBITDA": -1645420.0,
        "Total Unusual Items": 85877.0,
        "Total Unusual Items Excluding Goodwill": 85877.0,
        "Net Income From Continuing Operation Net Minority Interest": -1257633.0,
        "Reconciled Depreciation": 49938.0,
        "Reconciled Cost Of Revenue": 49938.0,
        "EBITDA": -1559543.0,
        "EBIT": -1609481.0,
        "Net Interest Income": 264596.0,
        "Interest Income": 264596.0,
        "Normalized Income": -1343510.0,
        "Net Income From Continuing And Discontinued Operation": -1257633.0,
        "Total Expenses": 1609481.0,
        "Diluted Average Shares": 171416183.0,
        "Basic Average Shares": 171416183.0,
        "Diluted EPS": -0.01,
        "Basic EPS": -0.01,
        "Diluted NI Availto Com Stockholders": -1257633.0,
        "Net Income Common Stockholders": -1257633.0,
        "Net Income": -1257633.0,
        "Minority Interests": 1375.0,
        "Net Income Including Noncontrolling Interests": -1259008.0,
        "Net Income Continuous Operations": -1259008.0,
        "Pretax Income": -1259008.0,
        "Other Income Expense": 85877.0,
        "Special Income Charges": 0.0,
        "Gain On Sale Of Ppe": 0.0,
        "Gain On Sale Of Security": 85877.0,
        "Net Non Operating Interest Income Expense": 264596.0,
        "Interest Income Non Operating": 264596.0,
        "Operating Income": -1609481.0,
        "Operating Expense": 1559543.0,
        "Other Operating Expenses": 280015.0,
        "Selling General And Administration": 1279528.0,
        "General And Administrative Expense": 1279528.0,
        "Other Gand A": 412208.0,
        "Salaries And Wages": 867320.0,
        "Gross Profit": -49938.0,
        "Cost Of Revenue": 49938.0,
        "Total Revenue": 0.0,
        "Operating Revenue": 0.0
    },
    "2024-12-31": {
        "Tax Effect Of Unusual Items": 0.0,
        "Tax Rate For Calcs": 0.0,
        "Normalized EBITDA": -2169518.0,
        "Total Unusual Items": 628660.0,
        "Total Unusual Items Excluding Goodwill": 628660.0,
        "Net Income From Continuing Operation Net Minority Interest": -742869.0,
        "Reconciled Depreciation": 49782.0,
        "Reconciled Cost Of Revenue": 49782.0,
        "EBITDA": -1540858.0,
        "EBIT": -1590640.0,
        "Net Interest Income": 197321.0,
        "Interest Income": 197321.0,
        "Normalized Income": -1371529.0,
        "Net Income From Continuing And Discontinued Operation": -742869.0,
        "Total Expenses": 1590640.0,
        "Diluted Average Shares": 171526721.0,
        "Basic Average Shares": 171526721.0,
        "Diluted EPS": 0.0,
        "Basic EPS": 0.0,
        "Diluted NI Availto Com Stockholders": -742869.0,
        "Net Income Common Stockholders": -742869.0,
        "Net Income": -742869.0,
        "Minority Interests": 21790.0,
        "Net Income Including Noncontrolling Interests": -764659.0,
        "Net Income Continuous Operations": -764659.0,
        "Pretax Income": -764659.0,
        "Other Income Expense": 628660.0,
        "Special Income Charges": 0.0,
        "Gain On Sale Of Ppe": 0.0,
        "Gain On Sale Of Security": 628660.0,
        "Net Non Operating Interest Income Expense": 197321.0,
        "Interest Income Non Operating": 197321.0,
        "Operating Income": -1590640.0,
        "Operating Expense": 1540858.0,
        "Other Operating Expenses": 107886.0,
        "Selling General And Administration": 1432972.0,
        "General And Administrative Expense": 1432972.0,
        "Other Gand A": 595376.0,
        "Salaries And Wages": 837596.0,
        "Gross Profit": -49782.0,
        "Cost Of Revenue": 49782.0,
        "Total Revenue": 0.0,
        "Operating Revenue": 0.0
    },
    "2025-03-31": {
        "Tax Effect Of Unusual Items": 0.0,
        "Tax Rate For Calcs": 0.0,
        "Normalized EBITDA": -1654487.0,
        "Total Unusual Items": 342968.0,
        "Total Unusual Items Excluding Goodwill": 342968.0,
        "Net Income From Continuing Operation Net Minority Interest": -863107.0,
        "Reconciled Depreciation": 48405.0,
        "Reconciled Cost Of Revenue": 48405.0,
        "EBITDA": -1311519.0,
        "EBIT": -1359924.0,
        "Net Interest Income": 153849.0,
        "Interest Income": 153849.0,
        "Normalized Income": -1206075.0,
        "Net Income From Continuing And Discontinued Operation": -863107.0,
        "Total Expenses": 1359924.0,
        "Diluted Average Shares": 171785542.0,
        "Basic Average Shares": 171785542.0,
        "Diluted EPS": -0.01,
        "Basic EPS": -0.01,
        "Diluted NI Availto Com Stockholders": -863107.0,
        "Net Income Common Stockholders": -863107.0,
        "Net Income": -863107.0,
        "Minority Interests": 0.0,
        "Net Income Including Noncontrolling Interests": -863107.0,
        "Net Income Continuous Operations": -863107.0,
        "Pretax Income": -863107.0,
        "Other Income Expense": 342968.0,
        "Special Income Charges": 0.0,
        "Gain On Sale Of Ppe": 0.0,
        "Gain On Sale Of Security": 342968.0,
        "Net Non Operating Interest Income Expense": 153849.0,
        "Interest Income Non Operating": 153849.0,
        "Operating Income": -1359924.0,
        "Operating Expense": 1311519.0,
        "Other Operating Expenses": 176817.0,
        "Selling General And Administration": 1134702.0,
        "General And Administrative Expense": 1134702.0,
        "Other Gand A": 428994.0,
        "Salaries And Wages": 705708.0,
        "Gross Profit": -48405.0,
        "Cost Of Revenue": 48405.0,
        "Total Revenue": 0.0,
        "Operating Revenue": 0.0
    },
    "2025-06-30": {
        "Tax Effect Of Unusual Items": 0.0,
        "Tax Rate For Calcs": 0.0,
        "Normalized EBITDA": -1764542.0,
        "Total Unusual Items": 397042.0,
        "Total Unusual Items Excluding Goodwill": 397042.0,
        "Net Income From Continuing Operation Net Minority Interest": -893448.0,
        "Reconciled Depreciation": 48414.0,
        "Reconciled Cost Of Revenue": 48414.0,
        "EBITDA": -1367500.0,
        "EBIT": -1415914.0,
        "Net Interest Income": 125424.0,
        "Interest Income": 125424.0,
        "Normalized Income": -1290490.0,
        "Net Income From Continuing And Discontinued Operation": -893448.0,
        "Total Expenses": 1415914.0,
        "Diluted Average Shares": NaN,
        "Basic Average Shares": NaN,
        "Diluted EPS": NaN,
        "Basic EPS": NaN,
        "Diluted NI Availto Com Stockholders": -893448.0,
        "Net Income Common Stockholders": -893448.0,
        "Net Income": -893448.0,
        "Minority Interests": 0.0,
        "Net Income Including Noncontrolling Interests": -893448.0,
        "Net Income Continuous Operations": -893448.0,
        "Pretax Income": -893448.0,
        "Other Income Expense": 397042.0,
        "Special Income Charges": 0.0,
        "Gain On Sale Of Ppe": 0.0,
        "Gain On Sale Of Security": 397042.0,
        "Net Non Operating Interest Income Expense": 125424.0,
        "Interest Income Non Operating": 125424.0,
        "Operating Income": -1415914.0,
        "Operating Expense": 1367500.0,
        "Other Operating Expenses": 121525.0,
        "Selling General And Administration": 1245975.0,
        "General And Administrative Expense": 1245975.0,
        "Other Gand A": 336745.0,
        "Salaries And Wages": 909230.0,
        "Gross Profit": -48414.0,
        "Cost Of Revenue": 48414.0,
        "Total Revenue": 0.0,
        "Operating Revenue": 0.0
    },
    "2025-09-30": {
        "Tax Effect Of Unusual Items": 0.0,
        "Tax Rate For Calcs": 0.0,
        "Normalized EBITDA": -1740264.0,
        "Total Unusual Items": 470522.0,
        "Total Unusual Items Excluding Goodwill": 470522.0,
        "Net Income From Continuing Operation Net Minority Interest": -745637.0,
        "Reconciled Depreciation": 47090.0,
        "Reconciled Cost Of Revenue": 47090.0,
        "EBITDA": -1269742.0,
        "EBIT": -1316832.0,
        "Net Interest Income": 100673.0,
        "Interest Income": 100673.0,
        "Normalized Income": -1216159.0,
        "Net Income From Continuing And Discontinued Operation": -745637.0,
        "Total Expenses": 1316832.0,
        "Diluted Average Shares": 172047125.0,
        "Basic Average Shares": 172047125.0,
        "Diluted EPS": -0.004,
        "Basic EPS": -0.004,
        "Diluted NI Availto Com Stockholders": -745637.0,
        "Net Income Common Stockholders": -745637.0,
        "Net Income": -745637.0,
        "Minority Interests": 0.0,
        "Net Income Including Noncontrolling Interests": -745637.0,
        "Net Income Continuous Operations": -745637.0,
        "Pretax Income": -745637.0,
        "Other Income Expense": 470522.0,
        "Special Income Charges": NaN,
        "Gain On Sale Of Ppe": NaN,
        "Gain On Sale Of Security": 470522.0,
        "Net Non Operating Interest Income Expense": 100673.0,
        "Interest Income Non Operating": 100673.0,
        "Operating Income": -1316832.0,
        "Operating Expense": 1269742.0,
        "Other Operating Expenses": 183538.0,
        "Selling General And Administration": 1086204.0,
        "General And Administrative Expense": 1086204.0,
        "Other Gand A": 328796.0,
        "Salaries And Wages": 757408.0,
        "Gross Profit": -47090.0,
        "Cost Of Revenue": 47090.0,
        "Total Revenue": 0.0,
        "Operating Revenue": 0.0
    }
}