{
    "2023-09-30": {
        "Tax Effect Of Unusual Items": NaN,
        "Tax Rate For Calcs": NaN,
        "Normalized EBITDA": NaN,
        "Net Income From Continuing Operation Net Minority Interest": NaN,
        "Reconciled Depreciation": NaN,
        "Reconciled Cost Of Revenue": NaN,
        "EBITDA": NaN,
        "EBIT": NaN,
        "Net Interest Income": NaN,
        "Interest Expense": NaN,
        "Interest Income": NaN,
        "Normalized Income": NaN,
        "Net Income From Continuing And Discontinued Operation": NaN,
        "Total Expenses": NaN,
        "Total Operating Income As Reported": NaN,
        "Diluted Average Shares": 59800000.0,
        "Basic Average Shares": 59800000.0,
        "Diluted EPS": -0.02,
        "Basic EPS": -0.02,
        "Diluted NI Availto Com Stockholders": NaN,
        "Net Income Common Stockholders": NaN,
        "Otherunder Preferred Stock Dividend": 0.0,
        "Net Income": NaN,
        "Net Income Including Noncontrolling Interests": NaN,
        "Net Income Continuous Operations": NaN,
        "Tax Provision": NaN,
        "Pretax Income": NaN,
        "Net Non Operating Interest Income Expense": NaN,
        "Interest Expense Non Operating": NaN,
        "Interest Income Non Operating": NaN,
        "Operating Income": NaN,
        "Operating Expense": NaN,
        "Other Operating Expenses": NaN,
        "Depreciation And Amortization In Income Statement": NaN,
        "Depreciation Income Statement": 20316000.0,
        "Research And Development": NaN,
        "Selling General And Administration": NaN,
        "Selling And Marketing Expense": NaN,
        "General And Administrative Expense": NaN,
        "Gross Profit": NaN,
        "Cost Of Revenue": NaN,
        "Total Revenue": NaN,
        "Operating Revenue": NaN
    },
    "2023-06-30": {
        "Tax Effect Of Unusual Items": NaN,
        "Tax Rate For Calcs": NaN,
        "Normalized EBITDA": NaN,
        "Net Income From Continuing Operation Net Minority Interest": NaN,
        "Reconciled Depreciation": NaN,
        "Reconciled Cost Of Revenue": NaN,
        "EBITDA": NaN,
        "EBIT": NaN,
        "Net Interest Income": NaN,
        "Interest Expense": NaN,
        "Interest Income": NaN,
        "Normalized Income": NaN,
        "Net Income From Continuing And Discontinued Operation": NaN,
        "Total Expenses": NaN,
        "Total Operating Income As Reported": NaN,
        "Diluted Average Shares": 71306266.0,
        "Basic Average Shares": 71306266.0,
        "Diluted EPS": -0.08,
        "Basic EPS": -0.08,
        "Diluted NI Availto Com Stockholders": NaN,
        "Net Income Common Stockholders": NaN,
        "Otherunder Preferred Stock Dividend": NaN,
        "Net Income": NaN,
        "Net Income Including Noncontrolling Interests": NaN,
        "Net Income Continuous Operations": NaN,
        "Tax Provision": NaN,
        "Pretax Income": NaN,
        "Net Non Operating Interest Income Expense": NaN,
        "Interest Expense Non Operating": NaN,
        "Interest Income Non Operating": NaN,
        "Operating Income": NaN,
        "Operating Expense": NaN,
        "Other Operating Expenses": 1765000.0,
        "Depreciation And Amortization In Income Statement": NaN,
        "Depreciation Income Statement": NaN,
        "Research And Development": NaN,
        "Selling General And Administration": NaN,
        "Selling And Marketing Expense": NaN,
        "General And Administrative Expense": NaN,
        "Gross Profit": NaN,
        "Cost Of Revenue": NaN,
        "Total Revenue": NaN,
        "Operating Revenue": NaN
    },
    "2023-03-31": {
        "Tax Effect Of Unusual Items": 0.0,
        "Tax Rate For Calcs": 0.23,
        "Normalized EBITDA": 4710000.0,
        "Net Income From Continuing Operation Net Minority Interest": -17909000.0,
        "Reconciled Depreciation": 16989000.0,
        "Reconciled Cost Of Revenue": 16097000.0,
        "EBITDA": 4710000.0,
        "EBIT": -12279000.0,
        "Net Interest Income": 758000.0,
        "Interest Expense": 2169000.0,
        "Interest Income": 2927000.0,
        "Normalized Income": -17909000.0,
        "Net Income From Continuing And Discontinued Operation": -17909000.0,
        "Total Expenses": 86943000.0,
        "Total Operating Income As Reported": -15206000.0,
        "Diluted Average Shares": 74620833.0,
        "Basic Average Shares": 74620833.0,
        "Diluted EPS": -0.24,
        "Basic EPS": -0.24,
        "Diluted NI Availto Com Stockholders": -17909000.0,
        "Net Income Common Stockholders": -17909000.0,
        "Otherunder Preferred Stock Dividend": 0.0,
        "Net Income": -17909000.0,
        "Net Income Including Noncontrolling Interests": -17909000.0,
        "Net Income Continuous Operations": -17909000.0,
        "Tax Provision": 3461000.0,
        "Pretax Income": -14448000.0,
        "Net Non Operating Interest Income Expense": 758000.0,
        "Interest Expense Non Operating": 2169000.0,
        "Interest Income Non Operating": 2927000.0,
        "Operating Income": -15206000.0,
        "Operating Expense": 70846000.0,
        "Other Operating Expenses": NaN,
        "Depreciation And Amortization In Income Statement": 16989000.0,
        "Depreciation Income Statement": 16989000.0,
        "Research And Development": 13247000.0,
        "Selling General And Administration": 40610000.0,
        "Selling And Marketing Expense": 28574000.0,
        "General And Administrative Expense": 12036000.0,
        "Gross Profit": 55640000.0,
        "Cost Of Revenue": 16097000.0,
        "Total Revenue": 71737000.0,
        "Operating Revenue": 71737000.0
    },
    "2022-12-31": {
        "Tax Effect Of Unusual Items": 0.0,
        "Tax Rate For Calcs": 0.23,
        "Normalized EBITDA": 28416000.0,
        "Net Income From Continuing Operation Net Minority Interest": 5061000.0,
        "Reconciled Depreciation": 17184000.0,
        "Reconciled Cost Of Revenue": 17265000.0,
        "EBITDA": 28416000.0,
        "EBIT": 11232000.0,
        "Net Interest Income": -717000.0,
        "Interest Expense": 1131000.0,
        "Interest Income": 414000.0,
        "Normalized Income": 5061000.0,
        "Net Income From Continuing And Discontinued Operation": 5061000.0,
        "Total Expenses": 90867000.0,
        "Total Operating Income As Reported": 10818000.0,
        "Diluted Average Shares": NaN,
        "Basic Average Shares": NaN,
        "Diluted EPS": NaN,
        "Basic EPS": NaN,
        "Diluted NI Availto Com Stockholders": 5061000.0,
        "Net Income Common Stockholders": 5061000.0,
        "Otherunder Preferred Stock Dividend": 0.0,
        "Net Income": 5061000.0,
        "Net Income Including Noncontrolling Interests": 5061000.0,
        "Net Income Continuous Operations": 5061000.0,
        "Tax Provision": 5040000.0,
        "Pretax Income": 10101000.0,
        "Net Non Operating Interest Income Expense": -717000.0,
        "Interest Expense Non Operating": 1131000.0,
        "Interest Income Non Operating": 414000.0,
        "Operating Income": 16830000.0,
        "Operating Expense": 73602000.0,
        "Other Operating Expenses": NaN,
        "Depreciation And Amortization In Income Statement": 17184000.0,
        "Depreciation Income Statement": 17184000.0,
        "Research And Development": 11841000.0,
        "Selling General And Administration": -3925000.0,
        "Selling And Marketing Expense": 30506000.0,
        "General And Administrative Expense": -34431000.0,
        "Gross Profit": 90432000.0,
        "Cost Of Revenue": 17265000.0,
        "Total Revenue": 107697000.0,
        "Operating Revenue": 107697000.0
    },
    "2023-12-31": {
        "Tax Effect Of Unusual Items": 0.0,
        "Tax Rate For Calcs": 0.23,
        "Normalized EBITDA": 32727000.0,
        "Net Income From Continuing Operation Net Minority Interest": 3227000.0,
        "Reconciled Depreciation": 21047000.0,
        "Reconciled Cost Of Revenue": 17886000.0,
        "EBITDA": 32727000.0,
        "EBIT": 11680000.0,
        "Net Interest Income": 105000.0,
        "Interest Expense": 1966000.0,
        "Interest Income": 2071000.0,
        "Normalized Income": 3227000.0,
        "Net Income From Continuing And Discontinued Operation": 3227000.0,
        "Total Expenses": 86136000.0,
        "Total Operating Income As Reported": 9609000.0,
        "Diluted Average Shares": NaN,
        "Basic Average Shares": NaN,
        "Diluted EPS": NaN,
        "Basic EPS": NaN,
        "Diluted NI Availto Com Stockholders": 3227000.0,
        "Net Income Common Stockholders": 3227000.0,
        "Otherunder Preferred Stock Dividend": 0.0,
        "Net Income": 3227000.0,
        "Net Income Including Noncontrolling Interests": 3227000.0,
        "Net Income Continuous Operations": 3227000.0,
        "Tax Provision": 6487000.0,
        "Pretax Income": 9714000.0,
        "Net Non Operating Interest Income Expense": 105000.0,
        "Interest Expense Non Operating": 1966000.0,
        "Interest Income Non Operating": 2071000.0,
        "Operating Income": 9780000.0,
        "Operating Expense": 68250000.0,
        "Other Operating Expenses": 0.0,
        "Depreciation And Amortization In Income Statement": 21047000.0,
        "Depreciation Income Statement": 21047000.0,
        "Research And Development": 10032000.0,
        "Selling General And Administration": 32834000.0,
        "Selling And Marketing Expense": 24358000.0,
        "General And Administrative Expense": 8476000.0,
        "Gross Profit": 78030000.0,
        "Cost Of Revenue": 17886000.0,
        "Total Revenue": 95916000.0,
        "Operating Revenue": 95916000.0
    },
    "2022-09-30": {
        "Tax Effect Of Unusual Items": NaN,
        "Tax Rate For Calcs": NaN,
        "Normalized EBITDA": NaN,
        "Net Income From Continuing Operation Net Minority Interest": NaN,
        "Reconciled Depreciation": NaN,
        "Reconciled Cost Of Revenue": NaN,
        "EBITDA": NaN,
        "EBIT": NaN,
        "Net Interest Income": NaN,
        "Interest Expense": NaN,
        "Interest Income": NaN,
        "Normalized Income": NaN,
        "Net Income From Continuing And Discontinued Operation": NaN,
        "Total Expenses": NaN,
        "Total Operating Income As Reported": NaN,
        "Diluted Average Shares": 73125323.0,
        "Basic Average Shares": 73125323.0,
        "Diluted EPS": -0.02,
        "Basic EPS": -0.02,
        "Diluted NI Availto Com Stockholders": NaN,
        "Net Income Common Stockholders": NaN,
        "Otherunder Preferred Stock Dividend": NaN,
        "Net Income": NaN,
        "Net Income Including Noncontrolling Interests": NaN,
        "Net Income Continuous Operations": NaN,
        "Tax Provision": NaN,
        "Pretax Income": NaN,
        "Net Non Operating Interest Income Expense": NaN,
        "Interest Expense Non Operating": NaN,
        "Interest Income Non Operating": NaN,
        "Operating Income": NaN,
        "Operating Expense": NaN,
        "Other Operating Expenses": NaN,
        "Depreciation And Amortization In Income Statement": NaN,
        "Depreciation Income Statement": NaN,
        "Research And Development": NaN,
        "Selling General And Administration": NaN,
        "Selling And Marketing Expense": NaN,
        "General And Administrative Expense": NaN,
        "Gross Profit": NaN,
        "Cost Of Revenue": NaN,
        "Total Revenue": NaN,
        "Operating Revenue": NaN
    },
    "2024-06-30": {
        "Tax Effect Of Unusual Items": NaN,
        "Tax Rate For Calcs": NaN,
        "Normalized EBITDA": NaN,
        "Net Income From Continuing Operation Net Minority Interest": NaN,
        "Reconciled Depreciation": NaN,
        "Reconciled Cost Of Revenue": NaN,
        "EBITDA": NaN,
        "EBIT": NaN,
        "Net Interest Income": NaN,
        "Interest Expense": NaN,
        "Interest Income": NaN,
        "Normalized Income": NaN,
        "Net Income From Continuing And Discontinued Operation": NaN,
        "Total Expenses": NaN,
        "Total Operating Income As Reported": NaN,
        "Diluted Average Shares": 72900000.0,
        "Basic Average Shares": 72900000.0,
        "Diluted EPS": 0.04,
        "Basic EPS": 0.04,
        "Diluted NI Availto Com Stockholders": NaN,
        "Net Income Common Stockholders": NaN,
        "Otherunder Preferred Stock Dividend": 0.0,
        "Net Income": NaN,
        "Net Income Including Noncontrolling Interests": NaN,
        "Net Income Continuous Operations": NaN,
        "Tax Provision": NaN,
        "Pretax Income": NaN,
        "Net Non Operating Interest Income Expense": NaN,
        "Interest Expense Non Operating": NaN,
        "Interest Income Non Operating": NaN,
        "Operating Income": NaN,
        "Operating Expense": NaN,
        "Other Operating Expenses": 1488000.0,
        "Depreciation Amortization Depletion Income Statement": 15504000.0,
        "Depreciation And Amortization In Income Statement": NaN,
        "Depreciation Income Statement": 15504000.0,
        "Research And Development": NaN,
        "Selling General And Administration": NaN,
        "Selling And Marketing Expense": NaN,
        "General And Administrative Expense": NaN,
        "Other Gand A": 7560000.0,
        "Gross Profit": NaN,
        "Cost Of Revenue": NaN,
        "Total Revenue": NaN,
        "Operating Revenue": NaN
    },
    "2024-03-31": {
        "Tax Effect Of Unusual Items": 0.0,
        "Tax Rate For Calcs": 0.031695,
        "Normalized EBITDA": 11664000.0,
        "Net Income From Continuing Operation Net Minority Interest": -6874000.0,
        "Reconciled Depreciation": 15793000.0,
        "Reconciled Cost Of Revenue": 14538000.0,
        "EBITDA": 11664000.0,
        "EBIT": -4129000.0,
        "Net Interest Income": -545000.0,
        "Interest Expense": 2970000.0,
        "Interest Income": 2425000.0,
        "Normalized Income": -6874000.0,
        "Net Income From Continuing And Discontinued Operation": -6874000.0,
        "Total Expenses": 80986000.0,
        "Total Operating Income As Reported": -6554000.0,
        "Diluted Average Shares": 72250000.0,
        "Basic Average Shares": 68740000.0,
        "Diluted EPS": -0.1,
        "Basic EPS": -0.1,
        "Diluted NI Availto Com Stockholders": -6874000.0,
        "Net Income Common Stockholders": -6874000.0,
        "Otherunder Preferred Stock Dividend": 0.0,
        "Net Income": -6874000.0,
        "Net Income Including Noncontrolling Interests": -6874000.0,
        "Net Income Continuous Operations": -6874000.0,
        "Tax Provision": -225000.0,
        "Pretax Income": -7099000.0,
        "Net Non Operating Interest Income Expense": -545000.0,
        "Interest Expense Non Operating": 2970000.0,
        "Interest Income Non Operating": 2425000.0,
        "Operating Income": -6554000.0,
        "Operating Expense": 66448000.0,
        "Other Operating Expenses": NaN,
        "Depreciation And Amortization In Income Statement": 15793000.0,
        "Depreciation Income Statement": 15793000.0,
        "Research And Development": 12381000.0,
        "Selling General And Administration": 38274000.0,
        "Selling And Marketing Expense": 27134000.0,
        "General And Administrative Expense": 11140000.0,
        "Gross Profit": 59894000.0,
        "Cost Of Revenue": 14538000.0,
        "Total Revenue": 74432000.0,
        "Operating Revenue": 74432000.0
    },
    "2024-09-30": {
        "Tax Effect Of Unusual Items": 0.0,
        "Tax Rate For Calcs": 0.09368,
        "Normalized EBITDA": 30740000.0,
        "Net Income From Continuing Operation Net Minority Interest": 14541000.0,
        "Reconciled Depreciation": 12758000.0,
        "Reconciled Cost Of Revenue": 13857000.0,
        "EBITDA": 30740000.0,
        "EBIT": 17982000.0,
        "Net Interest Income": -218000.0,
        "Interest Expense": 1938000.0,
        "Interest Income": 1720000.0,
        "Normalized Income": 14541000.0,
        "Net Income From Continuing And Discontinued Operation": 14541000.0,
        "Total Expenses": 73922000.0,
        "Total Operating Income As Reported": 16262000.0,
        "Diluted Average Shares": 70200000.0,
        "Basic Average Shares": 69242857.0,
        "Diluted EPS": 0.21,
        "Basic EPS": 0.21,
        "Diluted NI Availto Com Stockholders": 14541000.0,
        "Net Income Common Stockholders": 14541000.0,
        "Otherunder Preferred Stock Dividend": 0.0,
        "Net Income": 14541000.0,
        "Net Income Including Noncontrolling Interests": 14541000.0,
        "Net Income Continuous Operations": 14541000.0,
        "Tax Provision": 1503000.0,
        "Pretax Income": 16044000.0,
        "Net Non Operating Interest Income Expense": -218000.0,
        "Interest Expense Non Operating": 1938000.0,
        "Interest Income Non Operating": 1720000.0,
        "Operating Income": 16262000.0,
        "Operating Expense": 60065000.0,
        "Other Operating Expenses": NaN,
        "Depreciation Amortization Depletion Income Statement": 12758000.0,
        "Depreciation And Amortization In Income Statement": 12758000.0,
        "Depreciation Income Statement": 12758000.0,
        "Research And Development": 11693000.0,
        "Selling General And Administration": 35614000.0,
        "Selling And Marketing Expense": 27793000.0,
        "General And Administrative Expense": 7821000.0,
        "Other Gand A": 7821000.0,
        "Gross Profit": 76327000.0,
        "Cost Of Revenue": 13857000.0,
        "Total Revenue": 90184000.0,
        "Operating Revenue": 90184000.0
    },
    "2024-12-31": {
        "Tax Effect Of Unusual Items": 0.0,
        "Tax Rate For Calcs": 0.23,
        "Normalized EBITDA": 40046000.0,
        "Net Income From Continuing Operation Net Minority Interest": 24854000.0,
        "Reconciled Depreciation": 14621000.0,
        "Reconciled Cost Of Revenue": 17068000.0,
        "EBITDA": 40046000.0,
        "EBIT": 25425000.0,
        "Net Interest Income": -435000.0,
        "Interest Expense": 1104000.0,
        "Interest Income": 669000.0,
        "Normalized Income": 24854000.0,
        "Net Income From Continuing And Discontinued Operation": 24854000.0,
        "Total Expenses": 87528000.0,
        "Total Operating Income As Reported": 24756000.0,
        "Diluted Average Shares": NaN,
        "Basic Average Shares": NaN,
        "Diluted EPS": NaN,
        "Basic EPS": NaN,
        "Diluted NI Availto Com Stockholders": 24854000.0,
        "Net Income Common Stockholders": 24854000.0,
        "Otherunder Preferred Stock Dividend": NaN,
        "Net Income": 24854000.0,
        "Net Income Including Noncontrolling Interests": 24854000.0,
        "Net Income Continuous Operations": 24854000.0,
        "Tax Provision": -533000.0,
        "Pretax Income": 24321000.0,
        "Net Non Operating Interest Income Expense": -435000.0,
        "Interest Expense Non Operating": 1104000.0,
        "Interest Income Non Operating": 669000.0,
        "Operating Income": 24756000.0,
        "Operating Expense": 70460000.0,
        "Other Operating Expenses": 16000.0,
        "Depreciation Amortization Depletion Income Statement": NaN,
        "Depreciation And Amortization In Income Statement": 14621000.0,
        "Depreciation Income Statement": NaN,
        "Research And Development": 13387000.0,
        "Selling General And Administration": 40920000.0,
        "Selling And Marketing Expense": 27720000.0,
        "General And Administrative Expense": 13200000.0,
        "Other Gand A": NaN,
        "Gross Profit": 95216000.0,
        "Cost Of Revenue": 17068000.0,
        "Total Revenue": 112284000.0,
        "Operating Revenue": 112284000.0
    },
    "2025-09-30": {
        "Tax Effect Of Unusual Items": 0.0,
        "Tax Rate For Calcs": 0.23,
        "Normalized EBITDA": 25297000.0,
        "Net Income From Continuing Operation Net Minority Interest": 4208000.0,
        "Reconciled Depreciation": 16080000.0,
        "Reconciled Cost Of Revenue": 16262000.0,
        "EBITDA": 25297000.0,
        "EBIT": 9217000.0,
        "Net Interest Income": 1390000.0,
        "Interest Expense": 554000.0,
        "Interest Income": 1944000.0,
        "Normalized Income": 4208000.0,
        "Net Income From Continuing And Discontinued Operation": 4208000.0,
        "Total Expenses": 87518000.0,
        "Total Operating Income As Reported": 7273000.0,
        "Diluted Average Shares": 60114286.0,
        "Basic Average Shares": 60114286.0,
        "Diluted EPS": 0.07,
        "Basic EPS": 0.07,
        "Diluted NI Availto Com Stockholders": 4208000.0,
        "Net Income Common Stockholders": 4208000.0,
        "Otherunder Preferred Stock Dividend": NaN,
        "Net Income": 4208000.0,
        "Net Income Including Noncontrolling Interests": 4208000.0,
        "Net Income Continuous Operations": 4208000.0,
        "Tax Provision": 4455000.0,
        "Pretax Income": 8663000.0,
        "Net Non Operating Interest Income Expense": 1390000.0,
        "Interest Expense Non Operating": 554000.0,
        "Interest Income Non Operating": 1944000.0,
        "Operating Income": 7273000.0,
        "Operating Expense": 71256000.0,
        "Other Operating Expenses": NaN,
        "Depreciation Amortization Depletion Income Statement": 16080000.0,
        "Depreciation And Amortization In Income Statement": 16080000.0,
        "Depreciation Income Statement": NaN,
        "Research And Development": 14765000.0,
        "Selling General And Administration": 40411000.0,
        "Selling And Marketing Expense": 30369000.0,
        "General And Administrative Expense": 10042000.0,
        "Other Gand A": 10042000.0,
        "Gross Profit": 78529000.0,
        "Cost Of Revenue": 16262000.0,
        "Total Revenue": 94791000.0,
        "Operating Revenue": 94791000.0
    },
    "2025-06-30": {
        "Tax Effect Of Unusual Items": 0.0,
        "Tax Rate For Calcs": 0.142235,
        "Normalized EBITDA": 26196000.0,
        "Net Income From Continuing Operation Net Minority Interest": 8666000.0,
        "Reconciled Depreciation": 15521000.0,
        "Reconciled Cost Of Revenue": 12057000.0,
        "EBITDA": 26196000.0,
        "EBIT": 10675000.0,
        "Net Interest Income": 1399000.0,
        "Interest Expense": 572000.0,
        "Interest Income": 1971000.0,
        "Normalized Income": 8666000.0,
        "Net Income From Continuing And Discontinued Operation": 8666000.0,
        "Total Expenses": 82244000.0,
        "Total Operating Income As Reported": 8704000.0,
        "Diluted Average Shares": 62000000.0,
        "Basic Average Shares": 61900000.0,
        "Diluted EPS": 0.14,
        "Basic EPS": 0.14,
        "Diluted NI Availto Com Stockholders": 8666000.0,
        "Net Income Common Stockholders": 8666000.0,
        "Otherunder Preferred Stock Dividend": NaN,
        "Net Income": 8666000.0,
        "Net Income Including Noncontrolling Interests": 8666000.0,
        "Net Income Continuous Operations": 8666000.0,
        "Tax Provision": 1437000.0,
        "Pretax Income": 10103000.0,
        "Net Non Operating Interest Income Expense": 1399000.0,
        "Interest Expense Non Operating": 572000.0,
        "Interest Income Non Operating": 1971000.0,
        "Operating Income": 8704000.0,
        "Operating Expense": 70187000.0,
        "Other Operating Expenses": NaN,
        "Depreciation Amortization Depletion Income Statement": 15521000.0,
        "Depreciation And Amortization In Income Statement": 15521000.0,
        "Depreciation Income Statement": NaN,
        "Research And Development": 14965000.0,
        "Selling General And Administration": 39701000.0,
        "Selling And Marketing Expense": 31295000.0,
        "General And Administrative Expense": 8406000.0,
        "Other Gand A": 8406000.0,
        "Gross Profit": 78891000.0,
        "Cost Of Revenue": 12057000.0,
        "Total Revenue": 90948000.0,
        "Operating Revenue": 90948000.0
    },
    "2025-03-31": {
        "Tax Effect Of Unusual Items": 0.0,
        "Tax Rate For Calcs": 0.23,
        "Normalized EBITDA": 20486000.0,
        "Net Income From Continuing Operation Net Minority Interest": 1633000.0,
        "Reconciled Depreciation": 15267000.0,
        "Reconciled Cost Of Revenue": 11199000.0,
        "EBITDA": 20486000.0,
        "EBIT": 5219000.0,
        "Net Interest Income": 1060000.0,
        "Interest Expense": 710000.0,
        "Interest Income": 1770000.0,
        "Normalized Income": 1633000.0,
        "Net Income From Continuing And Discontinued Operation": 1633000.0,
        "Total Expenses": 74881000.0,
        "Total Operating Income As Reported": 3449000.0,
        "Diluted Average Shares": 65700000.0,
        "Basic Average Shares": 54433333.0,
        "Diluted EPS": 0.02,
        "Basic EPS": 0.03,
        "Diluted NI Availto Com Stockholders": 1633000.0,
        "Net Income Common Stockholders": 1633000.0,
        "Otherunder Preferred Stock Dividend": NaN,
        "Net Income": 1633000.0,
        "Net Income Including Noncontrolling Interests": 1633000.0,
        "Net Income Continuous Operations": 1633000.0,
        "Tax Provision": 2876000.0,
        "Pretax Income": 4509000.0,
        "Net Non Operating Interest Income Expense": 1060000.0,
        "Interest Expense Non Operating": 710000.0,
        "Interest Income Non Operating": 1770000.0,
        "Operating Income": 3449000.0,
        "Operating Expense": 63682000.0,
        "Other Operating Expenses": NaN,
        "Depreciation Amortization Depletion Income Statement": 15267000.0,
        "Depreciation And Amortization In Income Statement": 15267000.0,
        "Depreciation Income Statement": NaN,
        "Research And Development": 12764000.0,
        "Selling General And Administration": 35651000.0,
        "Selling And Marketing Expense": 28866000.0,
        "General And Administrative Expense": 6785000.0,
        "Other Gand A": 6785000.0,
        "Gross Profit": 67131000.0,
        "Cost Of Revenue": 11199000.0,
        "Total Revenue": 78330000.0,
        "Operating Revenue": 78330000.0
    }
}