{
    "2023-03-31": {
        "Tax Effect Of Unusual Items": NaN,
        "Tax Rate For Calcs": NaN,
        "Normalized EBITDA": NaN,
        "Total Unusual Items": NaN,
        "Total Unusual Items Excluding Goodwill": NaN,
        "Net Income From Continuing Operation Net Minority Interest": NaN,
        "Reconciled Depreciation": NaN,
        "Reconciled Cost Of Revenue": NaN,
        "EBITDA": NaN,
        "EBIT": NaN,
        "Net Interest Income": NaN,
        "Interest Expense": NaN,
        "Interest Income": NaN,
        "Normalized Income": NaN,
        "Net Income From Continuing And Discontinued Operation": NaN,
        "Total Expenses": NaN,
        "Rent Expense Supplemental": NaN,
        "Total Operating Income As Reported": NaN,
        "Diluted Average Shares": NaN,
        "Basic Average Shares": NaN,
        "Diluted EPS": NaN,
        "Basic EPS": NaN,
        "Diluted NI Availto Com Stockholders": NaN,
        "Net Income Common Stockholders": NaN,
        "Preferred Stock Dividends": 6700000.0,
        "Net Income": NaN,
        "Minority Interests": NaN,
        "Net Income Including Noncontrolling Interests": NaN,
        "Net Income Continuous Operations": NaN,
        "Pretax Income": NaN,
        "Other Income Expense": NaN,
        "Other Non Operating Income Expenses": NaN,
        "Special Income Charges": NaN,
        "Other Special Charges": NaN,
        "Gain On Sale Of Security": NaN,
        "Net Non Operating Interest Income Expense": NaN,
        "Interest Expense Non Operating": NaN,
        "Interest Income Non Operating": NaN,
        "Operating Income": NaN,
        "Operating Expense": NaN,
        "Research And Development": NaN,
        "Selling General And Administration": NaN,
        "General And Administrative Expense": NaN,
        "Other Gand A": NaN,
        "Rent And Landing Fees": NaN,
        "Gross Profit": NaN,
        "Cost Of Revenue": NaN,
        "Total Revenue": NaN,
        "Operating Revenue": NaN
    },
    "2022-12-31": {
        "Tax Effect Of Unusual Items": NaN,
        "Tax Rate For Calcs": NaN,
        "Normalized EBITDA": NaN,
        "Total Unusual Items": NaN,
        "Total Unusual Items Excluding Goodwill": NaN,
        "Net Income From Continuing Operation Net Minority Interest": NaN,
        "Reconciled Depreciation": NaN,
        "Reconciled Cost Of Revenue": NaN,
        "EBITDA": NaN,
        "EBIT": NaN,
        "Net Interest Income": NaN,
        "Interest Expense": NaN,
        "Interest Income": NaN,
        "Normalized Income": NaN,
        "Net Income From Continuing And Discontinued Operation": NaN,
        "Total Expenses": NaN,
        "Rent Expense Supplemental": NaN,
        "Total Operating Income As Reported": NaN,
        "Diluted Average Shares": NaN,
        "Basic Average Shares": NaN,
        "Diluted EPS": NaN,
        "Basic EPS": NaN,
        "Diluted NI Availto Com Stockholders": NaN,
        "Net Income Common Stockholders": NaN,
        "Preferred Stock Dividends": 6505000.0,
        "Net Income": NaN,
        "Minority Interests": NaN,
        "Net Income Including Noncontrolling Interests": NaN,
        "Net Income Continuous Operations": NaN,
        "Pretax Income": NaN,
        "Other Income Expense": NaN,
        "Other Non Operating Income Expenses": NaN,
        "Special Income Charges": NaN,
        "Other Special Charges": NaN,
        "Gain On Sale Of Security": NaN,
        "Net Non Operating Interest Income Expense": NaN,
        "Interest Expense Non Operating": NaN,
        "Interest Income Non Operating": NaN,
        "Operating Income": NaN,
        "Operating Expense": NaN,
        "Research And Development": NaN,
        "Selling General And Administration": NaN,
        "General And Administrative Expense": NaN,
        "Other Gand A": NaN,
        "Rent And Landing Fees": NaN,
        "Gross Profit": NaN,
        "Cost Of Revenue": NaN,
        "Total Revenue": NaN,
        "Operating Revenue": NaN
    },
    "2022-09-30": {
        "Tax Effect Of Unusual Items": NaN,
        "Tax Rate For Calcs": NaN,
        "Normalized EBITDA": NaN,
        "Total Unusual Items": NaN,
        "Total Unusual Items Excluding Goodwill": NaN,
        "Net Income From Continuing Operation Net Minority Interest": NaN,
        "Reconciled Depreciation": NaN,
        "Reconciled Cost Of Revenue": NaN,
        "EBITDA": NaN,
        "EBIT": NaN,
        "Net Interest Income": 0.0,
        "Interest Expense": 0.0,
        "Interest Income": 0.0,
        "Normalized Income": NaN,
        "Net Income From Continuing And Discontinued Operation": NaN,
        "Total Expenses": NaN,
        "Rent Expense Supplemental": 299000.0,
        "Total Operating Income As Reported": NaN,
        "Diluted Average Shares": 129418000.0,
        "Basic Average Shares": 129418000.0,
        "Diluted EPS": -0.19,
        "Basic EPS": -0.19,
        "Diluted NI Availto Com Stockholders": NaN,
        "Net Income Common Stockholders": NaN,
        "Preferred Stock Dividends": NaN,
        "Net Income": NaN,
        "Minority Interests": 0.0,
        "Net Income Including Noncontrolling Interests": NaN,
        "Net Income Continuous Operations": NaN,
        "Pretax Income": NaN,
        "Other Income Expense": NaN,
        "Other Non Operating Income Expenses": NaN,
        "Special Income Charges": NaN,
        "Other Special Charges": NaN,
        "Gain On Sale Of Security": NaN,
        "Net Non Operating Interest Income Expense": 0.0,
        "Interest Expense Non Operating": 0.0,
        "Interest Income Non Operating": 0.0,
        "Operating Income": NaN,
        "Operating Expense": NaN,
        "Research And Development": NaN,
        "Selling General And Administration": NaN,
        "General And Administrative Expense": NaN,
        "Other Gand A": NaN,
        "Rent And Landing Fees": 299000.0,
        "Gross Profit": NaN,
        "Cost Of Revenue": NaN,
        "Total Revenue": NaN,
        "Operating Revenue": NaN
    },
    "2022-06-30": {
        "Tax Effect Of Unusual Items": 0.0,
        "Tax Rate For Calcs": 0.0,
        "Normalized EBITDA": -14472000.0,
        "Total Unusual Items": 1886000.0,
        "Total Unusual Items Excluding Goodwill": 1886000.0,
        "Net Income From Continuing Operation Net Minority Interest": -10912000.0,
        "Reconciled Depreciation": 232000.0,
        "Reconciled Cost Of Revenue": 42000.0,
        "EBITDA": -12586000.0,
        "EBIT": -12818000.0,
        "Normalized Income": -12798000.0,
        "Net Income From Continuing And Discontinued Operation": -10912000.0,
        "Total Expenses": 12818000.0,
        "Rent Expense Supplemental": 290000.0,
        "Total Operating Income As Reported": -12818000.0,
        "Diluted Average Shares": 126314000.0,
        "Basic Average Shares": 126314000.0,
        "Diluted EPS": -0.13,
        "Basic EPS": -0.13,
        "Diluted NI Availto Com Stockholders": -16686000.0,
        "Net Income Common Stockholders": -16686000.0,
        "Preferred Stock Dividends": 5774000.0,
        "Net Income": -10912000.0,
        "Net Income Including Noncontrolling Interests": -10912000.0,
        "Net Income Continuous Operations": -10912000.0,
        "Pretax Income": -10912000.0,
        "Other Income Expense": 1906000.0,
        "Other Non Operating Income Expenses": 20000.0,
        "Gain On Sale Of Security": 1886000.0,
        "Operating Income": -12818000.0,
        "Operating Expense": 12776000.0,
        "Research And Development": 1193000.0,
        "Selling General And Administration": 11583000.0,
        "General And Administrative Expense": 11583000.0,
        "Other Gand A": 11293000.0,
        "Rent And Landing Fees": 290000.0,
        "Gross Profit": -42000.0,
        "Cost Of Revenue": 42000.0,
        "Total Revenue": 0.0,
        "Operating Revenue": 0.0
    },
    "2022-03-31": {
        "Diluted EPS": -0.14,
        "Total Revenue": NaN,
        "Gross Profit": 0,
        "Operating Income": -5,
        "EBIT": -5,
        "Net Income": -17
    },
    "2021-12-31": {
        "Diluted EPS": -0.12,
        "Total Revenue": NaN,
        "Gross Profit": 0,
        "Operating Income": -8,
        "EBIT": -7,
        "Net Income": -13
    },
    "2021-09-30": {
        "Diluted EPS": -0.03,
        "Total Revenue": NaN,
        "Gross Profit": 0,
        "Operating Income": -3,
        "EBIT": -3,
        "Net Income": -4
    },
    "2021-06-30": {
        "Diluted EPS": -0.13,
        "Total Revenue": NaN,
        "Gross Profit": 0,
        "Operating Income": -7,
        "EBIT": -6,
        "Net Income": -15
    },
    "2021-03-31": {
        "Diluted EPS": -0.06,
        "Total Revenue": NaN,
        "Gross Profit": 0,
        "Operating Income": -2,
        "EBIT": -1,
        "Net Income": -8
    },
    "2020-12-31": {
        "Diluted EPS": -0.05,
        "Total Revenue": NaN,
        "Gross Profit": 0,
        "Operating Income": -4,
        "EBIT": -3,
        "Net Income": -6
    },
    "2020-09-30": {
        "Diluted EPS": -0.09,
        "Total Revenue": NaN,
        "Gross Profit": 0,
        "Operating Income": -6,
        "EBIT": -5,
        "Net Income": -11
    },
    "2020-06-30": {
        "Diluted EPS": -0.08,
        "Total Revenue": NaN,
        "Gross Profit": 0,
        "Operating Income": -5,
        "EBIT": -4,
        "Net Income": -9
    },
    "2020-03-31": {
        "Diluted EPS": -0.02,
        "Total Revenue": NaN,
        "Gross Profit": 0,
        "Operating Income": -7,
        "EBIT": -7,
        "Net Income": -3
    },
    "2019-12-31": {
        "Diluted EPS": -0.16,
        "Total Revenue": NaN,
        "Gross Profit": 0,
        "Operating Income": -13,
        "EBIT": -12,
        "Net Income": -17
    },
    "2019-09-30": {
        "Diluted EPS": -0.06,
        "Total Revenue": NaN,
        "Gross Profit": -1,
        "Operating Income": -4,
        "EBIT": -4,
        "Net Income": -6
    },
    "2019-06-30": {
        "Diluted EPS": -0.07,
        "Total Revenue": NaN,
        "Gross Profit": -11,
        "Operating Income": -6,
        "EBIT": -5,
        "Net Income": -7
    },
    "2019-03-31": {
        "Diluted EPS": -0.16,
        "Total Revenue": NaN,
        "Gross Profit": 0,
        "Operating Income": -12,
        "EBIT": -12,
        "Net Income": -18
    },
    "2018-12-31": {
        "Diluted EPS": -0.13,
        "Total Revenue": NaN,
        "Gross Profit": -2,
        "Operating Income": -12,
        "EBIT": -12,
        "Net Income": -13
    },
    "2018-09-30": {
        "Diluted EPS": -0.1,
        "Total Revenue": NaN,
        "Gross Profit": -5,
        "Operating Income": -11,
        "EBIT": -11,
        "Net Income": -11
    },
    "2018-06-30": {
        "Diluted EPS": -0.03,
        "Total Revenue": NaN,
        "Gross Profit": 0,
        "Operating Income": -4,
        "EBIT": -4,
        "Net Income": -3
    },
    "2018-03-31": {
        "Diluted EPS": -0.15,
        "Total Revenue": NaN,
        "Gross Profit": 0,
        "Operating Income": -16,
        "EBIT": -16,
        "Net Income": -16
    },
    "2017-12-31": {
        "Diluted EPS": -0.16,
        "Total Revenue": NaN,
        "Gross Profit": 0,
        "Operating Income": -16,
        "EBIT": -16,
        "Net Income": -16
    },
    "2017-09-30": {
        "Diluted EPS": -0.14,
        "Total Revenue": NaN,
        "Gross Profit": 0,
        "Operating Income": -14,
        "EBIT": -14,
        "Net Income": -14
    },
    "2017-06-30": {
        "Diluted EPS": -0.03,
        "Total Revenue": NaN,
        "Gross Profit": 0,
        "Operating Income": -3,
        "EBIT": -2,
        "Net Income": -2
    },
    "2017-03-31": {
        "Diluted EPS": -0.02,
        "Total Revenue": NaN,
        "Gross Profit": 0,
        "Operating Income": -2,
        "EBIT": -2,
        "Net Income": -2
    },
    "2016-12-31": {
        "Diluted EPS": -0.03,
        "Total Revenue": NaN,
        "Gross Profit": 0,
        "Operating Income": -6,
        "EBIT": -6,
        "Net Income": -6
    },
    "2016-09-30": {
        "Diluted EPS": -0.02,
        "Total Revenue": NaN,
        "Gross Profit": 0,
        "Operating Income": -2,
        "EBIT": -2,
        "Net Income": -2
    },
    "2016-06-30": {
        "Diluted EPS": -0.01,
        "Total Revenue": NaN,
        "Gross Profit": NaN,
        "Operating Income": 0,
        "EBIT": 0,
        "Net Income": 0
    },
    "2016-03-31": {
        "Diluted EPS": -0.03,
        "Total Revenue": NaN,
        "Gross Profit": NaN,
        "Operating Income": 0,
        "EBIT": 0,
        "Net Income": 0
    },
    "2015-12-31": {
        "Diluted EPS": -0.1,
        "Total Revenue": NaN,
        "Gross Profit": NaN,
        "Operating Income": -8,
        "EBIT": -8,
        "Net Income": -8
    },
    "2015-09-30": {
        "Diluted EPS": -0.02,
        "Total Revenue": NaN,
        "Gross Profit": NaN,
        "Operating Income": 0,
        "EBIT": 0,
        "Net Income": 0
    },
    "2015-06-30": {
        "Diluted EPS": -0.02,
        "Total Revenue": NaN,
        "Gross Profit": NaN,
        "Operating Income": 0,
        "EBIT": 0,
        "Net Income": 0
    },
    "2015-03-31": {
        "Diluted EPS": 0.0,
        "Total Revenue": NaN,
        "Gross Profit": NaN,
        "Operating Income": 0,
        "EBIT": 0,
        "Net Income": 0
    },
    "2014-12-31": {
        "Diluted EPS": 0.0,
        "Total Revenue": NaN,
        "Gross Profit": NaN,
        "Operating Income": NaN,
        "EBIT": NaN,
        "Net Income": NaN
    },
    "2023-06-30": {
        "Tax Effect Of Unusual Items": NaN,
        "Tax Rate For Calcs": NaN,
        "Normalized EBITDA": NaN,
        "Total Unusual Items": NaN,
        "Total Unusual Items Excluding Goodwill": NaN,
        "Net Income From Continuing Operation Net Minority Interest": NaN,
        "Reconciled Depreciation": NaN,
        "Reconciled Cost Of Revenue": NaN,
        "EBITDA": NaN,
        "EBIT": NaN,
        "Net Interest Income": NaN,
        "Interest Expense": NaN,
        "Interest Income": NaN,
        "Normalized Income": NaN,
        "Net Income From Continuing And Discontinued Operation": NaN,
        "Total Expenses": NaN,
        "Rent Expense Supplemental": NaN,
        "Total Operating Income As Reported": NaN,
        "Diluted Average Shares": 150933000.0,
        "Basic Average Shares": 150933000.0,
        "Diluted EPS": -0.84,
        "Basic EPS": -0.84,
        "Diluted NI Availto Com Stockholders": NaN,
        "Net Income Common Stockholders": NaN,
        "Preferred Stock Dividends": 6754000.0,
        "Net Income": NaN,
        "Minority Interests": NaN,
        "Net Income Including Noncontrolling Interests": NaN,
        "Net Income Continuous Operations": NaN,
        "Pretax Income": NaN,
        "Other Income Expense": NaN,
        "Other Non Operating Income Expenses": NaN,
        "Special Income Charges": NaN,
        "Other Special Charges": NaN,
        "Gain On Sale Of Security": NaN,
        "Net Non Operating Interest Income Expense": NaN,
        "Interest Expense Non Operating": NaN,
        "Interest Income Non Operating": NaN,
        "Operating Income": NaN,
        "Operating Expense": NaN,
        "Research And Development": NaN,
        "Selling General And Administration": NaN,
        "General And Administrative Expense": NaN,
        "Other Gand A": NaN,
        "Rent And Landing Fees": NaN,
        "Gross Profit": NaN,
        "Cost Of Revenue": NaN,
        "Total Revenue": NaN,
        "Operating Revenue": NaN
    },
    "2023-09-30": {
        "Tax Effect Of Unusual Items": NaN,
        "Tax Rate For Calcs": NaN,
        "Normalized EBITDA": NaN,
        "Total Unusual Items": NaN,
        "Total Unusual Items Excluding Goodwill": NaN,
        "Net Income From Continuing Operation Net Minority Interest": NaN,
        "Reconciled Depreciation": NaN,
        "Reconciled Cost Of Revenue": NaN,
        "EBITDA": NaN,
        "EBIT": NaN,
        "Net Interest Income": NaN,
        "Interest Expense": NaN,
        "Interest Income": 966000.0,
        "Normalized Income": NaN,
        "Net Income From Continuing And Discontinued Operation": NaN,
        "Total Expenses": NaN,
        "Rent Expense Supplemental": NaN,
        "Total Operating Income As Reported": NaN,
        "Diluted Average Shares": 222466000.0,
        "Basic Average Shares": 222466000.0,
        "Diluted EPS": 0.48,
        "Basic EPS": 0.48,
        "Diluted NI Availto Com Stockholders": NaN,
        "Net Income Common Stockholders": NaN,
        "Preferred Stock Dividends": 7030000.0,
        "Net Income": NaN,
        "Minority Interests": NaN,
        "Net Income Including Noncontrolling Interests": NaN,
        "Net Income Continuous Operations": NaN,
        "Pretax Income": NaN,
        "Other Income Expense": NaN,
        "Other Non Operating Income Expenses": NaN,
        "Special Income Charges": NaN,
        "Other Special Charges": NaN,
        "Gain On Sale Of Security": NaN,
        "Net Non Operating Interest Income Expense": NaN,
        "Total Other Finance Cost": NaN,
        "Interest Expense Non Operating": NaN,
        "Interest Income Non Operating": 966000.0,
        "Operating Income": NaN,
        "Operating Expense": NaN,
        "Other Operating Expenses": NaN,
        "Research And Development": NaN,
        "Selling General And Administration": NaN,
        "General And Administrative Expense": NaN,
        "Other Gand A": NaN,
        "Rent And Landing Fees": NaN,
        "Gross Profit": NaN,
        "Cost Of Revenue": NaN,
        "Total Revenue": NaN,
        "Operating Revenue": NaN
    },
    "2023-12-31": {
        "Tax Effect Of Unusual Items": NaN,
        "Tax Rate For Calcs": NaN,
        "Normalized EBITDA": NaN,
        "Total Unusual Items": NaN,
        "Total Unusual Items Excluding Goodwill": NaN,
        "Net Income From Continuing Operation Net Minority Interest": NaN,
        "Reconciled Depreciation": NaN,
        "Reconciled Cost Of Revenue": NaN,
        "EBITDA": NaN,
        "EBIT": NaN,
        "Net Interest Income": NaN,
        "Interest Expense": NaN,
        "Normalized Income": NaN,
        "Net Income From Continuing And Discontinued Operation": NaN,
        "Total Expenses": NaN,
        "Rent Expense Supplemental": 2896000.0,
        "Total Operating Income As Reported": NaN,
        "Diluted Average Shares": NaN,
        "Basic Average Shares": NaN,
        "Diluted EPS": NaN,
        "Basic EPS": NaN,
        "Diluted NI Availto Com Stockholders": NaN,
        "Net Income Common Stockholders": NaN,
        "Preferred Stock Dividends": 0.0,
        "Net Income": NaN,
        "Minority Interests": NaN,
        "Net Income Including Noncontrolling Interests": NaN,
        "Net Income Continuous Operations": NaN,
        "Pretax Income": NaN,
        "Other Income Expense": NaN,
        "Other Non Operating Income Expenses": NaN,
        "Special Income Charges": NaN,
        "Other Special Charges": NaN,
        "Gain On Sale Of Security": NaN,
        "Net Non Operating Interest Income Expense": NaN,
        "Total Other Finance Cost": NaN,
        "Interest Expense Non Operating": NaN,
        "Operating Income": NaN,
        "Operating Expense": NaN,
        "Other Operating Expenses": NaN,
        "Research And Development": NaN,
        "Selling General And Administration": NaN,
        "General And Administrative Expense": NaN,
        "Other Gand A": NaN,
        "Rent And Landing Fees": 2896000.0,
        "Gross Profit": NaN,
        "Cost Of Revenue": NaN,
        "Total Revenue": NaN,
        "Operating Revenue": NaN
    },
    "2024-03-31": {
        "Tax Effect Of Unusual Items": NaN,
        "Tax Rate For Calcs": NaN,
        "Normalized EBITDA": NaN,
        "Total Unusual Items": NaN,
        "Total Unusual Items Excluding Goodwill": NaN,
        "Net Income From Continuing Operation Net Minority Interest": NaN,
        "Reconciled Depreciation": NaN,
        "Reconciled Cost Of Revenue": NaN,
        "EBITDA": NaN,
        "EBIT": NaN,
        "Net Interest Income": NaN,
        "Interest Expense": NaN,
        "Normalized Income": NaN,
        "Net Income From Continuing And Discontinued Operation": NaN,
        "Total Expenses": NaN,
        "Rent Expense Supplemental": 3019000.0,
        "Total Operating Income As Reported": NaN,
        "Diluted Average Shares": 266886000.0,
        "Basic Average Shares": 256707000.0,
        "Diluted EPS": 0.11,
        "Basic EPS": 0.11,
        "Diluted NI Availto Com Stockholders": NaN,
        "Net Income Common Stockholders": NaN,
        "Net Income": NaN,
        "Minority Interests": NaN,
        "Net Income Including Noncontrolling Interests": NaN,
        "Net Income Continuous Operations": NaN,
        "Pretax Income": NaN,
        "Other Income Expense": NaN,
        "Other Non Operating Income Expenses": NaN,
        "Special Income Charges": NaN,
        "Other Special Charges": 7440000.0,
        "Gain On Sale Of Security": NaN,
        "Net Non Operating Interest Income Expense": NaN,
        "Total Other Finance Cost": 16388000.0,
        "Interest Expense Non Operating": NaN,
        "Operating Income": NaN,
        "Operating Expense": NaN,
        "Other Operating Expenses": NaN,
        "Research And Development": NaN,
        "Selling General And Administration": NaN,
        "General And Administrative Expense": NaN,
        "Other Gand A": NaN,
        "Rent And Landing Fees": 3019000.0,
        "Gross Profit": NaN,
        "Cost Of Revenue": NaN,
        "Total Revenue": NaN,
        "Operating Revenue": NaN
    },
    "2024-06-30": {
        "Tax Effect Of Unusual Items": 14476140.0,
        "Tax Rate For Calcs": 0.21,
        "Normalized EBITDA": -38731000.0,
        "Total Unusual Items": 68934000.0,
        "Total Unusual Items Excluding Goodwill": 68934000.0,
        "Net Income From Continuing Operation Net Minority Interest": -32576000.0,
        "Reconciled Depreciation": 1869000.0,
        "Reconciled Cost Of Revenue": 3223000.0,
        "EBITDA": 30203000.0,
        "EBIT": 28334000.0,
        "Net Interest Income": -26030000.0,
        "Interest Expense": 26030000.0,
        "Normalized Income": -87033860.0,
        "Net Income From Continuing And Discontinued Operation": -32576000.0,
        "Total Expenses": 39534000.0,
        "Rent Expense Supplemental": 2603000.0,
        "Total Operating Income As Reported": -39534000.0,
        "Diluted Average Shares": 257842000.0,
        "Basic Average Shares": 257842000.0,
        "Diluted EPS": -0.13,
        "Basic EPS": -0.13,
        "Diluted NI Availto Com Stockholders": -32576000.0,
        "Net Income Common Stockholders": -32576000.0,
        "Net Income": -32576000.0,
        "Minority Interests": -34880000.0,
        "Net Income Including Noncontrolling Interests": 2304000.0,
        "Net Income Continuous Operations": 2304000.0,
        "Pretax Income": 2304000.0,
        "Other Income Expense": 67868000.0,
        "Other Non Operating Income Expenses": -1066000.0,
        "Special Income Charges": -40133000.0,
        "Other Special Charges": 40133000.0,
        "Gain On Sale Of Security": 109067000.0,
        "Net Non Operating Interest Income Expense": -26030000.0,
        "Total Other Finance Cost": NaN,
        "Interest Expense Non Operating": 26030000.0,
        "Operating Income": -39534000.0,
        "Operating Expense": 36311000.0,
        "Other Operating Expenses": NaN,
        "Research And Development": 2409000.0,
        "Selling General And Administration": 33902000.0,
        "General And Administrative Expense": 33902000.0,
        "Other Gand A": 33902000.0,
        "Rent And Landing Fees": 2603000.0,
        "Gross Profit": -3223000.0,
        "Cost Of Revenue": 3223000.0,
        "Total Revenue": 0.0,
        "Operating Revenue": 0.0
    },
    "2024-09-30": {
        "Tax Effect Of Unusual Items": 0.0,
        "Tax Rate For Calcs": 0.0,
        "Normalized EBITDA": -45738000.0,
        "Total Unusual Items": -329733000.0,
        "Total Unusual Items Excluding Goodwill": -329733000.0,
        "Net Income From Continuing Operation Net Minority Interest": -123199000.0,
        "Reconciled Depreciation": 1699000.0,
        "Reconciled Cost Of Revenue": 613000.0,
        "EBITDA": -375471000.0,
        "EBIT": -377170000.0,
        "Net Interest Income": -15905000.0,
        "Interest Expense": 15905000.0,
        "Normalized Income": 206534000.0,
        "Net Income From Continuing And Discontinued Operation": -123199000.0,
        "Total Expenses": 49156000.0,
        "Rent Expense Supplemental": 2559000.0,
        "Total Operating Income As Reported": -49156000.0,
        "Diluted Average Shares": 259379000.0,
        "Basic Average Shares": 259379000.0,
        "Diluted EPS": -0.47,
        "Basic EPS": -0.47,
        "Diluted NI Availto Com Stockholders": -123199000.0,
        "Net Income Common Stockholders": -123199000.0,
        "Net Income": -123199000.0,
        "Minority Interests": 269876000.0,
        "Net Income Including Noncontrolling Interests": -393075000.0,
        "Net Income Continuous Operations": -393075000.0,
        "Pretax Income": -393075000.0,
        "Other Income Expense": -328014000.0,
        "Other Non Operating Income Expenses": 1719000.0,
        "Special Income Charges": 0.0,
        "Other Special Charges": NaN,
        "Gain On Sale Of Security": -329733000.0,
        "Net Non Operating Interest Income Expense": -15905000.0,
        "Total Other Finance Cost": NaN,
        "Interest Expense Non Operating": 15905000.0,
        "Operating Income": -49156000.0,
        "Operating Expense": 48543000.0,
        "Other Operating Expenses": NaN,
        "Research And Development": 2386000.0,
        "Selling General And Administration": 46157000.0,
        "General And Administrative Expense": 46157000.0,
        "Other Gand A": 43598000.0,
        "Rent And Landing Fees": 2559000.0,
        "Gross Profit": -613000.0,
        "Cost Of Revenue": 613000.0,
        "Total Revenue": 0.0,
        "Operating Revenue": 0.0
    },
    "2024-12-31": {
        "Tax Effect Of Unusual Items": 114784740.0,
        "Tax Rate For Calcs": 0.21,
        "Normalized EBITDA": -108662000.0,
        "Total Unusual Items": 546594000.0,
        "Total Unusual Items Excluding Goodwill": 546594000.0,
        "Net Income From Continuing Operation Net Minority Interest": 65678000.0,
        "Reconciled Depreciation": 1700000.0,
        "Reconciled Cost Of Revenue": 614000.0,
        "EBITDA": 437932000.0,
        "EBIT": 436232000.0,
        "Net Interest Income": -20125000.0,
        "Interest Expense": -45211000.0,
        "Normalized Income": -366131260.0,
        "Net Income From Continuing And Discontinued Operation": 65678000.0,
        "Total Expenses": 44268000.0,
        "Rent Expense Supplemental": 2594000.0,
        "Total Operating Income As Reported": -44268000.0,
        "Diluted Average Shares": NaN,
        "Basic Average Shares": NaN,
        "Diluted EPS": NaN,
        "Basic EPS": NaN,
        "Diluted NI Availto Com Stockholders": 65678000.0,
        "Net Income Common Stockholders": 65678000.0,
        "Net Income": 65678000.0,
        "Minority Interests": -415765000.0,
        "Net Income Including Noncontrolling Interests": 481443000.0,
        "Net Income Continuous Operations": 481443000.0,
        "Pretax Income": 481443000.0,
        "Other Income Expense": 545836000.0,
        "Other Non Operating Income Expenses": -758000.0,
        "Special Income Charges": -1741000.0,
        "Other Special Charges": 1741000.0,
        "Gain On Sale Of Security": 548335000.0,
        "Net Non Operating Interest Income Expense": -20125000.0,
        "Total Other Finance Cost": NaN,
        "Interest Expense Non Operating": -45211000.0,
        "Operating Income": -44268000.0,
        "Operating Expense": 43654000.0,
        "Other Operating Expenses": NaN,
        "Research And Development": 956000.0,
        "Selling General And Administration": 42698000.0,
        "General And Administrative Expense": 42698000.0,
        "Other Gand A": 40104000.0,
        "Rent And Landing Fees": 2594000.0,
        "Gross Profit": -614000.0,
        "Cost Of Revenue": 614000.0,
        "Total Revenue": 0.0,
        "Operating Revenue": 0.0
    },
    "2025-03-31": {
        "Tax Effect Of Unusual Items": 0.0,
        "Tax Rate For Calcs": 0.0,
        "Normalized EBITDA": -64539000.0,
        "Total Unusual Items": -168700000.0,
        "Total Unusual Items Excluding Goodwill": -168700000.0,
        "Net Income From Continuing Operation Net Minority Interest": -88805000.0,
        "Reconciled Depreciation": 1700000.0,
        "Reconciled Cost Of Revenue": 3149000.0,
        "EBITDA": -233239000.0,
        "EBIT": -234939000.0,
        "Net Interest Income": -27205000.0,
        "Interest Expense": 10289000.0,
        "Normalized Income": 79895000.0,
        "Net Income From Continuing And Discontinued Operation": -88805000.0,
        "Total Expenses": 51916000.0,
        "Rent Expense Supplemental": NaN,
        "Total Operating Income As Reported": -51916000.0,
        "Diluted Average Shares": 260405000.0,
        "Basic Average Shares": 260405000.0,
        "Diluted EPS": -0.34,
        "Basic EPS": -0.34,
        "Diluted NI Availto Com Stockholders": -88805000.0,
        "Net Income Common Stockholders": -88805000.0,
        "Net Income": -88805000.0,
        "Minority Interests": 156423000.0,
        "Net Income Including Noncontrolling Interests": -245228000.0,
        "Net Income Continuous Operations": -245228000.0,
        "Pretax Income": -245228000.0,
        "Other Income Expense": -166107000.0,
        "Other Non Operating Income Expenses": 2593000.0,
        "Special Income Charges": 0.0,
        "Other Special Charges": NaN,
        "Gain On Sale Of Security": -168700000.0,
        "Net Non Operating Interest Income Expense": -27205000.0,
        "Total Other Finance Cost": 16916000.0,
        "Interest Expense Non Operating": 10289000.0,
        "Operating Income": -51916000.0,
        "Operating Expense": 48767000.0,
        "Other Operating Expenses": 3518000.0,
        "Research And Development": 307000.0,
        "Selling General And Administration": 44942000.0,
        "General And Administrative Expense": 44942000.0,
        "Other Gand A": 44942000.0,
        "Rent And Landing Fees": NaN,
        "Gross Profit": -3149000.0,
        "Cost Of Revenue": 3149000.0,
        "Total Revenue": 0.0,
        "Operating Revenue": 0.0
    },
    "2025-06-30": {
        "Tax Effect Of Unusual Items": 0.0,
        "Tax Rate For Calcs": 0.0,
        "Normalized EBITDA": -53331000.0,
        "Total Unusual Items": 15997000.0,
        "Total Unusual Items Excluding Goodwill": 15997000.0,
        "Net Income From Continuing Operation Net Minority Interest": -60867000.0,
        "Reconciled Depreciation": 4465000.0,
        "Reconciled Cost Of Revenue": 2971000.0,
        "EBITDA": -37334000.0,
        "EBIT": -41799000.0,
        "Net Interest Income": -28833000.0,
        "Interest Expense": 28833000.0,
        "Normalized Income": -76864000.0,
        "Net Income From Continuing And Discontinued Operation": -60867000.0,
        "Total Expenses": 56268000.0,
        "Rent Expense Supplemental": NaN,
        "Total Operating Income As Reported": -56268000.0,
        "Diluted Average Shares": 260877000.0,
        "Basic Average Shares": 260877000.0,
        "Diluted EPS": -0.23,
        "Basic EPS": -0.23,
        "Diluted NI Availto Com Stockholders": -60867000.0,
        "Net Income Common Stockholders": -60867000.0,
        "Net Income": -60867000.0,
        "Minority Interests": 9765000.0,
        "Net Income Including Noncontrolling Interests": -70632000.0,
        "Net Income Continuous Operations": -70632000.0,
        "Pretax Income": -70632000.0,
        "Other Income Expense": 14469000.0,
        "Other Non Operating Income Expenses": -1528000.0,
        "Special Income Charges": -9160000.0,
        "Other Special Charges": 9160000.0,
        "Gain On Sale Of Security": 25157000.0,
        "Net Non Operating Interest Income Expense": -28833000.0,
        "Total Other Finance Cost": NaN,
        "Interest Expense Non Operating": 28833000.0,
        "Operating Income": -56268000.0,
        "Operating Expense": 53297000.0,
        "Other Operating Expenses": NaN,
        "Research And Development": 1248000.0,
        "Selling General And Administration": 52049000.0,
        "General And Administrative Expense": 52049000.0,
        "Other Gand A": 52049000.0,
        "Rent And Landing Fees": NaN,
        "Gross Profit": -2971000.0,
        "Cost Of Revenue": 2971000.0,
        "Total Revenue": 0.0,
        "Operating Revenue": 0.0
    }
}