{
    "2024-02-29": {
        "Tax Effect Of Unusual Items": 220080.0,
        "Tax Rate For Calcs": 0.21,
        "Normalized EBITDA": -7669000.0,
        "Total Unusual Items": 1048000.0,
        "Total Unusual Items Excluding Goodwill": 1048000.0,
        "Net Income From Continuing Operation Net Minority Interest": -10318000.0,
        "Reconciled Cost Of Revenue": 6000.0,
        "EBITDA": -6621000.0,
        "EBIT": -6621000.0,
        "Net Interest Income": -2046000.0,
        "Interest Expense": 3597000.0,
        "Interest Income": 1551000.0,
        "Normalized Income": -11145920.0,
        "Net Income From Continuing And Discontinued Operation": -10318000.0,
        "Total Expenses": 6259000.0,
        "Total Operating Income As Reported": -9220000.0,
        "Diluted Average Shares": 333366000.0,
        "Basic Average Shares": 333366000.0,
        "Diluted EPS": -0.03,
        "Basic EPS": -0.03,
        "Diluted NI Availto Com Stockholders": -10318000.0,
        "Net Income Common Stockholders": -10318000.0,
        "Net Income": -10318000.0,
        "Net Income Including Noncontrolling Interests": -10318000.0,
        "Net Income Continuous Operations": -10318000.0,
        "Tax Provision": 100000.0,
        "Pretax Income": -10218000.0,
        "Other Income Expense": -1913000.0,
        "Special Income Charges": 743000.0,
        "Gain On Sale Of Ppe": 743000.0,
        "Earnings From Equity Interest": -2961000.0,
        "Gain On Sale Of Security": 305000.0,
        "Net Non Operating Interest Income Expense": -2046000.0,
        "Interest Expense Non Operating": 3597000.0,
        "Interest Income Non Operating": 1551000.0,
        "Operating Income": -6259000.0,
        "Operating Expense": 6253000.0,
        "Other Operating Expenses": NaN,
        "Selling General And Administration": 6253000.0,
        "General And Administrative Expense": 6253000.0,
        "Other Gand A": 1758000.0,
        "Salaries And Wages": 4495000.0,
        "Gross Profit": -6000.0,
        "Cost Of Revenue": 6000.0,
        "Total Revenue": 0.0,
        "Operating Revenue": 0.0
    },
    "2023-11-30": {
        "Tax Effect Of Unusual Items": NaN,
        "Tax Rate For Calcs": NaN,
        "Normalized EBITDA": NaN,
        "Total Unusual Items": NaN,
        "Total Unusual Items Excluding Goodwill": NaN,
        "Net Income From Continuing Operation Net Minority Interest": NaN,
        "Reconciled Cost Of Revenue": NaN,
        "EBITDA": NaN,
        "EBIT": NaN,
        "Net Interest Income": NaN,
        "Interest Expense": NaN,
        "Interest Income": NaN,
        "Normalized Income": NaN,
        "Net Income From Continuing And Discontinued Operation": NaN,
        "Total Expenses": NaN,
        "Total Operating Income As Reported": NaN,
        "Diluted Average Shares": NaN,
        "Basic Average Shares": NaN,
        "Diluted EPS": NaN,
        "Basic EPS": NaN,
        "Diluted NI Availto Com Stockholders": NaN,
        "Net Income Common Stockholders": NaN,
        "Net Income": NaN,
        "Net Income Including Noncontrolling Interests": NaN,
        "Net Income Continuous Operations": NaN,
        "Tax Provision": NaN,
        "Pretax Income": NaN,
        "Other Income Expense": NaN,
        "Special Income Charges": NaN,
        "Gain On Sale Of Ppe": NaN,
        "Earnings From Equity Interest": NaN,
        "Gain On Sale Of Security": NaN,
        "Net Non Operating Interest Income Expense": NaN,
        "Interest Expense Non Operating": NaN,
        "Interest Income Non Operating": NaN,
        "Operating Income": NaN,
        "Operating Expense": NaN,
        "Other Operating Expenses": 541000.0,
        "Selling General And Administration": NaN,
        "General And Administrative Expense": NaN,
        "Other Gand A": NaN,
        "Salaries And Wages": NaN,
        "Gross Profit": NaN,
        "Cost Of Revenue": NaN,
        "Total Revenue": NaN,
        "Operating Revenue": NaN
    },
    "2023-08-31": {
        "Tax Effect Of Unusual Items": NaN,
        "Tax Rate For Calcs": NaN,
        "Normalized EBITDA": NaN,
        "Total Unusual Items": NaN,
        "Total Unusual Items Excluding Goodwill": NaN,
        "Net Income From Continuing Operation Net Minority Interest": NaN,
        "Reconciled Cost Of Revenue": NaN,
        "EBITDA": NaN,
        "EBIT": NaN,
        "Net Interest Income": NaN,
        "Interest Expense": NaN,
        "Interest Income": NaN,
        "Normalized Income": NaN,
        "Net Income From Continuing And Discontinued Operation": NaN,
        "Total Expenses": NaN,
        "Total Operating Income As Reported": NaN,
        "Diluted Average Shares": 334158000.0,
        "Basic Average Shares": 334158000.0,
        "Diluted EPS": -0.03,
        "Basic EPS": -0.03,
        "Diluted NI Availto Com Stockholders": NaN,
        "Net Income Common Stockholders": NaN,
        "Net Income": NaN,
        "Net Income Including Noncontrolling Interests": NaN,
        "Net Income Continuous Operations": NaN,
        "Tax Provision": NaN,
        "Pretax Income": NaN,
        "Other Income Expense": NaN,
        "Other Non Operating Income Expenses": 145000.0,
        "Special Income Charges": NaN,
        "Gain On Sale Of Ppe": NaN,
        "Earnings From Equity Interest": NaN,
        "Gain On Sale Of Security": NaN,
        "Net Non Operating Interest Income Expense": NaN,
        "Interest Expense Non Operating": NaN,
        "Interest Income Non Operating": NaN,
        "Operating Income": NaN,
        "Operating Expense": NaN,
        "Other Operating Expenses": -145000.0,
        "Selling General And Administration": NaN,
        "General And Administrative Expense": NaN,
        "Other Gand A": NaN,
        "Salaries And Wages": NaN,
        "Gross Profit": NaN,
        "Cost Of Revenue": NaN,
        "Total Revenue": NaN,
        "Operating Revenue": NaN
    },
    "2023-05-31": {
        "Tax Effect Of Unusual Items": NaN,
        "Tax Rate For Calcs": NaN,
        "Normalized EBITDA": NaN,
        "Total Unusual Items": NaN,
        "Total Unusual Items Excluding Goodwill": NaN,
        "Net Income From Continuing Operation Net Minority Interest": NaN,
        "Reconciled Cost Of Revenue": NaN,
        "EBITDA": NaN,
        "EBIT": NaN,
        "Net Interest Income": NaN,
        "Interest Expense": NaN,
        "Interest Income": NaN,
        "Normalized Income": NaN,
        "Net Income From Continuing And Discontinued Operation": NaN,
        "Total Expenses": NaN,
        "Total Operating Income As Reported": NaN,
        "Diluted Average Shares": 334010000.0,
        "Basic Average Shares": 334010000.0,
        "Diluted EPS": -0.04,
        "Basic EPS": -0.04,
        "Diluted NI Availto Com Stockholders": NaN,
        "Net Income Common Stockholders": NaN,
        "Net Income": NaN,
        "Net Income Including Noncontrolling Interests": NaN,
        "Net Income Continuous Operations": NaN,
        "Tax Provision": NaN,
        "Pretax Income": NaN,
        "Other Income Expense": NaN,
        "Other Non Operating Income Expenses": 217000.0,
        "Special Income Charges": NaN,
        "Gain On Sale Of Ppe": NaN,
        "Earnings From Equity Interest": NaN,
        "Gain On Sale Of Security": NaN,
        "Net Non Operating Interest Income Expense": NaN,
        "Interest Expense Non Operating": NaN,
        "Interest Income Non Operating": NaN,
        "Operating Income": NaN,
        "Operating Expense": NaN,
        "Other Operating Expenses": -217000.0,
        "Selling General And Administration": NaN,
        "General And Administrative Expense": NaN,
        "Other Gand A": NaN,
        "Salaries And Wages": NaN,
        "Gross Profit": NaN,
        "Cost Of Revenue": NaN,
        "Total Revenue": NaN,
        "Operating Revenue": NaN
    },
    "2023-02-28": {
        "Tax Effect Of Unusual Items": NaN,
        "Tax Rate For Calcs": NaN,
        "Normalized EBITDA": NaN,
        "Total Unusual Items": NaN,
        "Total Unusual Items Excluding Goodwill": NaN,
        "Net Income From Continuing Operation Net Minority Interest": NaN,
        "Reconciled Cost Of Revenue": NaN,
        "EBITDA": NaN,
        "EBIT": NaN,
        "Net Interest Income": NaN,
        "Interest Expense": NaN,
        "Interest Income": NaN,
        "Normalized Income": NaN,
        "Net Income From Continuing And Discontinued Operation": NaN,
        "Total Expenses": NaN,
        "Total Operating Income As Reported": NaN,
        "Diluted Average Shares": NaN,
        "Basic Average Shares": NaN,
        "Diluted EPS": NaN,
        "Basic EPS": NaN,
        "Diluted NI Availto Com Stockholders": NaN,
        "Net Income Common Stockholders": NaN,
        "Net Income": NaN,
        "Net Income Including Noncontrolling Interests": NaN,
        "Net Income Continuous Operations": NaN,
        "Tax Provision": NaN,
        "Pretax Income": NaN,
        "Other Income Expense": NaN,
        "Other Non Operating Income Expenses": 217000.0,
        "Special Income Charges": NaN,
        "Gain On Sale Of Ppe": NaN,
        "Earnings From Equity Interest": NaN,
        "Gain On Sale Of Security": NaN,
        "Net Non Operating Interest Income Expense": NaN,
        "Interest Expense Non Operating": NaN,
        "Interest Income Non Operating": NaN,
        "Operating Income": NaN,
        "Operating Expense": NaN,
        "Other Operating Expenses": -217000.0,
        "Selling General And Administration": NaN,
        "General And Administrative Expense": NaN,
        "Other Gand A": NaN,
        "Salaries And Wages": NaN,
        "Gross Profit": NaN,
        "Cost Of Revenue": NaN,
        "Total Revenue": NaN,
        "Operating Revenue": NaN
    },
    "2022-11-30": {
        "Tax Effect Of Unusual Items": NaN,
        "Tax Rate For Calcs": NaN,
        "Normalized EBITDA": NaN,
        "Total Unusual Items": NaN,
        "Total Unusual Items Excluding Goodwill": NaN,
        "Net Income From Continuing Operation Net Minority Interest": NaN,
        "Reconciled Cost Of Revenue": NaN,
        "EBITDA": NaN,
        "EBIT": NaN,
        "Net Interest Income": NaN,
        "Interest Expense": NaN,
        "Interest Income": NaN,
        "Normalized Income": NaN,
        "Net Income From Continuing And Discontinued Operation": NaN,
        "Total Expenses": NaN,
        "Total Operating Income As Reported": NaN,
        "Diluted Average Shares": NaN,
        "Basic Average Shares": NaN,
        "Diluted EPS": NaN,
        "Basic EPS": NaN,
        "Diluted NI Availto Com Stockholders": NaN,
        "Net Income Common Stockholders": NaN,
        "Net Income": NaN,
        "Net Income Including Noncontrolling Interests": NaN,
        "Net Income Continuous Operations": NaN,
        "Tax Provision": NaN,
        "Pretax Income": NaN,
        "Other Income Expense": NaN,
        "Other Non Operating Income Expenses": NaN,
        "Special Income Charges": NaN,
        "Gain On Sale Of Ppe": NaN,
        "Earnings From Equity Interest": NaN,
        "Gain On Sale Of Security": NaN,
        "Net Non Operating Interest Income Expense": NaN,
        "Interest Expense Non Operating": NaN,
        "Interest Income Non Operating": NaN,
        "Operating Income": NaN,
        "Operating Expense": NaN,
        "Other Operating Expenses": -218000.0,
        "Selling General And Administration": NaN,
        "General And Administrative Expense": NaN,
        "Other Gand A": NaN,
        "Salaries And Wages": NaN,
        "Gross Profit": NaN,
        "Cost Of Revenue": NaN,
        "Total Revenue": NaN,
        "Operating Revenue": NaN
    },
    "2022-08-31": {
        "Tax Effect Of Unusual Items": NaN,
        "Tax Rate For Calcs": NaN,
        "Normalized EBITDA": NaN,
        "Total Unusual Items": NaN,
        "Total Unusual Items Excluding Goodwill": NaN,
        "Net Income From Continuing Operation Net Minority Interest": NaN,
        "Reconciled Cost Of Revenue": NaN,
        "EBITDA": NaN,
        "EBIT": NaN,
        "Net Interest Income": NaN,
        "Interest Expense": NaN,
        "Interest Income": NaN,
        "Normalized Income": NaN,
        "Net Income From Continuing And Discontinued Operation": NaN,
        "Total Expenses": NaN,
        "Total Operating Income As Reported": NaN,
        "Diluted Average Shares": 333337000.0,
        "Basic Average Shares": 333337000.0,
        "Diluted EPS": -0.05,
        "Basic EPS": -0.05,
        "Diluted NI Availto Com Stockholders": NaN,
        "Net Income Common Stockholders": NaN,
        "Net Income": NaN,
        "Net Income Including Noncontrolling Interests": NaN,
        "Net Income Continuous Operations": NaN,
        "Tax Provision": NaN,
        "Pretax Income": NaN,
        "Other Income Expense": NaN,
        "Other Non Operating Income Expenses": 212000.0,
        "Special Income Charges": NaN,
        "Gain On Sale Of Ppe": NaN,
        "Earnings From Equity Interest": NaN,
        "Gain On Sale Of Security": NaN,
        "Net Non Operating Interest Income Expense": NaN,
        "Interest Expense Non Operating": NaN,
        "Interest Income Non Operating": NaN,
        "Operating Income": NaN,
        "Operating Expense": NaN,
        "Other Operating Expenses": NaN,
        "Selling General And Administration": NaN,
        "General And Administrative Expense": NaN,
        "Other Gand A": NaN,
        "Salaries And Wages": NaN,
        "Gross Profit": NaN,
        "Cost Of Revenue": NaN,
        "Total Revenue": NaN,
        "Operating Revenue": NaN
    },
    "2024-05-31": {
        "Tax Effect Of Unusual Items": 141540.0,
        "Tax Rate For Calcs": 0.21,
        "Normalized EBITDA": -10073000.0,
        "Total Unusual Items": 674000.0,
        "Total Unusual Items Excluding Goodwill": 674000.0,
        "Net Income From Continuing Operation Net Minority Interest": -13700000.0,
        "Reconciled Cost Of Revenue": 5000.0,
        "EBITDA": -9399000.0,
        "EBIT": -9399000.0,
        "Net Interest Income": -2182000.0,
        "Interest Expense": 3702000.0,
        "Interest Income": 1520000.0,
        "Normalized Income": -14232460.0,
        "Net Income From Continuing And Discontinued Operation": -13700000.0,
        "Total Expenses": 7603000.0,
        "Total Operating Income As Reported": -11593000.0,
        "Diluted Average Shares": 334380000.0,
        "Basic Average Shares": 334380000.0,
        "Diluted EPS": -0.04,
        "Basic EPS": -0.04,
        "Diluted NI Availto Com Stockholders": -13700000.0,
        "Net Income Common Stockholders": -13700000.0,
        "Net Income": -13700000.0,
        "Net Income Including Noncontrolling Interests": -13700000.0,
        "Net Income Continuous Operations": -13700000.0,
        "Tax Provision": 599000.0,
        "Pretax Income": -13101000.0,
        "Other Income Expense": -3316000.0,
        "Special Income Charges": 0.0,
        "Gain On Sale Of Ppe": 0.0,
        "Earnings From Equity Interest": -3990000.0,
        "Gain On Sale Of Security": 674000.0,
        "Net Non Operating Interest Income Expense": -2182000.0,
        "Interest Expense Non Operating": 3702000.0,
        "Interest Income Non Operating": 1520000.0,
        "Operating Income": -7603000.0,
        "Operating Expense": 7598000.0,
        "Other Operating Expenses": NaN,
        "Selling General And Administration": 7598000.0,
        "General And Administrative Expense": 7598000.0,
        "Other Gand A": 3158000.0,
        "Salaries And Wages": 4440000.0,
        "Gross Profit": -5000.0,
        "Cost Of Revenue": 5000.0,
        "Total Revenue": 0.0,
        "Operating Revenue": 0.0
    },
    "2024-08-31": {
        "Tax Effect Of Unusual Items": -2940.0,
        "Tax Rate For Calcs": 0.21,
        "Normalized EBITDA": -6740000.0,
        "Total Unusual Items": -14000.0,
        "Total Unusual Items Excluding Goodwill": -14000.0,
        "Net Income From Continuing Operation Net Minority Interest": -10743000.0,
        "Reconciled Cost Of Revenue": 6000.0,
        "EBITDA": -6754000.0,
        "EBIT": -6754000.0,
        "Net Interest Income": -2639000.0,
        "Interest Expense": 3833000.0,
        "Interest Income": 1194000.0,
        "Normalized Income": -10731940.0,
        "Net Income From Continuing And Discontinued Operation": -10743000.0,
        "Total Expenses": 5120000.0,
        "Total Operating Income As Reported": -7934000.0,
        "Diluted Average Shares": 334520000.0,
        "Basic Average Shares": 334520000.0,
        "Diluted EPS": -0.03,
        "Basic EPS": -0.03,
        "Diluted NI Availto Com Stockholders": -10743000.0,
        "Net Income Common Stockholders": -10743000.0,
        "Net Income": -10743000.0,
        "Net Income Including Noncontrolling Interests": -10743000.0,
        "Net Income Continuous Operations": -10743000.0,
        "Tax Provision": 156000.0,
        "Pretax Income": -10587000.0,
        "Other Income Expense": -2828000.0,
        "Special Income Charges": 0.0,
        "Gain On Sale Of Ppe": 0.0,
        "Earnings From Equity Interest": -2814000.0,
        "Gain On Sale Of Security": -14000.0,
        "Net Non Operating Interest Income Expense": -2639000.0,
        "Interest Expense Non Operating": 3833000.0,
        "Interest Income Non Operating": 1194000.0,
        "Operating Income": -5120000.0,
        "Operating Expense": 5114000.0,
        "Other Operating Expenses": NaN,
        "Selling General And Administration": 5114000.0,
        "General And Administrative Expense": 5114000.0,
        "Other Gand A": 2544000.0,
        "Salaries And Wages": 2570000.0,
        "Gross Profit": -6000.0,
        "Cost Of Revenue": 6000.0,
        "Total Revenue": 0.0,
        "Operating Revenue": 0.0
    },
    "2024-11-30": {
        "Tax Effect Of Unusual Items": 11763.897735,
        "Tax Rate For Calcs": 0.011919,
        "Normalized EBITDA": -8336000.0,
        "Total Unusual Items": 987000.0,
        "Total Unusual Items Excluding Goodwill": 987000.0,
        "Net Income From Continuing Operation Net Minority Interest": -10860000.0,
        "Reconciled Cost Of Revenue": 5000.0,
        "EBITDA": -7349000.0,
        "EBIT": -7349000.0,
        "Net Interest Income": -2529000.0,
        "Interest Expense": 3642000.0,
        "Interest Income": 1113000.0,
        "Normalized Income": -11835236.102265,
        "Net Income From Continuing And Discontinued Operation": -10860000.0,
        "Total Expenses": 6293000.0,
        "Total Operating Income As Reported": -9110000.0,
        "Diluted Average Shares": NaN,
        "Basic Average Shares": NaN,
        "Diluted EPS": NaN,
        "Basic EPS": NaN,
        "Diluted NI Availto Com Stockholders": -10860000.0,
        "Net Income Common Stockholders": -10860000.0,
        "Net Income": -10860000.0,
        "Net Income Including Noncontrolling Interests": -10860000.0,
        "Net Income Continuous Operations": -10860000.0,
        "Tax Provision": -131000.0,
        "Pretax Income": -10991000.0,
        "Other Income Expense": -2169000.0,
        "Special Income Charges": 0.0,
        "Gain On Sale Of Ppe": 0.0,
        "Earnings From Equity Interest": -3156000.0,
        "Gain On Sale Of Security": 987000.0,
        "Net Non Operating Interest Income Expense": -2529000.0,
        "Interest Expense Non Operating": 3642000.0,
        "Interest Income Non Operating": 1113000.0,
        "Operating Income": -6293000.0,
        "Operating Expense": 6288000.0,
        "Other Operating Expenses": NaN,
        "Selling General And Administration": 5949000.0,
        "General And Administrative Expense": 5949000.0,
        "Other Gand A": 2259000.0,
        "Salaries And Wages": 3690000.0,
        "Gross Profit": -5000.0,
        "Cost Of Revenue": 5000.0,
        "Total Revenue": 0.0,
        "Operating Revenue": 0.0
    },
    "2025-02-28": {
        "Tax Effect Of Unusual Items": 0.0,
        "Tax Rate For Calcs": 0.0,
        "Normalized EBITDA": -6066000.0,
        "Total Unusual Items": 516000.0,
        "Total Unusual Items Excluding Goodwill": 516000.0,
        "Net Income From Continuing Operation Net Minority Interest": -9116000.0,
        "Reconciled Cost Of Revenue": 6000.0,
        "EBITDA": -5550000.0,
        "EBIT": -5550000.0,
        "Net Interest Income": -2531000.0,
        "Interest Expense": 3566000.0,
        "Interest Income": 1035000.0,
        "Normalized Income": -9632000.0,
        "Net Income From Continuing And Discontinued Operation": -9116000.0,
        "Total Expenses": 4802000.0,
        "Total Operating Income As Reported": -7101000.0,
        "Diluted Average Shares": 334642000.0,
        "Basic Average Shares": 334642000.0,
        "Diluted EPS": -0.03,
        "Basic EPS": -0.03,
        "Diluted NI Availto Com Stockholders": -9116000.0,
        "Net Income Common Stockholders": -9116000.0,
        "Net Income": -9116000.0,
        "Net Income Including Noncontrolling Interests": -9116000.0,
        "Net Income Continuous Operations": -9116000.0,
        "Tax Provision": 0.0,
        "Pretax Income": -9116000.0,
        "Other Income Expense": -1783000.0,
        "Special Income Charges": 0.0,
        "Gain On Sale Of Ppe": 0.0,
        "Earnings From Equity Interest": -2299000.0,
        "Gain On Sale Of Security": 516000.0,
        "Net Non Operating Interest Income Expense": -2531000.0,
        "Interest Expense Non Operating": 3566000.0,
        "Interest Income Non Operating": 1035000.0,
        "Operating Income": -4802000.0,
        "Operating Expense": 4796000.0,
        "Other Operating Expenses": NaN,
        "Selling General And Administration": 4796000.0,
        "General And Administrative Expense": 4796000.0,
        "Other Gand A": 1807000.0,
        "Salaries And Wages": 2989000.0,
        "Gross Profit": -6000.0,
        "Cost Of Revenue": 6000.0,
        "Total Revenue": 0.0,
        "Operating Revenue": 0.0
    }
}