{
    "2024-03-31": {
        "Tax Effect Of Unusual Items": -8325000.0,
        "Tax Rate For Calcs": 0.15,
        "Normalized EBITDA": 78500000.0,
        "Total Unusual Items": -55500000.0,
        "Total Unusual Items Excluding Goodwill": -55500000.0,
        "Net Income From Continuing Operation Net Minority Interest": -43500000.0,
        "Reconciled Depreciation": 62700000.0,
        "Reconciled Cost Of Revenue": 169500000.0,
        "EBITDA": 23000000.0,
        "EBIT": -39700000.0,
        "Net Interest Income": -500000.0,
        "Interest Expense": 800000.0,
        "Interest Income": 2100000.0,
        "Normalized Income": 3675000.0,
        "Net Income From Continuing And Discontinued Operation": -43500000.0,
        "Total Expenses": 177000000.0,
        "Rent Expense Supplemental": 3300000.0,
        "Total Operating Income As Reported": 15100000.0,
        "Diluted Average Shares": 687600000.0,
        "Basic Average Shares": 687600000.0,
        "Diluted EPS": -0.06,
        "Basic EPS": -0.06,
        "Diluted NI Availto Com Stockholders": -43500000.0,
        "Net Income Common Stockholders": -43500000.0,
        "Net Income": -43500000.0,
        "Net Income Including Noncontrolling Interests": -43500000.0,
        "Net Income Continuous Operations": -43500000.0,
        "Tax Provision": 3000000.0,
        "Pretax Income": -40500000.0,
        "Other Income Expense": -55100000.0,
        "Other Non Operating Income Expenses": 400000.0,
        "Special Income Charges": -600000.0,
        "Gain On Sale Of Ppe": -600000.0,
        "Other Special Charges": NaN,
        "Gain On Sale Of Security": -54900000.0,
        "Net Non Operating Interest Income Expense": -500000.0,
        "Total Other Finance Cost": 1800000.0,
        "Interest Expense Non Operating": 800000.0,
        "Interest Income Non Operating": 2100000.0,
        "Operating Income": 15100000.0,
        "Operating Expense": 7500000.0,
        "Other Operating Expenses": 900000.0,
        "Selling General And Administration": 6600000.0,
        "General And Administrative Expense": 6600000.0,
        "Other Gand A": 5800000.0,
        "Salaries And Wages": 800000.0,
        "Gross Profit": 22600000.0,
        "Cost Of Revenue": 169500000.0,
        "Total Revenue": 192100000.0,
        "Operating Revenue": 192100000.0
    },
    "2023-12-31": {
        "Tax Effect Of Unusual Items": -3411038.961039,
        "Tax Rate For Calcs": 0.11039,
        "Normalized EBITDA": 67600000.0,
        "Total Unusual Items": -30900000.0,
        "Total Unusual Items Excluding Goodwill": -30900000.0,
        "Net Income From Continuing Operation Net Minority Interest": -27400000.0,
        "Reconciled Depreciation": 66500000.0,
        "Reconciled Cost Of Revenue": 186800000.0,
        "EBITDA": 36700000.0,
        "EBIT": -29800000.0,
        "Net Interest Income": -500000.0,
        "Interest Expense": 1000000.0,
        "Interest Income": 1900000.0,
        "Normalized Income": 88961.038961,
        "Net Income From Continuing And Discontinued Operation": -27400000.0,
        "Total Expenses": 198700000.0,
        "Rent Expense Supplemental": 1600000.0,
        "Total Operating Income As Reported": 400000.0,
        "Diluted Average Shares": NaN,
        "Basic Average Shares": NaN,
        "Diluted EPS": NaN,
        "Basic EPS": NaN,
        "Diluted NI Availto Com Stockholders": -27400000.0,
        "Net Income Common Stockholders": -27400000.0,
        "Net Income": -27400000.0,
        "Net Income Including Noncontrolling Interests": -27400000.0,
        "Net Income Continuous Operations": -27400000.0,
        "Tax Provision": -3400000.0,
        "Pretax Income": -30800000.0,
        "Other Income Expense": -30800000.0,
        "Other Non Operating Income Expenses": 100000.0,
        "Special Income Charges": 0.0,
        "Gain On Sale Of Ppe": 0.0,
        "Other Special Charges": NaN,
        "Gain On Sale Of Security": -30900000.0,
        "Net Non Operating Interest Income Expense": -500000.0,
        "Total Other Finance Cost": 1400000.0,
        "Interest Expense Non Operating": 1000000.0,
        "Interest Income Non Operating": 1900000.0,
        "Operating Income": 500000.0,
        "Operating Expense": 11900000.0,
        "Other Operating Expenses": 2400000.0,
        "Selling General And Administration": 9500000.0,
        "General And Administrative Expense": 9500000.0,
        "Other Gand A": 6600000.0,
        "Salaries And Wages": 2900000.0,
        "Gross Profit": 12400000.0,
        "Cost Of Revenue": 186800000.0,
        "Total Revenue": 199200000.0,
        "Operating Revenue": 199200000.0
    },
    "2023-09-30": {
        "Tax Effect Of Unusual Items": NaN,
        "Tax Rate For Calcs": NaN,
        "Normalized EBITDA": NaN,
        "Total Unusual Items": NaN,
        "Total Unusual Items Excluding Goodwill": NaN,
        "Net Income From Continuing Operation Net Minority Interest": NaN,
        "Reconciled Depreciation": NaN,
        "Reconciled Cost Of Revenue": NaN,
        "EBITDA": NaN,
        "EBIT": NaN,
        "Net Interest Income": NaN,
        "Interest Expense": NaN,
        "Interest Income": NaN,
        "Normalized Income": NaN,
        "Net Income From Continuing And Discontinued Operation": NaN,
        "Total Expenses": NaN,
        "Rent Expense Supplemental": NaN,
        "Total Operating Income As Reported": NaN,
        "Diluted Average Shares": 684500000.0,
        "Basic Average Shares": 684500000.0,
        "Diluted EPS": -0.003944,
        "Basic EPS": -0.003944,
        "Diluted NI Availto Com Stockholders": NaN,
        "Net Income Common Stockholders": NaN,
        "Net Income": NaN,
        "Net Income Including Noncontrolling Interests": NaN,
        "Net Income Continuous Operations": NaN,
        "Tax Provision": NaN,
        "Pretax Income": NaN,
        "Other Income Expense": NaN,
        "Other Non Operating Income Expenses": NaN,
        "Special Income Charges": NaN,
        "Gain On Sale Of Ppe": NaN,
        "Other Special Charges": NaN,
        "Gain On Sale Of Security": NaN,
        "Net Non Operating Interest Income Expense": NaN,
        "Total Other Finance Cost": NaN,
        "Interest Expense Non Operating": NaN,
        "Interest Income Non Operating": NaN,
        "Operating Income": NaN,
        "Operating Expense": NaN,
        "Other Operating Expenses": NaN,
        "Selling General And Administration": NaN,
        "General And Administrative Expense": NaN,
        "Other Gand A": NaN,
        "Salaries And Wages": NaN,
        "Gross Profit": NaN,
        "Cost Of Revenue": NaN,
        "Total Revenue": NaN,
        "Operating Revenue": NaN
    },
    "2023-06-30": {
        "Tax Effect Of Unusual Items": NaN,
        "Tax Rate For Calcs": NaN,
        "Normalized EBITDA": NaN,
        "Total Unusual Items": NaN,
        "Total Unusual Items Excluding Goodwill": NaN,
        "Net Income From Continuing Operation Net Minority Interest": NaN,
        "Reconciled Depreciation": NaN,
        "Reconciled Cost Of Revenue": NaN,
        "EBITDA": NaN,
        "EBIT": NaN,
        "Net Interest Income": NaN,
        "Interest Expense": NaN,
        "Interest Income": NaN,
        "Normalized Income": NaN,
        "Net Income From Continuing And Discontinued Operation": NaN,
        "Total Expenses": NaN,
        "Rent Expense Supplemental": NaN,
        "Total Operating Income As Reported": NaN,
        "Diluted Average Shares": 683200000.0,
        "Basic Average Shares": 683200000.0,
        "Diluted EPS": -0.003806,
        "Basic EPS": -0.003806,
        "Diluted NI Availto Com Stockholders": NaN,
        "Net Income Common Stockholders": NaN,
        "Net Income": NaN,
        "Net Income Including Noncontrolling Interests": NaN,
        "Net Income Continuous Operations": NaN,
        "Tax Provision": NaN,
        "Pretax Income": NaN,
        "Other Income Expense": NaN,
        "Other Non Operating Income Expenses": NaN,
        "Special Income Charges": NaN,
        "Gain On Sale Of Ppe": NaN,
        "Other Special Charges": NaN,
        "Gain On Sale Of Security": NaN,
        "Net Non Operating Interest Income Expense": NaN,
        "Total Other Finance Cost": NaN,
        "Interest Expense Non Operating": NaN,
        "Interest Income Non Operating": NaN,
        "Operating Income": NaN,
        "Operating Expense": NaN,
        "Other Operating Expenses": NaN,
        "Selling General And Administration": NaN,
        "General And Administrative Expense": NaN,
        "Other Gand A": NaN,
        "Salaries And Wages": NaN,
        "Gross Profit": NaN,
        "Cost Of Revenue": NaN,
        "Total Revenue": NaN,
        "Operating Revenue": NaN
    },
    "2023-03-31": {
        "Tax Effect Of Unusual Items": NaN,
        "Tax Rate For Calcs": NaN,
        "Normalized EBITDA": NaN,
        "Total Unusual Items": NaN,
        "Total Unusual Items Excluding Goodwill": NaN,
        "Net Income From Continuing Operation Net Minority Interest": NaN,
        "Reconciled Depreciation": NaN,
        "Reconciled Cost Of Revenue": NaN,
        "EBITDA": NaN,
        "EBIT": NaN,
        "Net Interest Income": NaN,
        "Interest Expense": NaN,
        "Interest Income": NaN,
        "Normalized Income": NaN,
        "Net Income From Continuing And Discontinued Operation": NaN,
        "Total Expenses": NaN,
        "Rent Expense Supplemental": NaN,
        "Total Operating Income As Reported": NaN,
        "Diluted Average Shares": 682700000.0,
        "Basic Average Shares": 682700000.0,
        "Diluted EPS": -0.05,
        "Basic EPS": -0.05,
        "Diluted NI Availto Com Stockholders": NaN,
        "Net Income Common Stockholders": NaN,
        "Net Income": NaN,
        "Net Income Including Noncontrolling Interests": NaN,
        "Net Income Continuous Operations": NaN,
        "Tax Provision": NaN,
        "Pretax Income": NaN,
        "Other Income Expense": NaN,
        "Other Non Operating Income Expenses": NaN,
        "Special Income Charges": NaN,
        "Gain On Sale Of Ppe": NaN,
        "Other Special Charges": NaN,
        "Gain On Sale Of Security": NaN,
        "Net Non Operating Interest Income Expense": NaN,
        "Total Other Finance Cost": NaN,
        "Interest Expense Non Operating": NaN,
        "Interest Income Non Operating": NaN,
        "Operating Income": NaN,
        "Operating Expense": NaN,
        "Other Operating Expenses": NaN,
        "Selling General And Administration": NaN,
        "General And Administrative Expense": NaN,
        "Other Gand A": NaN,
        "Salaries And Wages": NaN,
        "Gross Profit": NaN,
        "Cost Of Revenue": NaN,
        "Total Revenue": NaN,
        "Operating Revenue": NaN
    },
    "2022-12-31": {
        "Tax Effect Of Unusual Items": NaN,
        "Tax Rate For Calcs": NaN,
        "Normalized EBITDA": NaN,
        "Total Unusual Items": NaN,
        "Total Unusual Items Excluding Goodwill": NaN,
        "Net Income From Continuing Operation Net Minority Interest": NaN,
        "Reconciled Depreciation": NaN,
        "Reconciled Cost Of Revenue": NaN,
        "EBITDA": NaN,
        "EBIT": NaN,
        "Net Interest Income": NaN,
        "Interest Expense": NaN,
        "Interest Income": NaN,
        "Normalized Income": NaN,
        "Net Income From Continuing And Discontinued Operation": NaN,
        "Total Expenses": NaN,
        "Rent Expense Supplemental": NaN,
        "Total Operating Income As Reported": NaN,
        "Diluted Average Shares": NaN,
        "Basic Average Shares": NaN,
        "Diluted EPS": NaN,
        "Basic EPS": NaN,
        "Diluted NI Availto Com Stockholders": NaN,
        "Net Income Common Stockholders": NaN,
        "Net Income": NaN,
        "Net Income Including Noncontrolling Interests": NaN,
        "Net Income Continuous Operations": NaN,
        "Tax Provision": NaN,
        "Pretax Income": NaN,
        "Other Income Expense": NaN,
        "Other Non Operating Income Expenses": 500000.0,
        "Special Income Charges": NaN,
        "Gain On Sale Of Ppe": NaN,
        "Other Special Charges": NaN,
        "Gain On Sale Of Security": NaN,
        "Net Non Operating Interest Income Expense": NaN,
        "Total Other Finance Cost": NaN,
        "Interest Expense Non Operating": NaN,
        "Interest Income Non Operating": NaN,
        "Operating Income": NaN,
        "Operating Expense": NaN,
        "Other Operating Expenses": NaN,
        "Selling General And Administration": NaN,
        "General And Administrative Expense": NaN,
        "Other Gand A": NaN,
        "Salaries And Wages": NaN,
        "Gross Profit": NaN,
        "Cost Of Revenue": NaN,
        "Total Revenue": NaN,
        "Operating Revenue": NaN
    },
    "2022-09-30": {
        "Tax Effect Of Unusual Items": NaN,
        "Tax Rate For Calcs": NaN,
        "Normalized EBITDA": NaN,
        "Total Unusual Items": NaN,
        "Total Unusual Items Excluding Goodwill": NaN,
        "Net Income From Continuing Operation Net Minority Interest": NaN,
        "Reconciled Depreciation": NaN,
        "Reconciled Cost Of Revenue": NaN,
        "EBITDA": NaN,
        "EBIT": NaN,
        "Net Interest Income": NaN,
        "Interest Expense": NaN,
        "Interest Income": NaN,
        "Normalized Income": NaN,
        "Net Income From Continuing And Discontinued Operation": NaN,
        "Total Expenses": NaN,
        "Rent Expense Supplemental": NaN,
        "Total Operating Income As Reported": NaN,
        "Diluted Average Shares": 682300000.0,
        "Basic Average Shares": 682300000.0,
        "Diluted EPS": -0.01,
        "Basic EPS": -0.01,
        "Diluted NI Availto Com Stockholders": NaN,
        "Net Income Common Stockholders": NaN,
        "Net Income": NaN,
        "Net Income Including Noncontrolling Interests": NaN,
        "Net Income Continuous Operations": NaN,
        "Tax Provision": NaN,
        "Pretax Income": NaN,
        "Other Income Expense": NaN,
        "Other Non Operating Income Expenses": -500000.0,
        "Special Income Charges": NaN,
        "Gain On Sale Of Ppe": NaN,
        "Gain On Sale Of Security": NaN,
        "Net Non Operating Interest Income Expense": NaN,
        "Total Other Finance Cost": NaN,
        "Interest Expense Non Operating": NaN,
        "Interest Income Non Operating": NaN,
        "Operating Income": NaN,
        "Operating Expense": NaN,
        "Other Operating Expenses": NaN,
        "Selling General And Administration": NaN,
        "General And Administrative Expense": NaN,
        "Other Gand A": NaN,
        "Salaries And Wages": NaN,
        "Gross Profit": NaN,
        "Cost Of Revenue": NaN,
        "Total Revenue": NaN,
        "Operating Revenue": NaN
    },
    "2024-06-30": {
        "Tax Effect Of Unusual Items": 60000.0,
        "Tax Rate For Calcs": 0.15,
        "Normalized EBITDA": 92900000.0,
        "Total Unusual Items": 400000.0,
        "Total Unusual Items Excluding Goodwill": 400000.0,
        "Net Income From Continuing Operation Net Minority Interest": 53100000.0,
        "Reconciled Depreciation": 70000000.0,
        "Reconciled Cost Of Revenue": 179300000.0,
        "EBITDA": 93300000.0,
        "EBIT": 23300000.0,
        "Net Interest Income": -500000.0,
        "Interest Expense": 300000.0,
        "Interest Income": 1800000.0,
        "Normalized Income": 52760000.0,
        "Net Income From Continuing And Discontinued Operation": 53100000.0,
        "Total Expenses": 194200000.0,
        "Rent Expense Supplemental": 2200000.0,
        "Total Operating Income As Reported": 24000000.0,
        "Diluted Average Shares": 744900000.0,
        "Basic Average Shares": 738600000.0,
        "Diluted EPS": 0.07,
        "Basic EPS": 0.07,
        "Diluted NI Availto Com Stockholders": 53100000.0,
        "Net Income Common Stockholders": 53100000.0,
        "Net Income": 53100000.0,
        "Net Income Including Noncontrolling Interests": 53100000.0,
        "Net Income Continuous Operations": 53100000.0,
        "Tax Provision": -30100000.0,
        "Pretax Income": 23000000.0,
        "Other Income Expense": -500000.0,
        "Other Non Operating Income Expenses": -900000.0,
        "Special Income Charges": 41700000.0,
        "Gain On Sale Of Ppe": -600000.0,
        "Other Special Charges": -42300000.0,
        "Gain On Sale Of Security": -41300000.0,
        "Net Non Operating Interest Income Expense": -500000.0,
        "Total Other Finance Cost": 2000000.0,
        "Interest Expense Non Operating": 300000.0,
        "Interest Income Non Operating": 1800000.0,
        "Operating Income": 24000000.0,
        "Operating Expense": 14900000.0,
        "Other Operating Expenses": 6000000.0,
        "Selling General And Administration": 8900000.0,
        "General And Administrative Expense": 8900000.0,
        "Other Gand A": 5400000.0,
        "Salaries And Wages": 3500000.0,
        "Gross Profit": 38900000.0,
        "Cost Of Revenue": 179300000.0,
        "Total Revenue": 218200000.0,
        "Operating Revenue": 218200000.0
    },
    "2024-09-30": {
        "Tax Effect Of Unusual Items": -4050000.0,
        "Tax Rate For Calcs": 0.15,
        "Normalized EBITDA": 120700000.0,
        "Total Unusual Items": -27000000.0,
        "Total Unusual Items Excluding Goodwill": -27000000.0,
        "Net Income From Continuing Operation Net Minority Interest": 37900000.0,
        "Reconciled Depreciation": 58600000.0,
        "Reconciled Cost Of Revenue": 165900000.0,
        "EBITDA": 93700000.0,
        "EBIT": 35100000.0,
        "Net Interest Income": -800000.0,
        "Interest Expense": -1000000.0,
        "Interest Income": 1700000.0,
        "Normalized Income": 60850000.0,
        "Net Income From Continuing And Discontinued Operation": 37900000.0,
        "Total Expenses": 186000000.0,
        "Rent Expense Supplemental": 2400000.0,
        "Total Operating Income As Reported": 66000000.0,
        "Diluted Average Shares": 796100000.0,
        "Basic Average Shares": 790700000.0,
        "Diluted EPS": 0.05,
        "Basic EPS": 0.05,
        "Diluted NI Availto Com Stockholders": 37900000.0,
        "Net Income Common Stockholders": 37900000.0,
        "Net Income": 37900000.0,
        "Net Income Including Noncontrolling Interests": 37900000.0,
        "Net Income Continuous Operations": 37900000.0,
        "Tax Provision": -1800000.0,
        "Pretax Income": 36100000.0,
        "Other Income Expense": -29100000.0,
        "Other Non Operating Income Expenses": -2100000.0,
        "Special Income Charges": -100000.0,
        "Gain On Sale Of Ppe": -100000.0,
        "Other Special Charges": NaN,
        "Gain On Sale Of Security": -26900000.0,
        "Net Non Operating Interest Income Expense": -800000.0,
        "Total Other Finance Cost": 3500000.0,
        "Interest Expense Non Operating": -1000000.0,
        "Interest Income Non Operating": 1700000.0,
        "Operating Income": 66000000.0,
        "Operating Expense": 20100000.0,
        "Other Operating Expenses": 5700000.0,
        "Selling General And Administration": 14400000.0,
        "General And Administrative Expense": 14400000.0,
        "Other Gand A": 5500000.0,
        "Salaries And Wages": 8900000.0,
        "Gross Profit": 86100000.0,
        "Cost Of Revenue": 165900000.0,
        "Total Revenue": 252000000.0,
        "Operating Revenue": 252000000.0
    },
    "2024-12-31": {
        "Tax Effect Of Unusual Items": -529411.764706,
        "Tax Rate For Calcs": 0.147059,
        "Normalized EBITDA": 132500000.0,
        "Total Unusual Items": -3600000.0,
        "Total Unusual Items Excluding Goodwill": -3600000.0,
        "Net Income From Continuing Operation Net Minority Interest": 55100000.0,
        "Reconciled Depreciation": 56700000.0,
        "Reconciled Cost Of Revenue": 169100000.0,
        "EBITDA": 128900000.0,
        "EBIT": 72200000.0,
        "Net Interest Income": -8300000.0,
        "Interest Expense": 7600000.0,
        "Interest Income": 1300000.0,
        "Normalized Income": 58170588.235294,
        "Net Income From Continuing And Discontinued Operation": 55100000.0,
        "Total Expenses": 185000000.0,
        "Rent Expense Supplemental": 1500000.0,
        "Total Operating Income As Reported": 77200000.0,
        "Diluted Average Shares": NaN,
        "Basic Average Shares": NaN,
        "Diluted EPS": NaN,
        "Basic EPS": NaN,
        "Diluted NI Availto Com Stockholders": 55100000.0,
        "Net Income Common Stockholders": 55100000.0,
        "Net Income": 55100000.0,
        "Net Income Including Noncontrolling Interests": 55100000.0,
        "Net Income Continuous Operations": 55100000.0,
        "Tax Provision": 9500000.0,
        "Pretax Income": 64600000.0,
        "Other Income Expense": -4300000.0,
        "Other Non Operating Income Expenses": -700000.0,
        "Special Income Charges": 0.0,
        "Gain On Sale Of Ppe": 0.0,
        "Other Special Charges": 0.0,
        "Gain On Sale Of Security": -3600000.0,
        "Net Non Operating Interest Income Expense": -8300000.0,
        "Total Other Finance Cost": 2000000.0,
        "Interest Expense Non Operating": 7600000.0,
        "Interest Income Non Operating": 1300000.0,
        "Operating Income": 77200000.0,
        "Operating Expense": 15900000.0,
        "Other Operating Expenses": 7200000.0,
        "Selling General And Administration": 8700000.0,
        "General And Administrative Expense": 8700000.0,
        "Other Gand A": 8200000.0,
        "Salaries And Wages": 500000.0,
        "Gross Profit": 93100000.0,
        "Cost Of Revenue": 169100000.0,
        "Total Revenue": 262200000.0,
        "Operating Revenue": 262200000.0
    }
}