{
    "2023-12-31": {
        "Tax Effect Of Unusual Items": 3241055.502523,
        "Tax Rate For Calcs": 0.237284,
        "Normalized EBITDA": 34830000.0,
        "Total Unusual Items": 13659000.0,
        "Total Unusual Items Excluding Goodwill": 13659000.0,
        "Net Income From Continuing Operation Net Minority Interest": 28406000.0,
        "Reconciled Depreciation": 11768000.0,
        "Reconciled Cost Of Revenue": 186562000.0,
        "EBITDA": 48489000.0,
        "EBIT": 36721000.0,
        "Net Interest Income": 2756000.0,
        "Interest Expense": 56000.0,
        "Interest Income": 2812000.0,
        "Normalized Income": 17988055.502523,
        "Net Income From Continuing And Discontinued Operation": 28406000.0,
        "Total Expenses": 280738000.0,
        "Rent Expense Supplemental": 11438000.0,
        "Total Operating Income As Reported": 20120000.0,
        "Diluted Average Shares": 15486573.0,
        "Basic Average Shares": 15306253.0,
        "Diluted EPS": 1.83,
        "Basic EPS": 1.86,
        "Diluted NI Availto Com Stockholders": 28406000.0,
        "Net Income Common Stockholders": 28406000.0,
        "Net Income": 28406000.0,
        "Minority Interests": 441000.0,
        "Net Income Including Noncontrolling Interests": 27965000.0,
        "Net Income Continuous Operations": 27965000.0,
        "Tax Provision": 8700000.0,
        "Pretax Income": 36665000.0,
        "Other Income Expense": 13733000.0,
        "Special Income Charges": NaN,
        "Gain On Sale Of Business": NaN,
        "Earnings From Equity Interest": 74000.0,
        "Gain On Sale Of Security": 13659000.0,
        "Net Non Operating Interest Income Expense": 2756000.0,
        "Interest Expense Non Operating": 56000.0,
        "Interest Income Non Operating": 2812000.0,
        "Operating Income": 20176000.0,
        "Operating Expense": 94176000.0,
        "Other Operating Expenses": 70970000.0,
        "Depreciation Amortization Depletion Income Statement": 11768000.0,
        "Depreciation And Amortization In Income Statement": 11768000.0,
        "Selling General And Administration": 11438000.0,
        "General And Administrative Expense": 11438000.0,
        "Rent And Landing Fees": 11438000.0,
        "Gross Profit": 114352000.0,
        "Cost Of Revenue": 186562000.0,
        "Total Revenue": 300914000.0,
        "Operating Revenue": 282997000.0
    },
    "2023-09-30": {
        "Tax Effect Of Unusual Items": NaN,
        "Tax Rate For Calcs": NaN,
        "Normalized EBITDA": NaN,
        "Total Unusual Items": NaN,
        "Total Unusual Items Excluding Goodwill": NaN,
        "Net Income From Continuing Operation Net Minority Interest": NaN,
        "Reconciled Depreciation": NaN,
        "Reconciled Cost Of Revenue": NaN,
        "EBITDA": NaN,
        "EBIT": NaN,
        "Net Interest Income": NaN,
        "Interest Expense": NaN,
        "Interest Income": NaN,
        "Normalized Income": NaN,
        "Net Income From Continuing And Discontinued Operation": NaN,
        "Total Expenses": NaN,
        "Rent Expense Supplemental": NaN,
        "Total Operating Income As Reported": NaN,
        "Diluted Average Shares": NaN,
        "Basic Average Shares": NaN,
        "Diluted EPS": NaN,
        "Basic EPS": NaN,
        "Diluted NI Availto Com Stockholders": NaN,
        "Net Income Common Stockholders": NaN,
        "Net Income": NaN,
        "Minority Interests": NaN,
        "Net Income Including Noncontrolling Interests": NaN,
        "Net Income Continuous Operations": NaN,
        "Tax Provision": NaN,
        "Pretax Income": NaN,
        "Other Income Expense": NaN,
        "Special Income Charges": 0.0,
        "Gain On Sale Of Business": 0.0,
        "Earnings From Equity Interest": NaN,
        "Gain On Sale Of Security": NaN,
        "Net Non Operating Interest Income Expense": NaN,
        "Interest Expense Non Operating": NaN,
        "Interest Income Non Operating": NaN,
        "Operating Income": NaN,
        "Operating Expense": NaN,
        "Other Operating Expenses": NaN,
        "Depreciation Amortization Depletion Income Statement": NaN,
        "Depreciation And Amortization In Income Statement": NaN,
        "Selling General And Administration": NaN,
        "General And Administrative Expense": NaN,
        "Rent And Landing Fees": NaN,
        "Gross Profit": NaN,
        "Cost Of Revenue": NaN,
        "Total Revenue": NaN,
        "Operating Revenue": NaN
    },
    "2023-06-30": {
        "Tax Effect Of Unusual Items": NaN,
        "Tax Rate For Calcs": NaN,
        "Normalized EBITDA": NaN,
        "Total Unusual Items": NaN,
        "Total Unusual Items Excluding Goodwill": NaN,
        "Net Income From Continuing Operation Net Minority Interest": NaN,
        "Reconciled Depreciation": NaN,
        "Reconciled Cost Of Revenue": NaN,
        "EBITDA": NaN,
        "EBIT": NaN,
        "Net Interest Income": NaN,
        "Interest Expense": NaN,
        "Interest Income": NaN,
        "Normalized Income": NaN,
        "Net Income From Continuing And Discontinued Operation": NaN,
        "Total Expenses": NaN,
        "Rent Expense Supplemental": NaN,
        "Total Operating Income As Reported": NaN,
        "Diluted Average Shares": NaN,
        "Basic Average Shares": NaN,
        "Diluted EPS": NaN,
        "Basic EPS": NaN,
        "Diluted NI Availto Com Stockholders": NaN,
        "Net Income Common Stockholders": NaN,
        "Net Income": NaN,
        "Minority Interests": NaN,
        "Net Income Including Noncontrolling Interests": NaN,
        "Net Income Continuous Operations": NaN,
        "Tax Provision": NaN,
        "Pretax Income": NaN,
        "Other Income Expense": NaN,
        "Special Income Charges": 0.0,
        "Gain On Sale Of Business": 0.0,
        "Earnings From Equity Interest": NaN,
        "Gain On Sale Of Security": NaN,
        "Net Non Operating Interest Income Expense": NaN,
        "Interest Expense Non Operating": NaN,
        "Interest Income Non Operating": NaN,
        "Operating Income": NaN,
        "Operating Expense": NaN,
        "Other Operating Expenses": NaN,
        "Depreciation Amortization Depletion Income Statement": NaN,
        "Depreciation And Amortization In Income Statement": NaN,
        "Selling General And Administration": NaN,
        "General And Administrative Expense": NaN,
        "Rent And Landing Fees": NaN,
        "Gross Profit": NaN,
        "Cost Of Revenue": NaN,
        "Total Revenue": NaN,
        "Operating Revenue": NaN
    },
    "2023-03-31": {
        "Tax Effect Of Unusual Items": NaN,
        "Tax Rate For Calcs": NaN,
        "Normalized EBITDA": NaN,
        "Total Unusual Items": NaN,
        "Total Unusual Items Excluding Goodwill": NaN,
        "Net Income From Continuing Operation Net Minority Interest": NaN,
        "Reconciled Depreciation": NaN,
        "Reconciled Cost Of Revenue": NaN,
        "EBITDA": NaN,
        "EBIT": NaN,
        "Net Interest Income": NaN,
        "Interest Expense": NaN,
        "Interest Income": NaN,
        "Normalized Income": NaN,
        "Net Income From Continuing And Discontinued Operation": NaN,
        "Total Expenses": NaN,
        "Rent Expense Supplemental": NaN,
        "Total Operating Income As Reported": NaN,
        "Diluted Average Shares": NaN,
        "Basic Average Shares": NaN,
        "Diluted EPS": NaN,
        "Basic EPS": NaN,
        "Diluted NI Availto Com Stockholders": NaN,
        "Net Income Common Stockholders": NaN,
        "Net Income": NaN,
        "Minority Interests": NaN,
        "Net Income Including Noncontrolling Interests": NaN,
        "Net Income Continuous Operations": NaN,
        "Tax Provision": NaN,
        "Pretax Income": NaN,
        "Other Income Expense": NaN,
        "Special Income Charges": NaN,
        "Gain On Sale Of Business": NaN,
        "Earnings From Equity Interest": NaN,
        "Gain On Sale Of Security": NaN,
        "Net Non Operating Interest Income Expense": NaN,
        "Interest Expense Non Operating": NaN,
        "Interest Income Non Operating": NaN,
        "Operating Income": NaN,
        "Operating Expense": NaN,
        "Other Operating Expenses": NaN,
        "Depreciation Amortization Depletion Income Statement": NaN,
        "Depreciation And Amortization In Income Statement": NaN,
        "Selling General And Administration": NaN,
        "General And Administrative Expense": NaN,
        "Rent And Landing Fees": NaN,
        "Salaries And Wages": 167824000.0,
        "Gross Profit": NaN,
        "Cost Of Revenue": NaN,
        "Total Revenue": NaN,
        "Operating Revenue": NaN
    },
    "2024-03-31": {
        "Tax Effect Of Unusual Items": 4630983.05939,
        "Tax Rate For Calcs": 0.264946,
        "Normalized EBITDA": 28866000.0,
        "Total Unusual Items": 17479000.0,
        "Total Unusual Items Excluding Goodwill": 17479000.0,
        "Net Income From Continuing Operation Net Minority Interest": 26213000.0,
        "Reconciled Depreciation": 10586000.0,
        "Reconciled Cost Of Revenue": 183138000.0,
        "EBITDA": 46345000.0,
        "EBIT": 35759000.0,
        "Net Interest Income": 2492000.0,
        "Interest Expense": 46000.0,
        "Interest Income": 2538000.0,
        "Normalized Income": 13364983.05939,
        "Net Income From Continuing And Discontinued Operation": 26213000.0,
        "Total Expenses": 281501000.0,
        "Rent Expense Supplemental": 10348000.0,
        "Total Operating Income As Reported": 15675000.0,
        "Diluted Average Shares": 15505096.0,
        "Basic Average Shares": 15350240.0,
        "Diluted EPS": 1.69,
        "Basic EPS": 1.71,
        "Diluted NI Availto Com Stockholders": 26213000.0,
        "Net Income Common Stockholders": 26213000.0,
        "Net Income": 26213000.0,
        "Minority Interests": -38000.0,
        "Net Income Including Noncontrolling Interests": 26251000.0,
        "Net Income Continuous Operations": 26251000.0,
        "Tax Provision": 9462000.0,
        "Pretax Income": 35713000.0,
        "Other Income Expense": 17546000.0,
        "Special Income Charges": 1024000.0,
        "Gain On Sale Of Business": 1024000.0,
        "Earnings From Equity Interest": 67000.0,
        "Gain On Sale Of Security": 16455000.0,
        "Net Non Operating Interest Income Expense": 2492000.0,
        "Interest Expense Non Operating": 46000.0,
        "Interest Income Non Operating": 2538000.0,
        "Operating Income": 15675000.0,
        "Operating Expense": 98363000.0,
        "Other Operating Expenses": 77429000.0,
        "Depreciation Amortization Depletion Income Statement": 10586000.0,
        "Depreciation And Amortization In Income Statement": 10586000.0,
        "Selling General And Administration": 10348000.0,
        "General And Administrative Expense": 10348000.0,
        "Rent And Landing Fees": 10348000.0,
        "Gross Profit": 114038000.0,
        "Cost Of Revenue": 183138000.0,
        "Total Revenue": 297176000.0,
        "Operating Revenue": 285823000.0
    },
    "2022-12-31": {
        "Tax Effect Of Unusual Items": NaN,
        "Tax Rate For Calcs": NaN,
        "Normalized EBITDA": NaN,
        "Total Unusual Items": NaN,
        "Total Unusual Items Excluding Goodwill": NaN,
        "Net Income From Continuing Operation Net Minority Interest": NaN,
        "Reconciled Depreciation": NaN,
        "Reconciled Cost Of Revenue": NaN,
        "EBITDA": NaN,
        "EBIT": NaN,
        "Net Interest Income": NaN,
        "Interest Expense": NaN,
        "Interest Income": NaN,
        "Normalized Income": NaN,
        "Net Income From Continuing And Discontinued Operation": NaN,
        "Total Expenses": NaN,
        "Rent Expense Supplemental": NaN,
        "Total Operating Income As Reported": NaN,
        "Diluted Average Shares": NaN,
        "Basic Average Shares": NaN,
        "Diluted EPS": NaN,
        "Basic EPS": NaN,
        "Diluted NI Availto Com Stockholders": NaN,
        "Net Income Common Stockholders": NaN,
        "Net Income": NaN,
        "Minority Interests": NaN,
        "Net Income Including Noncontrolling Interests": NaN,
        "Net Income Continuous Operations": NaN,
        "Tax Provision": NaN,
        "Pretax Income": NaN,
        "Other Income Expense": NaN,
        "Special Income Charges": 3728000.0,
        "Gain On Sale Of Business": NaN,
        "Restructuring And Mergern Acquisition": 0.0,
        "Earnings From Equity Interest": NaN,
        "Gain On Sale Of Security": NaN,
        "Net Non Operating Interest Income Expense": NaN,
        "Interest Expense Non Operating": NaN,
        "Interest Income Non Operating": NaN,
        "Operating Income": NaN,
        "Operating Expense": NaN,
        "Other Operating Expenses": NaN,
        "Depreciation Amortization Depletion Income Statement": NaN,
        "Depreciation And Amortization In Income Statement": NaN,
        "Selling General And Administration": NaN,
        "General And Administrative Expense": NaN,
        "Rent And Landing Fees": NaN,
        "Salaries And Wages": 167341000.0,
        "Gross Profit": NaN,
        "Cost Of Revenue": NaN,
        "Total Revenue": NaN,
        "Operating Revenue": NaN
    },
    "2022-09-30": {
        "Tax Effect Of Unusual Items": NaN,
        "Tax Rate For Calcs": NaN,
        "Normalized EBITDA": NaN,
        "Total Unusual Items": NaN,
        "Total Unusual Items Excluding Goodwill": NaN,
        "Net Income From Continuing Operation Net Minority Interest": NaN,
        "Reconciled Depreciation": NaN,
        "Reconciled Cost Of Revenue": NaN,
        "EBITDA": NaN,
        "EBIT": NaN,
        "Net Interest Income": NaN,
        "Interest Expense": NaN,
        "Interest Income": NaN,
        "Normalized Income": NaN,
        "Net Income From Continuing And Discontinued Operation": NaN,
        "Total Expenses": NaN,
        "Rent Expense Supplemental": NaN,
        "Total Operating Income As Reported": NaN,
        "Diluted Average Shares": NaN,
        "Basic Average Shares": NaN,
        "Diluted EPS": NaN,
        "Basic EPS": NaN,
        "Diluted NI Availto Com Stockholders": NaN,
        "Net Income Common Stockholders": NaN,
        "Net Income": NaN,
        "Minority Interests": NaN,
        "Net Income Including Noncontrolling Interests": NaN,
        "Net Income Continuous Operations": NaN,
        "Tax Provision": NaN,
        "Pretax Income": NaN,
        "Other Income Expense": NaN,
        "Special Income Charges": 0.0,
        "Gain On Sale Of Business": NaN,
        "Restructuring And Mergern Acquisition": 0.0,
        "Earnings From Equity Interest": NaN,
        "Gain On Sale Of Security": NaN,
        "Net Non Operating Interest Income Expense": NaN,
        "Interest Expense Non Operating": NaN,
        "Interest Income Non Operating": NaN,
        "Operating Income": NaN,
        "Operating Expense": NaN,
        "Other Operating Expenses": NaN,
        "Depreciation Amortization Depletion Income Statement": NaN,
        "Depreciation And Amortization In Income Statement": NaN,
        "Selling General And Administration": NaN,
        "General And Administrative Expense": NaN,
        "Rent And Landing Fees": NaN,
        "Salaries And Wages": 173198000.0,
        "Gross Profit": NaN,
        "Cost Of Revenue": NaN,
        "Total Revenue": NaN,
        "Operating Revenue": NaN
    },
    "2024-06-30": {
        "Tax Effect Of Unusual Items": 2813959.344262,
        "Tax Rate For Calcs": 0.259399,
        "Normalized EBITDA": 35090000.0,
        "Total Unusual Items": 10848000.0,
        "Total Unusual Items Excluding Goodwill": 10848000.0,
        "Net Income From Continuing Operation Net Minority Interest": 26844000.0,
        "Reconciled Depreciation": 9338000.0,
        "Reconciled Cost Of Revenue": 180076000.0,
        "EBITDA": 45938000.0,
        "EBIT": 36600000.0,
        "Net Interest Income": 2648000.0,
        "Interest Expense": 0.0,
        "Interest Income": 2648000.0,
        "Normalized Income": 18809959.344262,
        "Net Income From Continuing And Discontinued Operation": 26844000.0,
        "Total Expenses": 268693000.0,
        "Rent Expense Supplemental": 10570000.0,
        "Total Operating Income As Reported": 22520000.0,
        "Diluted Average Shares": 15555612.0,
        "Basic Average Shares": 15391535.0,
        "Diluted EPS": 1.73,
        "Basic EPS": 1.74,
        "Diluted NI Availto Com Stockholders": 26844000.0,
        "Net Income Common Stockholders": 26844000.0,
        "Net Income": 26844000.0,
        "Minority Interests": -262000.0,
        "Net Income Including Noncontrolling Interests": 27106000.0,
        "Net Income Continuous Operations": 27106000.0,
        "Tax Provision": 9494000.0,
        "Pretax Income": 36600000.0,
        "Other Income Expense": 11432000.0,
        "Special Income Charges": 0.0,
        "Gain On Sale Of Business": 0.0,
        "Earnings From Equity Interest": 584000.0,
        "Gain On Sale Of Security": 10848000.0,
        "Net Non Operating Interest Income Expense": 2648000.0,
        "Interest Expense Non Operating": 0.0,
        "Interest Income Non Operating": 2648000.0,
        "Operating Income": 22520000.0,
        "Operating Expense": 88617000.0,
        "Other Operating Expenses": 68709000.0,
        "Depreciation Amortization Depletion Income Statement": 9338000.0,
        "Depreciation And Amortization In Income Statement": 9338000.0,
        "Selling General And Administration": 10570000.0,
        "General And Administrative Expense": 10570000.0,
        "Rent And Landing Fees": 10570000.0,
        "Gross Profit": 111137000.0,
        "Cost Of Revenue": 180076000.0,
        "Total Revenue": 291213000.0,
        "Operating Revenue": 279918000.0
    },
    "2024-09-30": {
        "Tax Effect Of Unusual Items": 9094800.0,
        "Tax Rate For Calcs": 0.264,
        "Normalized EBITDA": 35949000.0,
        "Total Unusual Items": 34450000.0,
        "Total Unusual Items Excluding Goodwill": 34450000.0,
        "Net Income From Continuing Operation Net Minority Interest": 42789000.0,
        "Reconciled Depreciation": 10619000.0,
        "Reconciled Cost Of Revenue": 213395000.0,
        "EBITDA": 70399000.0,
        "EBIT": 59780000.0,
        "Net Interest Income": 861000.0,
        "Interest Expense": 1742000.0,
        "Interest Income": 2603000.0,
        "Normalized Income": 17433800.0,
        "Net Income From Continuing And Discontinued Operation": 42789000.0,
        "Total Expenses": 317409000.0,
        "Rent Expense Supplemental": 10886000.0,
        "Total Operating Income As Reported": 21047000.0,
        "Diluted Average Shares": 15667321.0,
        "Basic Average Shares": 15411680.0,
        "Diluted EPS": 2.73,
        "Basic EPS": 2.78,
        "Diluted NI Availto Com Stockholders": 42789000.0,
        "Net Income Common Stockholders": 42789000.0,
        "Net Income": 42789000.0,
        "Minority Interests": 89000.0,
        "Net Income Including Noncontrolling Interests": 42700000.0,
        "Net Income Continuous Operations": 42700000.0,
        "Tax Provision": 15338000.0,
        "Pretax Income": 58038000.0,
        "Other Income Expense": 34388000.0,
        "Special Income Charges": 0.0,
        "Gain On Sale Of Business": 0.0,
        "Earnings From Equity Interest": -62000.0,
        "Gain On Sale Of Security": 34450000.0,
        "Net Non Operating Interest Income Expense": 861000.0,
        "Interest Expense Non Operating": 1742000.0,
        "Interest Income Non Operating": 2603000.0,
        "Operating Income": 22789000.0,
        "Operating Expense": 104014000.0,
        "Other Operating Expenses": 82509000.0,
        "Depreciation Amortization Depletion Income Statement": 10619000.0,
        "Depreciation And Amortization In Income Statement": 10619000.0,
        "Selling General And Administration": 10886000.0,
        "General And Administrative Expense": 10886000.0,
        "Rent And Landing Fees": 10886000.0,
        "Gross Profit": 126803000.0,
        "Cost Of Revenue": 213395000.0,
        "Total Revenue": 340198000.0,
        "Operating Revenue": 328674000.0
    },
    "2024-12-31": {
        "Tax Effect Of Unusual Items": -105495.789995,
        "Tax Rate For Calcs": 0.004623,
        "Normalized EBITDA": 42667000.0,
        "Total Unusual Items": -22821000.0,
        "Total Unusual Items Excluding Goodwill": -22821000.0,
        "Net Income From Continuing Operation Net Minority Interest": 6081000.0,
        "Reconciled Depreciation": 11442000.0,
        "Reconciled Cost Of Revenue": 234321000.0,
        "EBITDA": 19846000.0,
        "EBIT": 8404000.0,
        "Net Interest Income": -33000.0,
        "Interest Expense": 2347000.0,
        "Interest Income": 2314000.0,
        "Normalized Income": 28796504.210005,
        "Net Income From Continuing And Discontinued Operation": 6081000.0,
        "Total Expenses": 340439000.0,
        "Rent Expense Supplemental": 11378000.0,
        "Total Operating Income As Reported": 26564000.0,
        "Diluted Average Shares": 15665025.0,
        "Basic Average Shares": 15420658.0,
        "Diluted EPS": 0.39,
        "Basic EPS": 0.39,
        "Diluted NI Availto Com Stockholders": 6081000.0,
        "Net Income Common Stockholders": 6081000.0,
        "Net Income": 6081000.0,
        "Minority Interests": 52000.0,
        "Net Income Including Noncontrolling Interests": 6029000.0,
        "Net Income Continuous Operations": 6029000.0,
        "Tax Provision": 28000.0,
        "Pretax Income": 6057000.0,
        "Other Income Expense": -22821000.0,
        "Special Income Charges": 0.0,
        "Gain On Sale Of Business": 0.0,
        "Earnings From Equity Interest": 0.0,
        "Gain On Sale Of Security": -22821000.0,
        "Net Non Operating Interest Income Expense": -33000.0,
        "Interest Expense Non Operating": 2347000.0,
        "Interest Income Non Operating": 2314000.0,
        "Operating Income": 28911000.0,
        "Operating Expense": 106118000.0,
        "Other Operating Expenses": 83298000.0,
        "Depreciation Amortization Depletion Income Statement": 11442000.0,
        "Depreciation And Amortization In Income Statement": 11442000.0,
        "Selling General And Administration": 11378000.0,
        "General And Administrative Expense": 11378000.0,
        "Rent And Landing Fees": 11378000.0,
        "Gross Profit": 135029000.0,
        "Cost Of Revenue": 234321000.0,
        "Total Revenue": 369350000.0,
        "Operating Revenue": 357344000.0
    },
    "2025-03-31": {
        "Tax Effect Of Unusual Items": 3376296.0,
        "Tax Rate For Calcs": 0.261,
        "Normalized EBITDA": 43870000.0,
        "Total Unusual Items": 12936000.0,
        "Total Unusual Items Excluding Goodwill": 12936000.0,
        "Net Income From Continuing Operation Net Minority Interest": 32205000.0,
        "Reconciled Depreciation": 10978000.0,
        "Reconciled Cost Of Revenue": 228130000.0,
        "EBITDA": 56806000.0,
        "EBIT": 45828000.0,
        "Net Interest Income": 19000.0,
        "Interest Expense": 2106000.0,
        "Interest Income": 2125000.0,
        "Normalized Income": 22645296.0,
        "Net Income From Continuing And Discontinued Operation": 32205000.0,
        "Total Expenses": 342930000.0,
        "Rent Expense Supplemental": 11365000.0,
        "Total Operating Income As Reported": 30767000.0,
        "Diluted Average Shares": 15575752.0,
        "Basic Average Shares": 15438306.0,
        "Diluted EPS": 2.07,
        "Basic EPS": 2.09,
        "Diluted NI Availto Com Stockholders": 32205000.0,
        "Net Income Common Stockholders": 32205000.0,
        "Net Income": 32205000.0,
        "Minority Interests": -85000.0,
        "Net Income Including Noncontrolling Interests": 32290000.0,
        "Net Income Continuous Operations": 32290000.0,
        "Tax Provision": 11432000.0,
        "Pretax Income": 43722000.0,
        "Other Income Expense": 12936000.0,
        "Special Income Charges": 0.0,
        "Gain On Sale Of Business": 0.0,
        "Earnings From Equity Interest": 0.0,
        "Gain On Sale Of Security": 12936000.0,
        "Net Non Operating Interest Income Expense": 19000.0,
        "Interest Expense Non Operating": 2106000.0,
        "Interest Income Non Operating": 2125000.0,
        "Operating Income": 30767000.0,
        "Operating Expense": 114800000.0,
        "Other Operating Expenses": 92457000.0,
        "Depreciation Amortization Depletion Income Statement": 10978000.0,
        "Depreciation And Amortization In Income Statement": 10978000.0,
        "Selling General And Administration": 11365000.0,
        "General And Administrative Expense": 11365000.0,
        "Rent And Landing Fees": 11365000.0,
        "Gross Profit": 145567000.0,
        "Cost Of Revenue": 228130000.0,
        "Total Revenue": 373697000.0,
        "Operating Revenue": 361607000.0
    },
    "2025-06-30": {
        "Tax Effect Of Unusual Items": -784516.134046,
        "Tax Rate For Calcs": 0.250404,
        "Normalized EBITDA": 48309000.0,
        "Total Unusual Items": -3133000.0,
        "Total Unusual Items Excluding Goodwill": -3133000.0,
        "Net Income From Continuing Operation Net Minority Interest": 23722000.0,
        "Reconciled Depreciation": 11015000.0,
        "Reconciled Cost Of Revenue": 226534000.0,
        "EBITDA": 45176000.0,
        "EBIT": 34161000.0,
        "Net Interest Income": 595000.0,
        "Interest Expense": 1993000.0,
        "Interest Income": 2588000.0,
        "Normalized Income": 26070483.865954,
        "Net Income From Continuing And Discontinued Operation": 23722000.0,
        "Total Expenses": 340820000.0,
        "Rent Expense Supplemental": 11328000.0,
        "Total Operating Income As Reported": 34090000.0,
        "Diluted Average Shares": 15599638.0,
        "Basic Average Shares": 15462135.0,
        "Diluted EPS": 1.52,
        "Basic EPS": 1.53,
        "Diluted NI Availto Com Stockholders": 23722000.0,
        "Net Income Common Stockholders": 23722000.0,
        "Net Income": 23722000.0,
        "Minority Interests": -391000.0,
        "Net Income Including Noncontrolling Interests": 24113000.0,
        "Net Income Continuous Operations": 24113000.0,
        "Tax Provision": 8055000.0,
        "Pretax Income": 32168000.0,
        "Other Income Expense": -2517000.0,
        "Special Income Charges": 0.0,
        "Gain On Sale Of Business": 0.0,
        "Earnings From Equity Interest": 616000.0,
        "Gain On Sale Of Security": -3133000.0,
        "Net Non Operating Interest Income Expense": 595000.0,
        "Interest Expense Non Operating": 1993000.0,
        "Interest Income Non Operating": 2588000.0,
        "Operating Income": 34090000.0,
        "Operating Expense": 114286000.0,
        "Other Operating Expenses": 91943000.0,
        "Depreciation Amortization Depletion Income Statement": 11015000.0,
        "Depreciation And Amortization In Income Statement": 11015000.0,
        "Selling General And Administration": 11328000.0,
        "General And Administrative Expense": 11328000.0,
        "Rent And Landing Fees": 11328000.0,
        "Gross Profit": 148376000.0,
        "Cost Of Revenue": 226534000.0,
        "Total Revenue": 374910000.0,
        "Operating Revenue": 363349000.0
    }
}