{
    "2023-03-31": {
        "Tax Effect Of Unusual Items": NaN,
        "Tax Rate For Calcs": NaN,
        "Normalized EBITDA": NaN,
        "Total Unusual Items": NaN,
        "Total Unusual Items Excluding Goodwill": NaN,
        "Net Income From Continuing Operation Net Minority Interest": NaN,
        "Reconciled Depreciation": NaN,
        "Reconciled Cost Of Revenue": NaN,
        "EBITDA": NaN,
        "EBIT": NaN,
        "Net Interest Income": NaN,
        "Interest Expense": NaN,
        "Interest Income": NaN,
        "Normalized Income": NaN,
        "Net Income From Continuing And Discontinued Operation": NaN,
        "Total Expenses": NaN,
        "Total Operating Income As Reported": NaN,
        "Diluted Average Shares": NaN,
        "Basic Average Shares": NaN,
        "Diluted EPS": NaN,
        "Basic EPS": NaN,
        "Diluted NI Availto Com Stockholders": NaN,
        "Average Dilution Earnings": NaN,
        "Net Income Common Stockholders": NaN,
        "Otherunder Preferred Stock Dividend": NaN,
        "Preferred Stock Dividends": 13800000.0,
        "Net Income": NaN,
        "Minority Interests": NaN,
        "Net Income Including Noncontrolling Interests": NaN,
        "Net Income Continuous Operations": NaN,
        "Tax Provision": NaN,
        "Pretax Income": NaN,
        "Other Income Expense": NaN,
        "Other Non Operating Income Expenses": NaN,
        "Special Income Charges": NaN,
        "Gain On Sale Of Ppe": NaN,
        "Other Special Charges": NaN,
        "Write Off": NaN,
        "Net Non Operating Interest Income Expense": NaN,
        "Interest Expense Non Operating": NaN,
        "Interest Income Non Operating": NaN,
        "Operating Income": NaN,
        "Operating Expense": NaN,
        "Other Taxes": NaN,
        "Depreciation Amortization Depletion Income Statement": NaN,
        "Depreciation And Amortization In Income Statement": NaN,
        "Selling General And Administration": NaN,
        "General And Administrative Expense": NaN,
        "Salaries And Wages": NaN,
        "Gross Profit": NaN,
        "Cost Of Revenue": NaN,
        "Total Revenue": NaN,
        "Operating Revenue": NaN
    },
    "2022-12-31": {
        "Tax Effect Of Unusual Items": NaN,
        "Tax Rate For Calcs": NaN,
        "Normalized EBITDA": NaN,
        "Total Unusual Items": NaN,
        "Total Unusual Items Excluding Goodwill": NaN,
        "Net Income From Continuing Operation Net Minority Interest": NaN,
        "Reconciled Depreciation": NaN,
        "Reconciled Cost Of Revenue": NaN,
        "EBITDA": NaN,
        "EBIT": NaN,
        "Net Interest Income": NaN,
        "Interest Expense": NaN,
        "Interest Income": NaN,
        "Normalized Income": NaN,
        "Net Income From Continuing And Discontinued Operation": NaN,
        "Total Expenses": NaN,
        "Total Operating Income As Reported": NaN,
        "Diluted Average Shares": NaN,
        "Basic Average Shares": NaN,
        "Diluted EPS": NaN,
        "Basic EPS": NaN,
        "Diluted NI Availto Com Stockholders": NaN,
        "Average Dilution Earnings": NaN,
        "Net Income Common Stockholders": NaN,
        "Otherunder Preferred Stock Dividend": NaN,
        "Preferred Stock Dividends": NaN,
        "Net Income": NaN,
        "Minority Interests": NaN,
        "Net Income Including Noncontrolling Interests": NaN,
        "Net Income Continuous Operations": NaN,
        "Tax Provision": NaN,
        "Pretax Income": NaN,
        "Other Income Expense": NaN,
        "Other Non Operating Income Expenses": NaN,
        "Special Income Charges": NaN,
        "Gain On Sale Of Ppe": -1100000.0,
        "Other Special Charges": NaN,
        "Net Non Operating Interest Income Expense": NaN,
        "Interest Expense Non Operating": NaN,
        "Interest Income Non Operating": NaN,
        "Operating Income": NaN,
        "Operating Expense": NaN,
        "Other Taxes": NaN,
        "Depreciation Amortization Depletion Income Statement": NaN,
        "Depreciation And Amortization In Income Statement": NaN,
        "Selling General And Administration": NaN,
        "General And Administrative Expense": NaN,
        "Salaries And Wages": NaN,
        "Gross Profit": NaN,
        "Cost Of Revenue": NaN,
        "Total Revenue": NaN,
        "Operating Revenue": NaN
    },
    "2022-09-30": {
        "Tax Effect Of Unusual Items": NaN,
        "Tax Rate For Calcs": NaN,
        "Normalized EBITDA": NaN,
        "Total Unusual Items": NaN,
        "Total Unusual Items Excluding Goodwill": NaN,
        "Net Income From Continuing Operation Net Minority Interest": NaN,
        "Reconciled Depreciation": NaN,
        "Reconciled Cost Of Revenue": NaN,
        "EBITDA": NaN,
        "EBIT": NaN,
        "Net Interest Income": NaN,
        "Interest Expense": NaN,
        "Interest Income": NaN,
        "Normalized Income": NaN,
        "Net Income From Continuing And Discontinued Operation": NaN,
        "Total Expenses": NaN,
        "Total Operating Income As Reported": NaN,
        "Diluted Average Shares": 443400000.0,
        "Basic Average Shares": 406500000.0,
        "Diluted EPS": 0.12,
        "Basic EPS": 0.13,
        "Diluted NI Availto Com Stockholders": NaN,
        "Average Dilution Earnings": 500000.0,
        "Net Income Common Stockholders": NaN,
        "Otherunder Preferred Stock Dividend": NaN,
        "Preferred Stock Dividends": NaN,
        "Net Income": NaN,
        "Minority Interests": NaN,
        "Net Income Including Noncontrolling Interests": NaN,
        "Net Income Continuous Operations": NaN,
        "Tax Provision": NaN,
        "Pretax Income": NaN,
        "Other Income Expense": NaN,
        "Other Non Operating Income Expenses": NaN,
        "Special Income Charges": NaN,
        "Gain On Sale Of Ppe": NaN,
        "Other Special Charges": NaN,
        "Net Non Operating Interest Income Expense": NaN,
        "Interest Expense Non Operating": NaN,
        "Interest Income Non Operating": NaN,
        "Operating Income": NaN,
        "Operating Expense": NaN,
        "Other Taxes": NaN,
        "Depreciation Amortization Depletion Income Statement": NaN,
        "Depreciation And Amortization In Income Statement": NaN,
        "Selling General And Administration": NaN,
        "General And Administrative Expense": NaN,
        "Salaries And Wages": NaN,
        "Gross Profit": NaN,
        "Cost Of Revenue": NaN,
        "Total Revenue": NaN,
        "Operating Revenue": NaN
    },
    "2022-06-30": {
        "Tax Effect Of Unusual Items": 708000.0,
        "Tax Rate For Calcs": 0.177,
        "Normalized EBITDA": 357000000.0,
        "Total Unusual Items": 4000000.0,
        "Total Unusual Items Excluding Goodwill": 4000000.0,
        "Net Income From Continuing Operation Net Minority Interest": 67000000.0,
        "Reconciled Depreciation": 208700000.0,
        "Reconciled Cost Of Revenue": 765600000.0,
        "EBITDA": 361000000.0,
        "EBIT": 152300000.0,
        "Net Interest Income": -83900000.0,
        "Interest Expense": 84500000.0,
        "Interest Income": 600000.0,
        "Normalized Income": 63708000.0,
        "Net Income From Continuing And Discontinued Operation": 67000000.0,
        "Total Expenses": 1039900000.0,
        "Total Operating Income As Reported": 143300000.0,
        "Diluted Average Shares": 440200000.0,
        "Basic Average Shares": 406400000.0,
        "Diluted EPS": 0.12,
        "Basic EPS": 0.13,
        "Diluted NI Availto Com Stockholders": 53700000.0,
        "Average Dilution Earnings": 500000.0,
        "Net Income Common Stockholders": 53200000.0,
        "Otherunder Preferred Stock Dividend": NaN,
        "Preferred Stock Dividends": 13800000.0,
        "Net Income": 67000000.0,
        "Minority Interests": 11200000.0,
        "Net Income Including Noncontrolling Interests": 55800000.0,
        "Net Income Continuous Operations": 55800000.0,
        "Tax Provision": 12000000.0,
        "Pretax Income": 67800000.0,
        "Other Income Expense": 8400000.0,
        "Other Non Operating Income Expenses": 4400000.0,
        "Special Income Charges": 4000000.0,
        "Gain On Sale Of Ppe": 0.0,
        "Other Special Charges": -4000000.0,
        "Net Non Operating Interest Income Expense": -83900000.0,
        "Interest Expense Non Operating": 84500000.0,
        "Interest Income Non Operating": 600000.0,
        "Operating Income": 143300000.0,
        "Operating Expense": 274300000.0,
        "Other Taxes": 65600000.0,
        "Depreciation Amortization Depletion Income Statement": 208700000.0,
        "Depreciation And Amortization In Income Statement": 208700000.0,
        "Gross Profit": 417600000.0,
        "Cost Of Revenue": 765600000.0,
        "Total Revenue": 1183200000.0,
        "Operating Revenue": 1156500000.0
    },
    "2023-06-30": {
        "Tax Effect Of Unusual Items": NaN,
        "Tax Rate For Calcs": NaN,
        "Normalized EBITDA": NaN,
        "Total Unusual Items": NaN,
        "Total Unusual Items Excluding Goodwill": NaN,
        "Net Income From Continuing Operation Net Minority Interest": NaN,
        "Reconciled Depreciation": NaN,
        "Reconciled Cost Of Revenue": NaN,
        "EBITDA": NaN,
        "EBIT": NaN,
        "Net Interest Income": NaN,
        "Interest Expense": NaN,
        "Interest Income": NaN,
        "Normalized Income": NaN,
        "Net Income From Continuing And Discontinued Operation": NaN,
        "Total Expenses": NaN,
        "Total Operating Income As Reported": NaN,
        "Diluted Average Shares": 446800000.0,
        "Basic Average Shares": 413300000.0,
        "Diluted EPS": 0.09,
        "Basic EPS": 0.1,
        "Diluted NI Availto Com Stockholders": NaN,
        "Average Dilution Earnings": NaN,
        "Net Income Common Stockholders": NaN,
        "Otherunder Preferred Stock Dividend": NaN,
        "Preferred Stock Dividends": 12700000.0,
        "Net Income": NaN,
        "Minority Interests": NaN,
        "Net Income Including Noncontrolling Interests": NaN,
        "Net Income Continuous Operations": NaN,
        "Tax Provision": NaN,
        "Pretax Income": NaN,
        "Other Income Expense": NaN,
        "Other Non Operating Income Expenses": NaN,
        "Special Income Charges": NaN,
        "Gain On Sale Of Ppe": NaN,
        "Other Special Charges": NaN,
        "Write Off": 0.0,
        "Net Non Operating Interest Income Expense": NaN,
        "Interest Expense Non Operating": NaN,
        "Interest Income Non Operating": NaN,
        "Operating Income": NaN,
        "Operating Expense": NaN,
        "Other Taxes": NaN,
        "Depreciation Amortization Depletion Income Statement": NaN,
        "Depreciation And Amortization In Income Statement": NaN,
        "Selling General And Administration": NaN,
        "General And Administrative Expense": NaN,
        "Salaries And Wages": NaN,
        "Gross Profit": NaN,
        "Cost Of Revenue": NaN,
        "Total Revenue": NaN,
        "Operating Revenue": NaN
    },
    "2023-09-30": {
        "Tax Effect Of Unusual Items": NaN,
        "Tax Rate For Calcs": NaN,
        "Normalized EBITDA": NaN,
        "Total Unusual Items": NaN,
        "Total Unusual Items Excluding Goodwill": NaN,
        "Net Income From Continuing Operation Net Minority Interest": NaN,
        "Reconciled Depreciation": NaN,
        "Reconciled Cost Of Revenue": NaN,
        "EBITDA": NaN,
        "EBIT": NaN,
        "Net Interest Income": NaN,
        "Interest Expense": NaN,
        "Interest Income": NaN,
        "Normalized Income": NaN,
        "Net Income From Continuing And Discontinued Operation": NaN,
        "Total Expenses": NaN,
        "Total Operating Income As Reported": NaN,
        "Diluted Average Shares": 448300000.0,
        "Basic Average Shares": 413500000.0,
        "Diluted EPS": 0.17,
        "Basic EPS": 0.19,
        "Diluted NI Availto Com Stockholders": NaN,
        "Average Dilution Earnings": NaN,
        "Net Income Common Stockholders": NaN,
        "Otherunder Preferred Stock Dividend": NaN,
        "Preferred Stock Dividends": 8100000.0,
        "Net Income": NaN,
        "Minority Interests": NaN,
        "Net Income Including Noncontrolling Interests": NaN,
        "Net Income Continuous Operations": NaN,
        "Tax Provision": NaN,
        "Pretax Income": NaN,
        "Other Income Expense": NaN,
        "Other Non Operating Income Expenses": NaN,
        "Special Income Charges": NaN,
        "Gain On Sale Of Ppe": 200000.0,
        "Other Special Charges": NaN,
        "Write Off": NaN,
        "Net Non Operating Interest Income Expense": NaN,
        "Interest Expense Non Operating": NaN,
        "Interest Income Non Operating": NaN,
        "Operating Income": NaN,
        "Operating Expense": NaN,
        "Other Taxes": NaN,
        "Depreciation Amortization Depletion Income Statement": NaN,
        "Depreciation And Amortization In Income Statement": NaN,
        "Selling General And Administration": NaN,
        "General And Administrative Expense": NaN,
        "Salaries And Wages": NaN,
        "Gross Profit": NaN,
        "Cost Of Revenue": NaN,
        "Total Revenue": NaN,
        "Operating Revenue": NaN
    },
    "2023-12-31": {
        "Tax Effect Of Unusual Items": NaN,
        "Tax Rate For Calcs": NaN,
        "Normalized EBITDA": NaN,
        "Total Unusual Items": NaN,
        "Total Unusual Items Excluding Goodwill": NaN,
        "Net Income From Continuing Operation Net Minority Interest": NaN,
        "Reconciled Depreciation": NaN,
        "Reconciled Cost Of Revenue": NaN,
        "EBITDA": NaN,
        "EBIT": NaN,
        "Net Interest Income": NaN,
        "Interest Expense": NaN,
        "Interest Income": NaN,
        "Normalized Income": NaN,
        "Net Income From Continuing And Discontinued Operation": NaN,
        "Total Expenses": NaN,
        "Total Operating Income As Reported": NaN,
        "Diluted Average Shares": NaN,
        "Basic Average Shares": NaN,
        "Diluted EPS": NaN,
        "Basic EPS": NaN,
        "Diluted NI Availto Com Stockholders": NaN,
        "Average Dilution Earnings": NaN,
        "Net Income Common Stockholders": NaN,
        "Otherunder Preferred Stock Dividend": NaN,
        "Preferred Stock Dividends": 8200000.0,
        "Net Income": NaN,
        "Minority Interests": NaN,
        "Net Income Including Noncontrolling Interests": NaN,
        "Net Income Continuous Operations": NaN,
        "Tax Provision": NaN,
        "Pretax Income": NaN,
        "Other Income Expense": NaN,
        "Other Non Operating Income Expenses": NaN,
        "Special Income Charges": NaN,
        "Gain On Sale Of Ppe": -3400000.0,
        "Other Special Charges": NaN,
        "Write Off": NaN,
        "Net Non Operating Interest Income Expense": NaN,
        "Interest Expense Non Operating": NaN,
        "Interest Income Non Operating": NaN,
        "Operating Income": NaN,
        "Operating Expense": NaN,
        "Other Taxes": NaN,
        "Depreciation Amortization Depletion Income Statement": NaN,
        "Depreciation And Amortization In Income Statement": NaN,
        "Selling General And Administration": NaN,
        "General And Administrative Expense": NaN,
        "Salaries And Wages": NaN,
        "Gross Profit": NaN,
        "Cost Of Revenue": NaN,
        "Total Revenue": NaN,
        "Operating Revenue": NaN
    },
    "2024-03-31": {
        "Tax Effect Of Unusual Items": NaN,
        "Tax Rate For Calcs": NaN,
        "Normalized EBITDA": NaN,
        "Total Unusual Items": NaN,
        "Total Unusual Items Excluding Goodwill": NaN,
        "Net Income From Continuing Operation Net Minority Interest": NaN,
        "Reconciled Depreciation": NaN,
        "Reconciled Cost Of Revenue": NaN,
        "EBITDA": NaN,
        "EBIT": NaN,
        "Net Interest Income": NaN,
        "Interest Expense": NaN,
        "Interest Income": NaN,
        "Normalized Income": NaN,
        "Net Income From Continuing And Discontinued Operation": NaN,
        "Total Expenses": NaN,
        "Total Operating Income As Reported": NaN,
        "Diluted Average Shares": NaN,
        "Basic Average Shares": NaN,
        "Diluted EPS": NaN,
        "Basic EPS": NaN,
        "Diluted NI Availto Com Stockholders": NaN,
        "Average Dilution Earnings": NaN,
        "Net Income Common Stockholders": NaN,
        "Otherunder Preferred Stock Dividend": NaN,
        "Preferred Stock Dividends": 6700000.0,
        "Net Income": NaN,
        "Minority Interests": NaN,
        "Net Income Including Noncontrolling Interests": NaN,
        "Net Income Continuous Operations": NaN,
        "Tax Provision": NaN,
        "Pretax Income": NaN,
        "Other Income Expense": NaN,
        "Other Non Operating Income Expenses": NaN,
        "Special Income Charges": NaN,
        "Gain On Sale Of Ppe": NaN,
        "Other Special Charges": NaN,
        "Write Off": NaN,
        "Net Non Operating Interest Income Expense": NaN,
        "Interest Expense Non Operating": NaN,
        "Interest Income Non Operating": NaN,
        "Operating Income": NaN,
        "Operating Expense": NaN,
        "Other Taxes": NaN,
        "Depreciation Amortization Depletion Income Statement": NaN,
        "Depreciation And Amortization In Income Statement": NaN,
        "Selling General And Administration": 2200000.0,
        "General And Administrative Expense": 2200000.0,
        "Salaries And Wages": 2200000.0,
        "Gross Profit": NaN,
        "Cost Of Revenue": NaN,
        "Total Revenue": NaN,
        "Operating Revenue": NaN
    },
    "2024-06-30": {
        "Tax Effect Of Unusual Items": NaN,
        "Tax Rate For Calcs": NaN,
        "Normalized EBITDA": NaN,
        "Total Unusual Items": NaN,
        "Total Unusual Items Excluding Goodwill": NaN,
        "Net Income From Continuing Operation Net Minority Interest": NaN,
        "Reconciled Depreciation": NaN,
        "Reconciled Cost Of Revenue": NaN,
        "EBITDA": NaN,
        "EBIT": NaN,
        "Net Interest Income": NaN,
        "Interest Expense": NaN,
        "Interest Income": NaN,
        "Normalized Income": NaN,
        "Net Income From Continuing And Discontinued Operation": NaN,
        "Total Expenses": NaN,
        "Total Operating Income As Reported": NaN,
        "Diluted Average Shares": 450200000.0,
        "Basic Average Shares": 448500000.0,
        "Diluted EPS": 0.19,
        "Basic EPS": 0.19,
        "Diluted NI Availto Com Stockholders": NaN,
        "Average Dilution Earnings": NaN,
        "Net Income Common Stockholders": NaN,
        "Otherunder Preferred Stock Dividend": NaN,
        "Preferred Stock Dividends": NaN,
        "Net Income": NaN,
        "Minority Interests": NaN,
        "Net Income Including Noncontrolling Interests": NaN,
        "Net Income Continuous Operations": NaN,
        "Tax Provision": NaN,
        "Pretax Income": NaN,
        "Other Income Expense": NaN,
        "Other Non Operating Income Expenses": NaN,
        "Special Income Charges": NaN,
        "Gain On Sale Of Ppe": -1600000.0,
        "Other Special Charges": NaN,
        "Write Off": NaN,
        "Net Non Operating Interest Income Expense": NaN,
        "Interest Expense Non Operating": NaN,
        "Interest Income Non Operating": NaN,
        "Operating Income": NaN,
        "Operating Expense": NaN,
        "Other Taxes": NaN,
        "Depreciation Amortization Depletion Income Statement": NaN,
        "Depreciation And Amortization In Income Statement": NaN,
        "Selling General And Administration": 2100000.0,
        "General And Administrative Expense": 2100000.0,
        "Salaries And Wages": 2100000.0,
        "Gross Profit": NaN,
        "Cost Of Revenue": NaN,
        "Total Revenue": NaN,
        "Operating Revenue": NaN
    },
    "2024-09-30": {
        "Tax Effect Of Unusual Items": 4596600.0,
        "Tax Rate For Calcs": 0.141,
        "Normalized EBITDA": 484400000.0,
        "Total Unusual Items": 32600000.0,
        "Total Unusual Items Excluding Goodwill": 32600000.0,
        "Net Income From Continuing Operation Net Minority Interest": 85700000.0,
        "Reconciled Depreciation": 269500000.0,
        "Reconciled Cost Of Revenue": 523300000.0,
        "EBITDA": 517000000.0,
        "EBIT": 247500000.0,
        "Net Interest Income": -131200000.0,
        "Interest Expense": 134600000.0,
        "Interest Income": 3400000.0,
        "Normalized Income": 57696600.0,
        "Net Income From Continuing And Discontinued Operation": 85700000.0,
        "Total Expenses": 858500000.0,
        "Total Operating Income As Reported": 218300000.0,
        "Diluted Average Shares": 454500000.0,
        "Basic Average Shares": 451900000.0,
        "Diluted EPS": 0.19,
        "Basic EPS": 0.19,
        "Diluted NI Availto Com Stockholders": 85500000.0,
        "Average Dilution Earnings": -200000.0,
        "Net Income Common Stockholders": 85700000.0,
        "Otherunder Preferred Stock Dividend": 0.0,
        "Preferred Stock Dividends": NaN,
        "Net Income": 85700000.0,
        "Minority Interests": -11300000.0,
        "Net Income Including Noncontrolling Interests": 97000000.0,
        "Net Income Continuous Operations": 97000000.0,
        "Tax Provision": 15900000.0,
        "Pretax Income": 112900000.0,
        "Other Income Expense": 26300000.0,
        "Other Non Operating Income Expenses": -6300000.0,
        "Special Income Charges": 32600000.0,
        "Gain On Sale Of Ppe": 500000.0,
        "Other Special Charges": -32100000.0,
        "Write Off": 0.0,
        "Net Non Operating Interest Income Expense": -131200000.0,
        "Interest Expense Non Operating": 134600000.0,
        "Interest Income Non Operating": 3400000.0,
        "Operating Income": 217800000.0,
        "Operating Expense": 335200000.0,
        "Other Taxes": 65700000.0,
        "Depreciation Amortization Depletion Income Statement": 269500000.0,
        "Depreciation And Amortization In Income Statement": 269500000.0,
        "Selling General And Administration": 5900000.0,
        "General And Administrative Expense": 5900000.0,
        "Salaries And Wages": 5900000.0,
        "Gross Profit": 553000000.0,
        "Cost Of Revenue": 523300000.0,
        "Total Revenue": 1076300000.0,
        "Operating Revenue": 1046100000.0
    },
    "2024-12-31": {
        "Tax Effect Of Unusual Items": 2223420.962786,
        "Tax Rate For Calcs": 0.165927,
        "Normalized EBITDA": 700500000.0,
        "Total Unusual Items": 13400000.0,
        "Total Unusual Items Excluding Goodwill": 13400000.0,
        "Net Income From Continuing Operation Net Minority Interest": 223900000.0,
        "Reconciled Depreciation": 278100000.0,
        "Reconciled Cost Of Revenue": 798300000.0,
        "EBITDA": 713900000.0,
        "EBIT": 435800000.0,
        "Net Interest Income": -134400000.0,
        "Interest Expense": 142900000.0,
        "Interest Income": 2600000.0,
        "Normalized Income": 212723420.962786,
        "Net Income From Continuing And Discontinued Operation": 223900000.0,
        "Total Expenses": 1166000000.0,
        "Total Operating Income As Reported": 416800000.0,
        "Diluted Average Shares": NaN,
        "Basic Average Shares": NaN,
        "Diluted EPS": NaN,
        "Basic EPS": NaN,
        "Diluted NI Availto Com Stockholders": 223200000.0,
        "Average Dilution Earnings": 900000.0,
        "Net Income Common Stockholders": 222300000.0,
        "Otherunder Preferred Stock Dividend": 1600000.0,
        "Preferred Stock Dividends": 0.0,
        "Net Income": 223900000.0,
        "Minority Interests": -20400000.0,
        "Net Income Including Noncontrolling Interests": 244300000.0,
        "Net Income Continuous Operations": 244300000.0,
        "Tax Provision": 48600000.0,
        "Pretax Income": 292900000.0,
        "Other Income Expense": 5500000.0,
        "Other Non Operating Income Expenses": -7900000.0,
        "Special Income Charges": 13400000.0,
        "Gain On Sale Of Ppe": -1800000.0,
        "Other Special Charges": -18400000.0,
        "Write Off": 3200000.0,
        "Net Non Operating Interest Income Expense": -134400000.0,
        "Interest Expense Non Operating": 142900000.0,
        "Interest Income Non Operating": 2600000.0,
        "Operating Income": 421800000.0,
        "Operating Expense": 367700000.0,
        "Other Taxes": 89600000.0,
        "Depreciation Amortization Depletion Income Statement": 278100000.0,
        "Depreciation And Amortization In Income Statement": 278100000.0,
        "Selling General And Administration": 3300000.0,
        "General And Administrative Expense": 3300000.0,
        "Salaries And Wages": 3300000.0,
        "Gross Profit": 789500000.0,
        "Cost Of Revenue": 798300000.0,
        "Total Revenue": 1587800000.0,
        "Operating Revenue": 1539700000.0
    },
    "2025-03-31": {
        "Tax Effect Of Unusual Items": 1586500.0,
        "Tax Rate For Calcs": 0.167,
        "Normalized EBITDA": 1014300000.0,
        "Total Unusual Items": 9500000.0,
        "Total Unusual Items Excluding Goodwill": 9500000.0,
        "Net Income From Continuing Operation Net Minority Interest": 474800000.0,
        "Reconciled Depreciation": 258600000.0,
        "Reconciled Cost Of Revenue": 1075300000.0,
        "EBITDA": 1023800000.0,
        "EBIT": 765200000.0,
        "Net Interest Income": -130800000.0,
        "Interest Expense": 132800000.0,
        "Interest Income": 2000000.0,
        "Normalized Income": 466886500.0,
        "Net Income From Continuing And Discontinued Operation": 474800000.0,
        "Total Expenses": 1423500000.0,
        "Total Operating Income As Reported": 759400000.0,
        "Diluted Average Shares": 472500000.0,
        "Basic Average Shares": 470400000.0,
        "Diluted EPS": 1.0,
        "Basic EPS": 1.01,
        "Diluted NI Availto Com Stockholders": 474000000.0,
        "Average Dilution Earnings": -800000.0,
        "Net Income Common Stockholders": 474800000.0,
        "Otherunder Preferred Stock Dividend": 0.0,
        "Preferred Stock Dividends": NaN,
        "Net Income": 474800000.0,
        "Minority Interests": -51900000.0,
        "Net Income Including Noncontrolling Interests": 526700000.0,
        "Net Income Continuous Operations": 526700000.0,
        "Tax Provision": 105700000.0,
        "Pretax Income": 632400000.0,
        "Other Income Expense": 4100000.0,
        "Other Non Operating Income Expenses": -5400000.0,
        "Special Income Charges": 9500000.0,
        "Gain On Sale Of Ppe": NaN,
        "Other Special Charges": -9200000.0,
        "Write Off": -300000.0,
        "Net Non Operating Interest Income Expense": -130800000.0,
        "Interest Expense Non Operating": 132800000.0,
        "Interest Income Non Operating": 2000000.0,
        "Operating Income": 759700000.0,
        "Operating Expense": 348200000.0,
        "Other Taxes": 89600000.0,
        "Depreciation Amortization Depletion Income Statement": 258600000.0,
        "Depreciation And Amortization In Income Statement": 258600000.0,
        "Selling General And Administration": 3800000.0,
        "General And Administrative Expense": 3800000.0,
        "Salaries And Wages": 3800000.0,
        "Gross Profit": 1107900000.0,
        "Cost Of Revenue": 1075300000.0,
        "Total Revenue": 2183200000.0,
        "Operating Revenue": 2149500000.0
    },
    "2025-06-30": {
        "Tax Effect Of Unusual Items": 1413400.0,
        "Tax Rate For Calcs": 0.191,
        "Normalized EBITDA": 542700000.0,
        "Total Unusual Items": 7400000.0,
        "Total Unusual Items Excluding Goodwill": 7400000.0,
        "Net Income From Continuing Operation Net Minority Interest": 102200000.0,
        "Reconciled Depreciation": 286700000.0,
        "Reconciled Cost Of Revenue": 658000000.0,
        "EBITDA": 550100000.0,
        "EBIT": 263400000.0,
        "Net Interest Income": -137600000.0,
        "Interest Expense": 139100000.0,
        "Interest Income": 1500000.0,
        "Normalized Income": 96213400.0,
        "Net Income From Continuing And Discontinued Operation": 102200000.0,
        "Total Expenses": 1018900000.0,
        "Total Operating Income As Reported": 262900000.0,
        "Diluted Average Shares": 472100000.0,
        "Basic Average Shares": 471000000.0,
        "Diluted EPS": 0.22,
        "Basic EPS": 0.22,
        "Diluted NI Availto Com Stockholders": 101900000.0,
        "Average Dilution Earnings": -300000.0,
        "Net Income Common Stockholders": 102200000.0,
        "Otherunder Preferred Stock Dividend": 0.0,
        "Preferred Stock Dividends": NaN,
        "Net Income": 102200000.0,
        "Minority Interests": 1700000.0,
        "Net Income Including Noncontrolling Interests": 100500000.0,
        "Net Income Continuous Operations": 100500000.0,
        "Tax Provision": 23800000.0,
        "Pretax Income": 124300000.0,
        "Other Income Expense": -2200000.0,
        "Other Non Operating Income Expenses": -9600000.0,
        "Special Income Charges": 7400000.0,
        "Gain On Sale Of Ppe": -800000.0,
        "Other Special Charges": -8600000.0,
        "Write Off": 400000.0,
        "Net Non Operating Interest Income Expense": -137600000.0,
        "Interest Expense Non Operating": 139100000.0,
        "Interest Income Non Operating": 1500000.0,
        "Operating Income": 264100000.0,
        "Operating Expense": 360900000.0,
        "Other Taxes": 74200000.0,
        "Depreciation Amortization Depletion Income Statement": 286700000.0,
        "Depreciation And Amortization In Income Statement": 286700000.0,
        "Selling General And Administration": NaN,
        "General And Administrative Expense": NaN,
        "Salaries And Wages": NaN,
        "Gross Profit": 625000000.0,
        "Cost Of Revenue": 658000000.0,
        "Total Revenue": 1283000000.0,
        "Operating Revenue": 1246500000.0
    },
    "2025-09-30": {
        "Tax Effect Of Unusual Items": 1465100.0,
        "Tax Rate For Calcs": 0.161,
        "Normalized EBITDA": 605200000.0,
        "Total Unusual Items": 9100000.0,
        "Total Unusual Items Excluding Goodwill": 9100000.0,
        "Net Income From Continuing Operation Net Minority Interest": 94700000.0,
        "Reconciled Depreciation": 306900000.0,
        "Reconciled Cost Of Revenue": 594700000.0,
        "EBITDA": 614300000.0,
        "EBIT": 307400000.0,
        "Net Interest Income": -176000000.0,
        "Interest Expense": 179800000.0,
        "Interest Income": 3800000.0,
        "Normalized Income": 87065100.0,
        "Net Income From Continuing And Discontinued Operation": 94700000.0,
        "Total Expenses": 970900000.0,
        "Total Operating Income As Reported": 297500000.0,
        "Diluted Average Shares": 473700000.0,
        "Basic Average Shares": 472100000.0,
        "Diluted EPS": 0.2,
        "Basic EPS": 0.2,
        "Diluted NI Availto Com Stockholders": 94400000.0,
        "Average Dilution Earnings": -300000.0,
        "Net Income Common Stockholders": 94700000.0,
        "Otherunder Preferred Stock Dividend": 0.0,
        "Preferred Stock Dividends": NaN,
        "Net Income": 94700000.0,
        "Minority Interests": -12300000.0,
        "Net Income Including Noncontrolling Interests": 107000000.0,
        "Net Income Continuous Operations": 107000000.0,
        "Tax Provision": 20600000.0,
        "Pretax Income": 127600000.0,
        "Other Income Expense": 1400000.0,
        "Other Non Operating Income Expenses": -7700000.0,
        "Special Income Charges": 9100000.0,
        "Gain On Sale Of Ppe": 600000.0,
        "Other Special Charges": -8500000.0,
        "Write Off": 0.0,
        "Net Non Operating Interest Income Expense": -176000000.0,
        "Interest Expense Non Operating": 179800000.0,
        "Interest Income Non Operating": 3800000.0,
        "Operating Income": 302200000.0,
        "Operating Expense": 376200000.0,
        "Other Taxes": 69300000.0,
        "Depreciation Amortization Depletion Income Statement": 306900000.0,
        "Depreciation And Amortization In Income Statement": 306900000.0,
        "Selling General And Administration": NaN,
        "General And Administrative Expense": NaN,
        "Salaries And Wages": NaN,
        "Gross Profit": 678400000.0,
        "Cost Of Revenue": 594700000.0,
        "Total Revenue": 1273100000.0,
        "Operating Revenue": 1240200000.0
    }
}