{
    "2023-05-31": {
        "Tax Effect Of Unusual Items": NaN,
        "Tax Rate For Calcs": NaN,
        "Normalized EBITDA": NaN,
        "Net Income From Continuing Operation Net Minority Interest": NaN,
        "Reconciled Depreciation": NaN,
        "Reconciled Cost Of Revenue": NaN,
        "EBITDA": NaN,
        "EBIT": NaN,
        "Net Interest Income": NaN,
        "Normalized Income": NaN,
        "Net Income From Continuing And Discontinued Operation": NaN,
        "Total Expenses": NaN,
        "Diluted Average Shares": NaN,
        "Basic Average Shares": NaN,
        "Diluted EPS": NaN,
        "Basic EPS": NaN,
        "Diluted NI Availto Com Stockholders": NaN,
        "Net Income Common Stockholders": NaN,
        "Net Income": NaN,
        "Net Income Including Noncontrolling Interests": NaN,
        "Net Income Continuous Operations": NaN,
        "Tax Provision": NaN,
        "Pretax Income": NaN,
        "Other Income Expense": NaN,
        "Other Non Operating Income Expenses": NaN,
        "Net Non Operating Interest Income Expense": NaN,
        "Total Other Finance Cost": NaN,
        "Operating Income": NaN,
        "Operating Expense": NaN,
        "Other Operating Expenses": 3282000000.0,
        "Selling General And Administration": NaN,
        "Selling And Marketing Expense": NaN,
        "General And Administrative Expense": NaN,
        "Other Gand A": NaN,
        "Gross Profit": NaN,
        "Cost Of Revenue": NaN,
        "Total Revenue": NaN,
        "Operating Revenue": NaN
    },
    "2023-02-28": {
        "Tax Effect Of Unusual Items": NaN,
        "Tax Rate For Calcs": NaN,
        "Normalized EBITDA": NaN,
        "Net Income From Continuing Operation Net Minority Interest": NaN,
        "Reconciled Depreciation": NaN,
        "Reconciled Cost Of Revenue": NaN,
        "EBITDA": NaN,
        "EBIT": NaN,
        "Net Interest Income": NaN,
        "Normalized Income": NaN,
        "Net Income From Continuing And Discontinued Operation": NaN,
        "Total Expenses": NaN,
        "Diluted Average Shares": NaN,
        "Basic Average Shares": NaN,
        "Diluted EPS": NaN,
        "Basic EPS": NaN,
        "Diluted NI Availto Com Stockholders": NaN,
        "Net Income Common Stockholders": NaN,
        "Net Income": NaN,
        "Net Income Including Noncontrolling Interests": NaN,
        "Net Income Continuous Operations": NaN,
        "Tax Provision": NaN,
        "Pretax Income": NaN,
        "Other Income Expense": NaN,
        "Other Non Operating Income Expenses": NaN,
        "Net Non Operating Interest Income Expense": NaN,
        "Total Other Finance Cost": NaN,
        "Operating Income": NaN,
        "Operating Expense": NaN,
        "Other Operating Expenses": 3036000000.0,
        "Selling General And Administration": NaN,
        "Selling And Marketing Expense": NaN,
        "General And Administrative Expense": NaN,
        "Other Gand A": NaN,
        "Gross Profit": NaN,
        "Cost Of Revenue": NaN,
        "Total Revenue": NaN,
        "Operating Revenue": NaN
    },
    "2022-11-30": {
        "Tax Effect Of Unusual Items": NaN,
        "Tax Rate For Calcs": NaN,
        "Normalized EBITDA": NaN,
        "Net Income From Continuing Operation Net Minority Interest": NaN,
        "Reconciled Depreciation": NaN,
        "Reconciled Cost Of Revenue": NaN,
        "EBITDA": NaN,
        "EBIT": NaN,
        "Net Interest Income": NaN,
        "Normalized Income": NaN,
        "Net Income From Continuing And Discontinued Operation": NaN,
        "Total Expenses": NaN,
        "Diluted Average Shares": NaN,
        "Basic Average Shares": NaN,
        "Diluted EPS": NaN,
        "Basic EPS": NaN,
        "Diluted NI Availto Com Stockholders": NaN,
        "Net Income Common Stockholders": NaN,
        "Net Income": NaN,
        "Net Income Including Noncontrolling Interests": NaN,
        "Net Income Continuous Operations": NaN,
        "Tax Provision": NaN,
        "Pretax Income": NaN,
        "Other Income Expense": NaN,
        "Other Non Operating Income Expenses": NaN,
        "Net Non Operating Interest Income Expense": NaN,
        "Total Other Finance Cost": NaN,
        "Operating Income": NaN,
        "Operating Expense": NaN,
        "Other Operating Expenses": 3022000000.0,
        "Selling General And Administration": NaN,
        "Selling And Marketing Expense": NaN,
        "General And Administrative Expense": NaN,
        "Other Gand A": NaN,
        "Gross Profit": NaN,
        "Cost Of Revenue": NaN,
        "Total Revenue": NaN,
        "Operating Revenue": NaN
    },
    "2022-08-31": {
        "Tax Effect Of Unusual Items": NaN,
        "Tax Rate For Calcs": NaN,
        "Normalized EBITDA": NaN,
        "Net Income From Continuing Operation Net Minority Interest": NaN,
        "Reconciled Depreciation": NaN,
        "Reconciled Cost Of Revenue": NaN,
        "EBITDA": NaN,
        "EBIT": NaN,
        "Net Interest Income": NaN,
        "Normalized Income": NaN,
        "Net Income From Continuing And Discontinued Operation": NaN,
        "Total Expenses": NaN,
        "Diluted Average Shares": NaN,
        "Basic Average Shares": NaN,
        "Diluted EPS": NaN,
        "Basic EPS": NaN,
        "Diluted NI Availto Com Stockholders": NaN,
        "Net Income Common Stockholders": NaN,
        "Net Income": NaN,
        "Net Income Including Noncontrolling Interests": NaN,
        "Net Income Continuous Operations": NaN,
        "Tax Provision": NaN,
        "Pretax Income": NaN,
        "Other Income Expense": NaN,
        "Other Non Operating Income Expenses": NaN,
        "Net Non Operating Interest Income Expense": NaN,
        "Total Other Finance Cost": NaN,
        "Operating Income": NaN,
        "Operating Expense": NaN,
        "Other Operating Expenses": NaN,
        "Selling General And Administration": NaN,
        "Selling And Marketing Expense": NaN,
        "General And Administrative Expense": 2977000000.0,
        "Other Gand A": 2977000000.0,
        "Gross Profit": NaN,
        "Cost Of Revenue": NaN,
        "Total Revenue": NaN,
        "Operating Revenue": NaN
    },
    "2022-05-31": {
        "Tax Effect Of Unusual Items": 0.0,
        "Tax Rate For Calcs": 0.4,
        "Normalized EBITDA": 1468000000.0,
        "Net Income From Continuing Operation Net Minority Interest": 1439000000.0,
        "Reconciled Depreciation": 296000000.0,
        "Reconciled Cost Of Revenue": 6731000000.0,
        "EBIT": 1468000000.0,
        "Net Interest Income": -40000000.0,
        "Normalized Income": 1439000000.0,
        "Net Income From Continuing And Discontinued Operation": 1439000000.0,
        "Total Expenses": 10766000000.0,
        "Diluted Average Shares": 1595000000.0,
        "Basic Average Shares": 1572000000.0,
        "Diluted EPS": 0.9,
        "Basic EPS": 0.91,
        "Diluted NI Availto Com Stockholders": 1439000000.0,
        "Net Income Common Stockholders": 1439000000.0,
        "Net Income": 1439000000.0,
        "Net Income Including Noncontrolling Interests": 1439000000.0,
        "Net Income Continuous Operations": 1439000000.0,
        "Tax Provision": -65000000.0,
        "Pretax Income": 1374000000.0,
        "Other Income Expense": -54000000.0,
        "Other Non Operating Income Expenses": -54000000.0,
        "Net Non Operating Interest Income Expense": -40000000.0,
        "Total Other Finance Cost": 40000000.0,
        "Operating Income": 1468000000.0,
        "Operating Expense": 4035000000.0,
        "Other Operating Expenses": NaN,
        "Selling General And Administration": 4035000000.0,
        "Selling And Marketing Expense": 1061000000.0,
        "General And Administrative Expense": 2974000000.0,
        "Other Gand A": 2974000000.0,
        "Gross Profit": 5503000000.0,
        "Cost Of Revenue": 6731000000.0,
        "Total Revenue": 12234000000.0,
        "Operating Revenue": 12234000000.0
    },
    "2022-02-28": {
        "Diluted EPS": 0.87,
        "Total Revenue": NaN,
        "Gross Profit": NaN,
        "Operating Income": NaN,
        "EBIT": NaN,
        "Net Income": NaN
    },
    "2021-11-30": {
        "Diluted EPS": 0.83,
        "Total Revenue": NaN,
        "Gross Profit": NaN,
        "Operating Income": NaN,
        "EBIT": NaN,
        "Net Income": NaN
    },
    "2021-08-31": {
        "Diluted EPS": 1.16,
        "Total Revenue": NaN,
        "Gross Profit": NaN,
        "Operating Income": NaN,
        "EBIT": NaN,
        "Net Income": NaN
    },
    "2021-05-31": {
        "Diluted EPS": 0.93,
        "Total Revenue": NaN,
        "Gross Profit": NaN,
        "Operating Income": NaN,
        "EBIT": NaN,
        "Net Income": NaN
    },
    "2021-02-28": {
        "Diluted EPS": 0.9,
        "Total Revenue": NaN,
        "Gross Profit": NaN,
        "Operating Income": NaN,
        "EBIT": NaN,
        "Net Income": NaN
    },
    "2020-11-30": {
        "Diluted EPS": 0.78,
        "Total Revenue": NaN,
        "Gross Profit": NaN,
        "Operating Income": NaN,
        "EBIT": NaN,
        "Net Income": NaN
    },
    "2020-08-31": {
        "Diluted EPS": 0.95,
        "Total Revenue": NaN,
        "Gross Profit": NaN,
        "Operating Income": NaN,
        "EBIT": NaN,
        "Net Income": NaN
    },
    "2020-05-31": {
        "Diluted EPS": -0.49,
        "Total Revenue": NaN,
        "Gross Profit": NaN,
        "Operating Income": -838,
        "EBIT": -615,
        "Net Income": -790
    },
    "2020-02-29": {
        "Diluted EPS": 0.53,
        "Total Revenue": NaN,
        "Gross Profit": NaN,
        "Operating Income": NaN,
        "EBIT": NaN,
        "Net Income": 847
    },
    "2019-11-30": {
        "Diluted EPS": 0.7,
        "Total Revenue": NaN,
        "Gross Profit": NaN,
        "Operating Income": NaN,
        "EBIT": NaN,
        "Net Income": NaN
    },
    "2019-08-31": {
        "Diluted EPS": 0.86,
        "Total Revenue": NaN,
        "Gross Profit": NaN,
        "Operating Income": NaN,
        "EBIT": NaN,
        "Net Income": NaN
    },
    "2019-05-31": {
        "Diluted EPS": 0.62,
        "Total Revenue": NaN,
        "Gross Profit": NaN,
        "Operating Income": NaN,
        "EBIT": NaN,
        "Net Income": 989
    },
    "2019-02-28": {
        "Diluted EPS": 0.68,
        "Total Revenue": NaN,
        "Gross Profit": NaN,
        "Operating Income": NaN,
        "EBIT": NaN,
        "Net Income": NaN
    },
    "2018-11-30": {
        "Diluted EPS": 0.52,
        "Total Revenue": NaN,
        "Gross Profit": NaN,
        "Operating Income": 963,
        "EBIT": NaN,
        "Net Income": 847
    },
    "2018-08-31": {
        "Diluted EPS": 0.67,
        "Total Revenue": NaN,
        "Gross Profit": NaN,
        "Operating Income": NaN,
        "EBIT": NaN,
        "Net Income": NaN
    },
    "2018-05-31": {
        "Diluted EPS": 0.71,
        "Total Revenue": NaN,
        "Gross Profit": NaN,
        "Operating Income": NaN,
        "EBIT": NaN,
        "Net Income": NaN
    },
    "2018-02-28": {
        "Diluted EPS": -0.57,
        "Total Revenue": NaN,
        "Gross Profit": NaN,
        "Operating Income": NaN,
        "EBIT": NaN,
        "Net Income": -921
    },
    "2017-11-30": {
        "Diluted EPS": 0.46,
        "Total Revenue": NaN,
        "Gross Profit": NaN,
        "Operating Income": 910,
        "EBIT": NaN,
        "Net Income": 767
    },
    "2017-08-31": {
        "Diluted EPS": 0.57,
        "Total Revenue": NaN,
        "Gross Profit": NaN,
        "Operating Income": NaN,
        "EBIT": NaN,
        "Net Income": 950
    },
    "2017-05-31": {
        "Diluted EPS": 0.6,
        "Total Revenue": NaN,
        "Gross Profit": NaN,
        "Operating Income": NaN,
        "EBIT": NaN,
        "Net Income": NaN
    },
    "2017-02-28": {
        "Diluted EPS": 0.68,
        "Total Revenue": NaN,
        "Gross Profit": NaN,
        "Operating Income": NaN,
        "EBIT": NaN,
        "Net Income": NaN
    },
    "2016-11-30": {
        "Diluted EPS": 0.5,
        "Total Revenue": NaN,
        "Gross Profit": NaN,
        "Operating Income": NaN,
        "EBIT": NaN,
        "Net Income": 842
    },
    "2016-08-31": {
        "Diluted EPS": 0.73,
        "Total Revenue": NaN,
        "Gross Profit": NaN,
        "Operating Income": NaN,
        "EBIT": NaN,
        "Net Income": NaN
    },
    "2016-05-31": {
        "Diluted EPS": 0.49,
        "Total Revenue": NaN,
        "Gross Profit": NaN,
        "Operating Income": NaN,
        "EBIT": NaN,
        "Net Income": 846
    },
    "2016-02-29": {
        "Diluted EPS": 0.55,
        "Total Revenue": NaN,
        "Gross Profit": NaN,
        "Operating Income": NaN,
        "EBIT": NaN,
        "Net Income": 950
    },
    "2015-11-30": {
        "Diluted EPS": 0.45,
        "Total Revenue": NaN,
        "Gross Profit": NaN,
        "Operating Income": 941,
        "EBIT": NaN,
        "Net Income": 785
    },
    "2015-08-31": {
        "Diluted EPS": 0.67,
        "Total Revenue": NaN,
        "Gross Profit": NaN,
        "Operating Income": NaN,
        "EBIT": NaN,
        "Net Income": NaN
    },
    "2015-05-31": {
        "Diluted EPS": 0.49,
        "Total Revenue": NaN,
        "Gross Profit": NaN,
        "Operating Income": 998,
        "EBIT": NaN,
        "Net Income": 865
    },
    "2015-02-28": {
        "Diluted EPS": 0.45,
        "Total Revenue": NaN,
        "Gross Profit": NaN,
        "Operating Income": NaN,
        "EBIT": NaN,
        "Net Income": 791
    },
    "2014-11-30": {
        "Diluted EPS": 0.37,
        "Total Revenue": NaN,
        "Gross Profit": NaN,
        "Operating Income": 889,
        "EBIT": NaN,
        "Net Income": 655
    },
    "2014-08-31": {
        "Diluted EPS": 0.55,
        "Total Revenue": NaN,
        "Gross Profit": NaN,
        "Operating Income": NaN,
        "EBIT": NaN,
        "Net Income": 962
    },
    "2014-05-31": {
        "Diluted EPS": 0.39,
        "Total Revenue": NaN,
        "Gross Profit": NaN,
        "Operating Income": 937,
        "EBIT": NaN,
        "Net Income": 698
    },
    "2014-02-28": {
        "Diluted EPS": 0.38,
        "Total Revenue": NaN,
        "Gross Profit": NaN,
        "Operating Income": 934,
        "EBIT": NaN,
        "Net Income": 682
    },
    "2013-11-30": {
        "Diluted EPS": 0.3,
        "Total Revenue": NaN,
        "Gross Profit": NaN,
        "Operating Income": 735,
        "EBIT": 880,
        "Net Income": 534
    },
    "2013-08-31": {
        "Diluted EPS": 0.43,
        "Total Revenue": NaN,
        "Gross Profit": NaN,
        "Operating Income": NaN,
        "EBIT": NaN,
        "Net Income": 779
    },
    "2013-05-31": {
        "Diluted EPS": 0.36,
        "Total Revenue": NaN,
        "Gross Profit": NaN,
        "Operating Income": 902,
        "EBIT": NaN,
        "Net Income": 655
    },
    "2013-02-28": {
        "Diluted EPS": 0.48,
        "Total Revenue": NaN,
        "Gross Profit": NaN,
        "Operating Income": 873,
        "EBIT": 966,
        "Net Income": 866
    },
    "2012-11-30": {
        "Diluted EPS": 0.21,
        "Total Revenue": NaN,
        "Gross Profit": NaN,
        "Operating Income": 694,
        "EBIT": 823,
        "Net Income": 384
    },
    "2012-08-31": {
        "Diluted EPS": 0.31,
        "Total Revenue": NaN,
        "Gross Profit": NaN,
        "Operating Income": 769,
        "EBIT": 906,
        "Net Income": 567
    },
    "2012-05-31": {
        "Diluted EPS": 0.29,
        "Total Revenue": NaN,
        "Gross Profit": NaN,
        "Operating Income": 777,
        "EBIT": 853,
        "Net Income": 537
    },
    "2012-02-29": {
        "Diluted EPS": 0.3,
        "Total Revenue": NaN,
        "Gross Profit": NaN,
        "Operating Income": 777,
        "EBIT": 899,
        "Net Income": 560
    },
    "2011-11-30": {
        "Diluted EPS": 0.25,
        "Total Revenue": NaN,
        "Gross Profit": NaN,
        "Operating Income": 645,
        "EBIT": 732,
        "Net Income": 469
    },
    "2011-08-31": {
        "Diluted EPS": 0.34,
        "Total Revenue": NaN,
        "Gross Profit": NaN,
        "Operating Income": 870,
        "EBIT": 981,
        "Net Income": 645
    },
    "2011-05-31": {
        "Diluted EPS": 0.31,
        "Total Revenue": NaN,
        "Gross Profit": NaN,
        "Operating Income": 808,
        "EBIT": 906,
        "Net Income": 594
    },
    "2011-02-28": {
        "Diluted EPS": 0.27,
        "Total Revenue": NaN,
        "Gross Profit": NaN,
        "Operating Income": 690,
        "EBIT": 775,
        "Net Income": 523
    },
    "2010-11-30": {
        "Diluted EPS": 0.24,
        "Total Revenue": NaN,
        "Gross Profit": NaN,
        "Operating Income": 582,
        "EBIT": 695,
        "Net Income": 457
    },
    "2010-08-31": {
        "Diluted EPS": 0.29,
        "Total Revenue": NaN,
        "Gross Profit": NaN,
        "Operating Income": 761,
        "EBIT": 823,
        "Net Income": 559
    },
    "2010-05-31": {
        "Diluted EPS": 0.26,
        "Total Revenue": NaN,
        "Gross Profit": NaN,
        "Operating Income": 668,
        "EBIT": 802,
        "Net Income": 522
    },
    "2010-02-28": {
        "Diluted EPS": 0.25,
        "Total Revenue": NaN,
        "Gross Profit": NaN,
        "Operating Income": 655,
        "EBIT": 742,
        "Net Income": 497
    },
    "2009-11-30": {
        "Diluted EPS": 0.19,
        "Total Revenue": NaN,
        "Gross Profit": NaN,
        "Operating Income": 481,
        "EBIT": 575,
        "Net Income": 375
    },
    "2009-08-31": {
        "Diluted EPS": 0.26,
        "Total Revenue": NaN,
        "Gross Profit": NaN,
        "Operating Income": 670,
        "EBIT": 751,
        "Net Income": 513
    },
    "2009-05-31": {
        "Diluted EPS": 0.18,
        "Total Revenue": NaN,
        "Gross Profit": NaN,
        "Operating Income": 454,
        "EBIT": 582,
        "Net Income": 342
    },
    "2009-02-28": {
        "Diluted EPS": 0.13,
        "Total Revenue": NaN,
        "Gross Profit": NaN,
        "Operating Income": 195,
        "EBIT": 676,
        "Net Income": 244
    },
    "2023-08-31": {
        "Tax Effect Of Unusual Items": NaN,
        "Tax Rate For Calcs": NaN,
        "Normalized EBITDA": NaN,
        "Net Income From Continuing Operation Net Minority Interest": NaN,
        "Reconciled Depreciation": NaN,
        "Reconciled Cost Of Revenue": NaN,
        "EBITDA": NaN,
        "EBIT": NaN,
        "Net Interest Income": NaN,
        "Normalized Income": NaN,
        "Net Income From Continuing And Discontinued Operation": NaN,
        "Total Expenses": NaN,
        "Diluted Average Shares": NaN,
        "Basic Average Shares": NaN,
        "Diluted EPS": NaN,
        "Basic EPS": NaN,
        "Diluted NI Availto Com Stockholders": NaN,
        "Net Income Common Stockholders": NaN,
        "Net Income": NaN,
        "Net Income Including Noncontrolling Interests": NaN,
        "Net Income Continuous Operations": NaN,
        "Tax Provision": NaN,
        "Pretax Income": NaN,
        "Other Income Expense": NaN,
        "Other Non Operating Income Expenses": NaN,
        "Net Non Operating Interest Income Expense": NaN,
        "Total Other Finance Cost": NaN,
        "Operating Income": NaN,
        "Operating Expense": NaN,
        "Other Operating Expenses": 3047000000.0,
        "Selling General And Administration": NaN,
        "Selling And Marketing Expense": NaN,
        "General And Administrative Expense": NaN,
        "Other Gand A": NaN,
        "Gross Profit": NaN,
        "Cost Of Revenue": NaN,
        "Total Revenue": NaN,
        "Operating Revenue": NaN
    },
    "2023-11-30": {
        "Tax Effect Of Unusual Items": NaN,
        "Tax Rate For Calcs": NaN,
        "Normalized EBITDA": NaN,
        "Net Income From Continuing Operation Net Minority Interest": NaN,
        "Reconciled Depreciation": NaN,
        "Reconciled Cost Of Revenue": NaN,
        "EBITDA": NaN,
        "EBIT": NaN,
        "Net Interest Income": NaN,
        "Normalized Income": NaN,
        "Net Income From Continuing And Discontinued Operation": NaN,
        "Total Expenses": NaN,
        "Diluted Average Shares": NaN,
        "Basic Average Shares": NaN,
        "Diluted EPS": NaN,
        "Basic EPS": NaN,
        "Diluted NI Availto Com Stockholders": NaN,
        "Net Income Common Stockholders": NaN,
        "Net Income": NaN,
        "Net Income Including Noncontrolling Interests": NaN,
        "Net Income Continuous Operations": NaN,
        "Tax Provision": NaN,
        "Pretax Income": NaN,
        "Other Income Expense": NaN,
        "Other Non Operating Income Expenses": NaN,
        "Net Non Operating Interest Income Expense": NaN,
        "Total Other Finance Cost": NaN,
        "Operating Income": NaN,
        "Operating Expense": NaN,
        "Other Operating Expenses": 3032000000.0,
        "Selling General And Administration": NaN,
        "Selling And Marketing Expense": NaN,
        "General And Administrative Expense": NaN,
        "Other Gand A": NaN,
        "Gross Profit": NaN,
        "Cost Of Revenue": NaN,
        "Total Revenue": NaN,
        "Operating Revenue": NaN
    },
    "2024-02-29": {
        "Tax Effect Of Unusual Items": NaN,
        "Tax Rate For Calcs": NaN,
        "Normalized EBITDA": NaN,
        "Net Income From Continuing Operation Net Minority Interest": NaN,
        "Reconciled Depreciation": NaN,
        "Reconciled Cost Of Revenue": NaN,
        "EBITDA": NaN,
        "EBIT": NaN,
        "Net Interest Income": NaN,
        "Normalized Income": NaN,
        "Net Income From Continuing And Discontinued Operation": NaN,
        "Total Expenses": NaN,
        "Diluted Average Shares": 1526500000.0,
        "Basic Average Shares": 1513200000.0,
        "Diluted EPS": 0.77,
        "Basic EPS": 0.77,
        "Diluted NI Availto Com Stockholders": NaN,
        "Net Income Common Stockholders": NaN,
        "Net Income": NaN,
        "Net Income Including Noncontrolling Interests": NaN,
        "Net Income Continuous Operations": NaN,
        "Tax Provision": NaN,
        "Pretax Income": NaN,
        "Other Income Expense": NaN,
        "Other Non Operating Income Expenses": NaN,
        "Net Non Operating Interest Income Expense": NaN,
        "Total Other Finance Cost": NaN,
        "Operating Income": NaN,
        "Operating Expense": NaN,
        "Selling General And Administration": NaN,
        "Selling And Marketing Expense": NaN,
        "General And Administrative Expense": NaN,
        "Other Gand A": NaN,
        "Gross Profit": NaN,
        "Cost Of Revenue": NaN,
        "Total Revenue": NaN,
        "Operating Revenue": NaN
    },
    "2024-05-31": {
        "Tax Effect Of Unusual Items": 0.0,
        "Tax Rate For Calcs": 0.130939,
        "Normalized EBITDA": 1750000000.0,
        "Net Income From Continuing Operation Net Minority Interest": 1500000000.0,
        "Reconciled Depreciation": 204000000.0,
        "Reconciled Cost Of Revenue": 6972000000.0,
        "EBITDA": 1750000000.0,
        "EBIT": 1546000000.0,
        "Net Interest Income": 53000000.0,
        "Normalized Income": 1500000000.0,
        "Net Income From Continuing And Discontinued Operation": 1500000000.0,
        "Total Expenses": 11060000000.0,
        "Diluted Average Shares": 1516700000.0,
        "Basic Average Shares": 1508000000.0,
        "Diluted EPS": 0.99,
        "Basic EPS": 0.99,
        "Diluted NI Availto Com Stockholders": 1500000000.0,
        "Net Income Common Stockholders": 1500000000.0,
        "Net Income": 1500000000.0,
        "Net Income Including Noncontrolling Interests": 1500000000.0,
        "Net Income Continuous Operations": 1500000000.0,
        "Tax Provision": 226000000.0,
        "Pretax Income": 1726000000.0,
        "Other Income Expense": 127000000.0,
        "Other Non Operating Income Expenses": 127000000.0,
        "Net Non Operating Interest Income Expense": 53000000.0,
        "Total Other Finance Cost": -53000000.0,
        "Operating Income": 1546000000.0,
        "Operating Expense": 4088000000.0,
        "Selling General And Administration": 4088000000.0,
        "Selling And Marketing Expense": 1091000000.0,
        "General And Administrative Expense": 2997000000.0,
        "Other Gand A": 2997000000.0,
        "Gross Profit": 5634000000.0,
        "Cost Of Revenue": 6972000000.0,
        "Total Revenue": 12606000000.0,
        "Operating Revenue": 12606000000.0
    },
    "2024-08-31": {
        "Tax Effect Of Unusual Items": 0.0,
        "Tax Rate For Calcs": 0.196,
        "Normalized EBITDA": 1393000000.0,
        "Net Income From Continuing Operation Net Minority Interest": 1051000000.0,
        "Reconciled Depreciation": 184000000.0,
        "Reconciled Cost Of Revenue": 6332000000.0,
        "EBITDA": 1393000000.0,
        "EBIT": 1209000000.0,
        "Net Interest Income": 43000000.0,
        "Normalized Income": 1051000000.0,
        "Net Income From Continuing And Discontinued Operation": 1051000000.0,
        "Total Expenses": 10380000000.0,
        "Diluted Average Shares": 1502000000.0,
        "Basic Average Shares": 1497700000.0,
        "Diluted EPS": 0.7,
        "Basic EPS": 0.7,
        "Diluted NI Availto Com Stockholders": 1051000000.0,
        "Net Income Common Stockholders": 1051000000.0,
        "Net Income": 1051000000.0,
        "Net Income Including Noncontrolling Interests": 1051000000.0,
        "Net Income Continuous Operations": 1051000000.0,
        "Tax Provision": 256000000.0,
        "Pretax Income": 1307000000.0,
        "Other Income Expense": 55000000.0,
        "Other Non Operating Income Expenses": 55000000.0,
        "Net Non Operating Interest Income Expense": 43000000.0,
        "Total Other Finance Cost": -43000000.0,
        "Operating Income": 1209000000.0,
        "Operating Expense": 4048000000.0,
        "Selling General And Administration": 4048000000.0,
        "Selling And Marketing Expense": 1226000000.0,
        "General And Administrative Expense": 2822000000.0,
        "Other Gand A": 2822000000.0,
        "Gross Profit": 5257000000.0,
        "Cost Of Revenue": 6332000000.0,
        "Total Revenue": 11589000000.0,
        "Operating Revenue": 11589000000.0
    },
    "2024-11-30": {
        "Tax Effect Of Unusual Items": 0.0,
        "Tax Rate For Calcs": 0.179,
        "Normalized EBITDA": 1569000000.0,
        "Net Income From Continuing Operation Net Minority Interest": 1163000000.0,
        "Reconciled Depreciation": 185000000.0,
        "Reconciled Cost Of Revenue": 6965000000.0,
        "EBITDA": 1569000000.0,
        "EBIT": 1384000000.0,
        "Net Interest Income": 24000000.0,
        "Normalized Income": 1163000000.0,
        "Net Income From Continuing And Discontinued Operation": 1163000000.0,
        "Total Expenses": 10970000000.0,
        "Diluted Average Shares": 1490000000.0,
        "Basic Average Shares": 1486800000.0,
        "Diluted EPS": 0.78,
        "Basic EPS": 0.78,
        "Diluted NI Availto Com Stockholders": 1163000000.0,
        "Net Income Common Stockholders": 1163000000.0,
        "Net Income": 1163000000.0,
        "Net Income Including Noncontrolling Interests": 1163000000.0,
        "Net Income Continuous Operations": 1163000000.0,
        "Tax Provision": 253000000.0,
        "Pretax Income": 1416000000.0,
        "Other Income Expense": 8000000.0,
        "Other Non Operating Income Expenses": 8000000.0,
        "Net Non Operating Interest Income Expense": 24000000.0,
        "Total Other Finance Cost": -24000000.0,
        "Operating Income": 1384000000.0,
        "Operating Expense": 4005000000.0,
        "Selling General And Administration": 4005000000.0,
        "Selling And Marketing Expense": 1122000000.0,
        "General And Administrative Expense": 2883000000.0,
        "Other Gand A": 2883000000.0,
        "Gross Profit": 5389000000.0,
        "Cost Of Revenue": 6965000000.0,
        "Total Revenue": 12354000000.0,
        "Operating Revenue": 12354000000.0
    },
    "2025-02-28": {
        "Tax Effect Of Unusual Items": 0.0,
        "Tax Rate For Calcs": 0.059,
        "Normalized EBITDA": 1030000000.0,
        "Net Income From Continuing Operation Net Minority Interest": 794000000.0,
        "Reconciled Depreciation": 242000000.0,
        "Reconciled Cost Of Revenue": 6594000000.0,
        "EBITDA": 1030000000.0,
        "EBIT": 788000000.0,
        "Net Interest Income": 18000000.0,
        "Normalized Income": 794000000.0,
        "Net Income From Continuing And Discontinued Operation": 794000000.0,
        "Total Expenses": 10481000000.0,
        "Diluted Average Shares": 1480600000.0,
        "Basic Average Shares": 1478100000.0,
        "Diluted EPS": 0.54,
        "Basic EPS": 0.54,
        "Diluted NI Availto Com Stockholders": 794000000.0,
        "Net Income Common Stockholders": 794000000.0,
        "Net Income": 794000000.0,
        "Net Income Including Noncontrolling Interests": 794000000.0,
        "Net Income Continuous Operations": 794000000.0,
        "Tax Provision": 50000000.0,
        "Pretax Income": 844000000.0,
        "Other Income Expense": 38000000.0,
        "Other Non Operating Income Expenses": 38000000.0,
        "Net Non Operating Interest Income Expense": 18000000.0,
        "Total Other Finance Cost": -18000000.0,
        "Operating Income": 788000000.0,
        "Operating Expense": 3887000000.0,
        "Selling General And Administration": 3887000000.0,
        "Selling And Marketing Expense": 1088000000.0,
        "General And Administrative Expense": 2799000000.0,
        "Other Gand A": 2799000000.0,
        "Gross Profit": 4675000000.0,
        "Cost Of Revenue": 6594000000.0,
        "Total Revenue": 11269000000.0,
        "Operating Revenue": 11269000000.0
    },
    "2025-05-31": {
        "Tax Effect Of Unusual Items": 0.0,
        "Tax Rate For Calcs": 0.336478,
        "Normalized EBITDA": 518000000.0,
        "Net Income From Continuing Operation Net Minority Interest": 211000000.0,
        "Reconciled Depreciation": 197000000.0,
        "Reconciled Cost Of Revenue": 6628000000.0,
        "EBITDA": 518000000.0,
        "EBIT": 321000000.0,
        "Net Interest Income": 22000000.0,
        "Normalized Income": 211000000.0,
        "Net Income From Continuing And Discontinued Operation": 211000000.0,
        "Total Expenses": 10776000000.0,
        "Diluted Average Shares": NaN,
        "Basic Average Shares": NaN,
        "Diluted EPS": NaN,
        "Basic EPS": NaN,
        "Diluted NI Availto Com Stockholders": 211000000.0,
        "Net Income Common Stockholders": 211000000.0,
        "Net Income": 211000000.0,
        "Net Income Including Noncontrolling Interests": 211000000.0,
        "Net Income Continuous Operations": 211000000.0,
        "Tax Provision": 107000000.0,
        "Pretax Income": 318000000.0,
        "Other Income Expense": -25000000.0,
        "Other Non Operating Income Expenses": -25000000.0,
        "Net Non Operating Interest Income Expense": 22000000.0,
        "Total Other Finance Cost": -22000000.0,
        "Operating Income": 321000000.0,
        "Operating Expense": 4148000000.0,
        "Selling General And Administration": 4148000000.0,
        "Selling And Marketing Expense": 1253000000.0,
        "General And Administrative Expense": 2895000000.0,
        "Other Gand A": 2895000000.0,
        "Gross Profit": 4469000000.0,
        "Cost Of Revenue": 6628000000.0,
        "Total Revenue": 11097000000.0,
        "Operating Revenue": 11097000000.0
    }
}