{
    "2023-03-31": {
        "Tax Effect Of Unusual Items": NaN,
        "Tax Rate For Calcs": NaN,
        "Normalized EBITDA": NaN,
        "Total Unusual Items": NaN,
        "Total Unusual Items Excluding Goodwill": NaN,
        "Net Income From Continuing Operation Net Minority Interest": NaN,
        "Reconciled Depreciation": NaN,
        "Reconciled Cost Of Revenue": NaN,
        "EBITDA": NaN,
        "EBIT": NaN,
        "Net Interest Income": NaN,
        "Interest Expense": NaN,
        "Normalized Income": NaN,
        "Net Income From Continuing And Discontinued Operation": NaN,
        "Total Expenses": NaN,
        "Total Operating Income As Reported": NaN,
        "Diluted Average Shares": NaN,
        "Basic Average Shares": NaN,
        "Diluted EPS": NaN,
        "Basic EPS": NaN,
        "Diluted NI Availto Com Stockholders": NaN,
        "Net Income Common Stockholders": NaN,
        "Net Income": NaN,
        "Net Income Including Noncontrolling Interests": NaN,
        "Net Income Discontinuous Operations": NaN,
        "Net Income Continuous Operations": NaN,
        "Earnings From Equity Interest Net Of Tax": NaN,
        "Tax Provision": NaN,
        "Pretax Income": NaN,
        "Other Income Expense": NaN,
        "Other Non Operating Income Expenses": NaN,
        "Special Income Charges": NaN,
        "Gain On Sale Of Business": NaN,
        "Other Special Charges": NaN,
        "Impairment Of Capital Assets": NaN,
        "Gain On Sale Of Security": 306000.0,
        "Net Non Operating Interest Income Expense": NaN,
        "Interest Expense Non Operating": NaN,
        "Operating Income": NaN,
        "Operating Expense": NaN,
        "Other Operating Expenses": NaN,
        "Research And Development": NaN,
        "Selling General And Administration": NaN,
        "Gross Profit": NaN,
        "Cost Of Revenue": NaN,
        "Total Revenue": NaN,
        "Operating Revenue": NaN
    },
    "2022-12-31": {
        "Tax Effect Of Unusual Items": NaN,
        "Tax Rate For Calcs": NaN,
        "Normalized EBITDA": NaN,
        "Total Unusual Items": NaN,
        "Total Unusual Items Excluding Goodwill": NaN,
        "Net Income From Continuing Operation Net Minority Interest": NaN,
        "Reconciled Depreciation": NaN,
        "Reconciled Cost Of Revenue": NaN,
        "EBITDA": NaN,
        "EBIT": NaN,
        "Net Interest Income": NaN,
        "Interest Expense": NaN,
        "Normalized Income": NaN,
        "Net Income From Continuing And Discontinued Operation": NaN,
        "Total Expenses": NaN,
        "Total Operating Income As Reported": NaN,
        "Diluted Average Shares": NaN,
        "Basic Average Shares": NaN,
        "Diluted EPS": NaN,
        "Basic EPS": NaN,
        "Diluted NI Availto Com Stockholders": NaN,
        "Net Income Common Stockholders": NaN,
        "Net Income": NaN,
        "Net Income Including Noncontrolling Interests": NaN,
        "Net Income Discontinuous Operations": NaN,
        "Net Income Continuous Operations": NaN,
        "Earnings From Equity Interest Net Of Tax": NaN,
        "Tax Provision": NaN,
        "Pretax Income": NaN,
        "Other Income Expense": NaN,
        "Other Non Operating Income Expenses": NaN,
        "Special Income Charges": NaN,
        "Gain On Sale Of Business": NaN,
        "Other Special Charges": NaN,
        "Gain On Sale Of Security": 381000.0,
        "Net Non Operating Interest Income Expense": NaN,
        "Interest Expense Non Operating": NaN,
        "Operating Income": NaN,
        "Operating Expense": NaN,
        "Other Operating Expenses": NaN,
        "Research And Development": NaN,
        "Selling General And Administration": NaN,
        "Gross Profit": NaN,
        "Cost Of Revenue": NaN,
        "Total Revenue": NaN,
        "Operating Revenue": NaN
    },
    "2022-09-30": {
        "Tax Effect Of Unusual Items": NaN,
        "Tax Rate For Calcs": NaN,
        "Normalized EBITDA": NaN,
        "Total Unusual Items": NaN,
        "Total Unusual Items Excluding Goodwill": NaN,
        "Net Income From Continuing Operation Net Minority Interest": NaN,
        "Reconciled Depreciation": NaN,
        "Reconciled Cost Of Revenue": NaN,
        "EBITDA": NaN,
        "EBIT": NaN,
        "Net Interest Income": NaN,
        "Interest Expense": NaN,
        "Normalized Income": NaN,
        "Net Income From Continuing And Discontinued Operation": NaN,
        "Total Expenses": NaN,
        "Total Operating Income As Reported": NaN,
        "Diluted Average Shares": NaN,
        "Basic Average Shares": NaN,
        "Diluted EPS": NaN,
        "Basic EPS": NaN,
        "Diluted NI Availto Com Stockholders": NaN,
        "Net Income Common Stockholders": NaN,
        "Net Income": NaN,
        "Net Income Including Noncontrolling Interests": NaN,
        "Net Income Discontinuous Operations": NaN,
        "Net Income Continuous Operations": NaN,
        "Earnings From Equity Interest Net Of Tax": NaN,
        "Tax Provision": NaN,
        "Pretax Income": NaN,
        "Other Income Expense": NaN,
        "Other Non Operating Income Expenses": NaN,
        "Special Income Charges": NaN,
        "Gain On Sale Of Business": 0.0,
        "Other Special Charges": NaN,
        "Gain On Sale Of Security": 586000.0,
        "Net Non Operating Interest Income Expense": NaN,
        "Interest Expense Non Operating": NaN,
        "Operating Income": NaN,
        "Operating Expense": NaN,
        "Other Operating Expenses": NaN,
        "Research And Development": NaN,
        "Selling General And Administration": NaN,
        "Gross Profit": NaN,
        "Cost Of Revenue": NaN,
        "Total Revenue": NaN,
        "Operating Revenue": NaN
    },
    "2022-06-30": {
        "Tax Effect Of Unusual Items": 1336400.0,
        "Tax Rate For Calcs": 0.4,
        "Normalized EBITDA": -165693000.0,
        "Total Unusual Items": 3341000.0,
        "Total Unusual Items Excluding Goodwill": 3341000.0,
        "Net Income From Continuing Operation Net Minority Interest": -172997000.0,
        "Reconciled Depreciation": 6565000.0,
        "Reconciled Cost Of Revenue": 47391000.0,
        "EBITDA": -162352000.0,
        "EBIT": -168917000.0,
        "Net Interest Income": -2808000.0,
        "Interest Expense": 2808000.0,
        "Normalized Income": -175001600.0,
        "Net Income From Continuing And Discontinued Operation": -172997000.0,
        "Total Expenses": 190365000.0,
        "Total Operating Income As Reported": -172231000.0,
        "Diluted Average Shares": 425323391.0,
        "Basic Average Shares": 425323391.0,
        "Diluted EPS": -0.41,
        "Basic EPS": -0.41,
        "Diluted NI Availto Com Stockholders": -172997000.0,
        "Average Dilution Earnings": 0.0,
        "Net Income Common Stockholders": -172997000.0,
        "Net Income": -172997000.0,
        "Net Income Including Noncontrolling Interests": -172997000.0,
        "Net Income Discontinuous Operations": NaN,
        "Net Income Continuous Operations": -172997000.0,
        "Earnings From Equity Interest Net Of Tax": -1270000.0,
        "Tax Provision": 2000.0,
        "Pretax Income": -171725000.0,
        "Other Income Expense": 3314000.0,
        "Other Non Operating Income Expenses": -27000.0,
        "Special Income Charges": NaN,
        "Gain On Sale Of Business": NaN,
        "Other Special Charges": NaN,
        "Gain On Sale Of Security": 3341000.0,
        "Net Non Operating Interest Income Expense": -2808000.0,
        "Total Other Finance Cost": NaN,
        "Interest Expense Non Operating": 2808000.0,
        "Operating Income": -172231000.0,
        "Operating Expense": 142974000.0,
        "Other Operating Expenses": NaN,
        "Research And Development": 63106000.0,
        "Selling General And Administration": 79868000.0,
        "General And Administrative Expense": NaN,
        "Other Gand A": NaN,
        "Salaries And Wages": NaN,
        "Gross Profit": -29257000.0,
        "Cost Of Revenue": 47391000.0,
        "Total Revenue": 18134000.0,
        "Operating Revenue": 18134000.0
    },
    "2022-03-31": {
        "Diluted EPS": -0.37,
        "Total Revenue": 2,
        "Gross Profit": 0,
        "Operating Income": -151,
        "EBIT": -148,
        "Net Income": -153
    },
    "2021-12-31": {
        "Diluted EPS": -0.39,
        "Total Revenue": NaN,
        "Gross Profit": NaN,
        "Operating Income": -163,
        "EBIT": -160,
        "Net Income": -159
    },
    "2021-09-30": {
        "Diluted EPS": -0.68,
        "Total Revenue": NaN,
        "Gross Profit": NaN,
        "Operating Income": -272,
        "EBIT": -270,
        "Net Income": -268
    },
    "2021-06-30": {
        "Diluted EPS": -0.36,
        "Total Revenue": NaN,
        "Gross Profit": NaN,
        "Operating Income": -138,
        "EBIT": -136,
        "Net Income": -143
    },
    "2021-03-31": {
        "Diluted EPS": -0.31,
        "Total Revenue": NaN,
        "Gross Profit": NaN,
        "Operating Income": -121,
        "EBIT": -119,
        "Net Income": -120
    },
    "2020-12-31": {
        "Diluted EPS": -0.32,
        "Total Revenue": 0,
        "Gross Profit": 0,
        "Operating Income": -147,
        "EBIT": -131,
        "Net Income": -142
    },
    "2020-09-30": {
        "Diluted EPS": -0.31,
        "Total Revenue": NaN,
        "Gross Profit": NaN,
        "Operating Income": -117,
        "EBIT": -116,
        "Net Income": -80
    },
    "2020-06-30": {
        "Diluted EPS": -0.43,
        "Total Revenue": 0,
        "Gross Profit": 0,
        "Operating Income": -87,
        "EBIT": -85,
        "Net Income": -129
    },
    "2020-03-31": {
        "Diluted EPS": -0.12,
        "Total Revenue": 0,
        "Gross Profit": 0,
        "Operating Income": -32,
        "EBIT": -31,
        "Net Income": -33
    },
    "2019-12-31": {
        "Diluted EPS": -0.31,
        "Total Revenue": 0,
        "Gross Profit": 0,
        "Operating Income": -58,
        "EBIT": -56,
        "Net Income": -74
    },
    "2019-09-30": {
        "Diluted EPS": -0.06,
        "Total Revenue": 0,
        "Gross Profit": 0,
        "Operating Income": -13,
        "EBIT": -12,
        "Net Income": -16
    },
    "2019-06-30": {
        "Diluted EPS": -0.06,
        "Total Revenue": 0,
        "Gross Profit": 0,
        "Operating Income": -17,
        "EBIT": -17,
        "Net Income": -17
    },
    "2019-03-31": {
        "Diluted EPS": 0.03,
        "Total Revenue": NaN,
        "Gross Profit": NaN,
        "Operating Income": 0,
        "EBIT": 0,
        "Net Income": 1
    },
    "2018-12-31": {
        "Diluted EPS": 0.0,
        "Total Revenue": NaN,
        "Gross Profit": NaN,
        "Operating Income": NaN,
        "EBIT": NaN,
        "Net Income": NaN
    },
    "2018-09-30": {
        "Diluted EPS": -0.01,
        "Total Revenue": NaN,
        "Gross Profit": NaN,
        "Operating Income": 0,
        "EBIT": 0,
        "Net Income": 0
    },
    "2018-06-30": {
        "Diluted EPS": 0.0,
        "Total Revenue": NaN,
        "Gross Profit": NaN,
        "Operating Income": 0,
        "EBIT": 0,
        "Net Income": 0
    },
    "2018-03-31": {
        "Diluted EPS": 0.0,
        "Total Revenue": NaN,
        "Gross Profit": NaN,
        "Operating Income": NaN,
        "EBIT": NaN,
        "Net Income": NaN
    },
    "2023-06-30": {
        "Tax Effect Of Unusual Items": NaN,
        "Tax Rate For Calcs": NaN,
        "Normalized EBITDA": NaN,
        "Total Unusual Items": NaN,
        "Total Unusual Items Excluding Goodwill": NaN,
        "Net Income From Continuing Operation Net Minority Interest": NaN,
        "Reconciled Depreciation": NaN,
        "Reconciled Cost Of Revenue": NaN,
        "EBITDA": NaN,
        "EBIT": NaN,
        "Net Interest Income": NaN,
        "Interest Expense": NaN,
        "Normalized Income": NaN,
        "Net Income From Continuing And Discontinued Operation": NaN,
        "Total Expenses": NaN,
        "Total Operating Income As Reported": NaN,
        "Diluted Average Shares": NaN,
        "Basic Average Shares": NaN,
        "Diluted EPS": NaN,
        "Basic EPS": NaN,
        "Diluted NI Availto Com Stockholders": NaN,
        "Net Income Common Stockholders": NaN,
        "Net Income": NaN,
        "Net Income Including Noncontrolling Interests": NaN,
        "Net Income Discontinuous Operations": NaN,
        "Net Income Continuous Operations": NaN,
        "Earnings From Equity Interest Net Of Tax": NaN,
        "Tax Provision": NaN,
        "Pretax Income": NaN,
        "Other Income Expense": NaN,
        "Other Non Operating Income Expenses": NaN,
        "Special Income Charges": NaN,
        "Gain On Sale Of Business": 70849000.0,
        "Other Special Charges": 20362000.0,
        "Impairment Of Capital Assets": NaN,
        "Gain On Sale Of Security": 41000.0,
        "Net Non Operating Interest Income Expense": NaN,
        "Interest Expense Non Operating": NaN,
        "Operating Income": NaN,
        "Operating Expense": NaN,
        "Other Operating Expenses": 17717000.0,
        "Research And Development": NaN,
        "Selling General And Administration": NaN,
        "Gross Profit": NaN,
        "Cost Of Revenue": NaN,
        "Total Revenue": NaN,
        "Operating Revenue": NaN
    },
    "2023-09-30": {
        "Tax Effect Of Unusual Items": 0.0,
        "Tax Rate For Calcs": 0.21,
        "Normalized EBITDA": -356663000.0,
        "Total Unusual Items": 0.0,
        "Total Unusual Items Excluding Goodwill": 0.0,
        "Net Income From Continuing Operation Net Minority Interest": -425764000.0,
        "Reconciled Depreciation": 16158000.0,
        "Reconciled Cost Of Revenue": 123771000.0,
        "EBITDA": -356663000.0,
        "EBIT": -372821000.0,
        "Net Interest Income": -52680000.0,
        "Interest Expense": 52680000.0,
        "Normalized Income": -425764000.0,
        "Net Income From Continuing And Discontinued Operation": -425764000.0,
        "Total Expenses": 224435000.0,
        "Total Operating Income As Reported": -226167000.0,
        "Diluted Average Shares": 28573800.0,
        "Basic Average Shares": 28573800.0,
        "Diluted EPS": -14.9,
        "Basic EPS": -14.9,
        "Diluted NI Availto Com Stockholders": -425764000.0,
        "Net Income Common Stockholders": -425764000.0,
        "Net Income": -425764000.0,
        "Net Income Including Noncontrolling Interests": -425764000.0,
        "Net Income Discontinuous Operations": 0.0,
        "Net Income Continuous Operations": -425764000.0,
        "Earnings From Equity Interest Net Of Tax": -262000.0,
        "Tax Provision": 1000.0,
        "Pretax Income": -425501000.0,
        "Other Income Expense": -146654000.0,
        "Other Non Operating Income Expenses": -146654000.0,
        "Special Income Charges": 0.0,
        "Gain On Sale Of Business": 0.0,
        "Other Special Charges": NaN,
        "Impairment Of Capital Assets": 0.0,
        "Gain On Sale Of Security": NaN,
        "Net Non Operating Interest Income Expense": -52680000.0,
        "Interest Expense Non Operating": 52680000.0,
        "Operating Income": -226167000.0,
        "Operating Expense": 100664000.0,
        "Other Operating Expenses": 716000.0,
        "Research And Development": 41966000.0,
        "Selling General And Administration": 57982000.0,
        "Gross Profit": -125503000.0,
        "Cost Of Revenue": 123771000.0,
        "Total Revenue": -1732000.0,
        "Operating Revenue": -1732000.0
    },
    "2023-12-31": {
        "Tax Effect Of Unusual Items": -2227470.0,
        "Tax Rate For Calcs": 0.21,
        "Normalized EBITDA": -130954000.0,
        "Total Unusual Items": -10607000.0,
        "Total Unusual Items Excluding Goodwill": -10607000.0,
        "Net Income From Continuing Operation Net Minority Interest": -153596000.0,
        "Reconciled Depreciation": 7132000.0,
        "Reconciled Cost Of Revenue": 49768000.0,
        "EBITDA": -141561000.0,
        "EBIT": -148693000.0,
        "Net Interest Income": -4761000.0,
        "Interest Expense": 4761000.0,
        "Normalized Income": -145216470.0,
        "Net Income From Continuing And Discontinued Operation": -153596000.0,
        "Total Expenses": 139368000.0,
        "Total Operating Income As Reported": -127836000.0,
        "Diluted Average Shares": 35936365.0,
        "Basic Average Shares": 35936365.0,
        "Diluted EPS": -4.2,
        "Basic EPS": -4.2,
        "Diluted NI Availto Com Stockholders": -153596000.0,
        "Net Income Common Stockholders": -153596000.0,
        "Net Income": -153596000.0,
        "Net Income Including Noncontrolling Interests": -153596000.0,
        "Net Income Discontinuous Operations": 0.0,
        "Net Income Continuous Operations": -153596000.0,
        "Earnings From Equity Interest Net Of Tax": -131000.0,
        "Tax Provision": 11000.0,
        "Pretax Income": -153454000.0,
        "Other Income Expense": -20857000.0,
        "Other Non Operating Income Expenses": -10250000.0,
        "Special Income Charges": -10663000.0,
        "Gain On Sale Of Business": 0.0,
        "Other Special Charges": 10663000.0,
        "Impairment Of Capital Assets": NaN,
        "Gain On Sale Of Security": 56000.0,
        "Net Non Operating Interest Income Expense": -4761000.0,
        "Interest Expense Non Operating": 4761000.0,
        "Operating Income": -127836000.0,
        "Operating Expense": 89600000.0,
        "Other Operating Expenses": 10401000.0,
        "Research And Development": 39874000.0,
        "Selling General And Administration": 39325000.0,
        "Gross Profit": -38236000.0,
        "Cost Of Revenue": 49768000.0,
        "Total Revenue": 11532000.0,
        "Operating Revenue": 11532000.0
    },
    "2024-03-31": {
        "Tax Effect Of Unusual Items": 0.0,
        "Tax Rate For Calcs": 0.0,
        "Normalized EBITDA": -133907000.0,
        "Total Unusual Items": -784000.0,
        "Total Unusual Items Excluding Goodwill": -784000.0,
        "Net Income From Continuing Operation Net Minority Interest": -147722000.0,
        "Reconciled Depreciation": 10596000.0,
        "Reconciled Cost Of Revenue": 65072000.0,
        "EBITDA": -134691000.0,
        "EBIT": -145287000.0,
        "Net Interest Income": -2278000.0,
        "Interest Expense": 2278000.0,
        "Normalized Income": -146938000.0,
        "Net Income From Continuing And Discontinued Operation": -147722000.0,
        "Total Expenses": 152860000.0,
        "Total Operating Income As Reported": -145363000.0,
        "Diluted Average Shares": 44529244.0,
        "Basic Average Shares": 44529244.0,
        "Diluted EPS": -3.3,
        "Basic EPS": -3.3,
        "Diluted NI Availto Com Stockholders": -147722000.0,
        "Net Income Common Stockholders": -147722000.0,
        "Net Income": -147722000.0,
        "Net Income Including Noncontrolling Interests": -147722000.0,
        "Net Income Discontinuous Operations": 0.0,
        "Net Income Continuous Operations": -147722000.0,
        "Earnings From Equity Interest Net Of Tax": -157000.0,
        "Tax Provision": 0.0,
        "Pretax Income": -147565000.0,
        "Other Income Expense": 76000.0,
        "Other Non Operating Income Expenses": 860000.0,
        "Special Income Charges": -784000.0,
        "Gain On Sale Of Business": NaN,
        "Other Special Charges": 784000.0,
        "Impairment Of Capital Assets": NaN,
        "Gain On Sale Of Security": NaN,
        "Net Non Operating Interest Income Expense": -2278000.0,
        "Interest Expense Non Operating": 2278000.0,
        "Operating Income": -145363000.0,
        "Operating Expense": 87788000.0,
        "Other Operating Expenses": NaN,
        "Research And Development": 39497000.0,
        "Selling General And Administration": 48291000.0,
        "Gross Profit": -57575000.0,
        "Cost Of Revenue": 65072000.0,
        "Total Revenue": 7497000.0,
        "Operating Revenue": 7497000.0
    },
    "2024-06-30": {
        "Tax Effect Of Unusual Items": -321090.0,
        "Tax Rate For Calcs": 0.21,
        "Normalized EBITDA": -116127000.0,
        "Total Unusual Items": -1529000.0,
        "Total Unusual Items Excluding Goodwill": -1529000.0,
        "Net Income From Continuing Operation Net Minority Interest": -133674000.0,
        "Reconciled Depreciation": 11104000.0,
        "Reconciled Cost Of Revenue": 86045000.0,
        "EBITDA": -117656000.0,
        "EBIT": -128760000.0,
        "Net Interest Income": -3941000.0,
        "Interest Expense": 3941000.0,
        "Normalized Income": -132466090.0,
        "Net Income From Continuing And Discontinued Operation": -133674000.0,
        "Total Expenses": 162443000.0,
        "Total Operating Income As Reported": -131124000.0,
        "Diluted Average Shares": 46699945.0,
        "Basic Average Shares": 46699945.0,
        "Diluted EPS": -2.86,
        "Basic EPS": -2.86,
        "Diluted NI Availto Com Stockholders": -133674000.0,
        "Net Income Common Stockholders": -133674000.0,
        "Net Income": -133674000.0,
        "Net Income Including Noncontrolling Interests": -133674000.0,
        "Net Income Discontinuous Operations": 0.0,
        "Net Income Continuous Operations": -133674000.0,
        "Earnings From Equity Interest Net Of Tax": -881000.0,
        "Tax Provision": 92000.0,
        "Pretax Income": -132701000.0,
        "Other Income Expense": 2364000.0,
        "Other Non Operating Income Expenses": 3893000.0,
        "Special Income Charges": -1529000.0,
        "Gain On Sale Of Business": 0.0,
        "Other Special Charges": 1529000.0,
        "Impairment Of Capital Assets": NaN,
        "Gain On Sale Of Security": NaN,
        "Net Non Operating Interest Income Expense": -3941000.0,
        "Interest Expense Non Operating": 3941000.0,
        "Operating Income": -131124000.0,
        "Operating Expense": 76398000.0,
        "Other Operating Expenses": NaN,
        "Research And Development": 40161000.0,
        "Selling General And Administration": 36237000.0,
        "Gross Profit": -54726000.0,
        "Cost Of Revenue": 86045000.0,
        "Total Revenue": 31319000.0,
        "Operating Revenue": 31319000.0
    },
    "2024-09-30": {
        "Tax Effect Of Unusual Items": 0.0,
        "Tax Rate For Calcs": 0.0,
        "Normalized EBITDA": -143081000.0,
        "Total Unusual Items": -34290000.0,
        "Total Unusual Items Excluding Goodwill": -34290000.0,
        "Net Income From Continuing Operation Net Minority Interest": -199781000.0,
        "Reconciled Depreciation": 11708000.0,
        "Reconciled Cost Of Revenue": 87124000.0,
        "EBITDA": -177371000.0,
        "EBIT": -189079000.0,
        "Net Interest Income": -10875000.0,
        "Interest Expense": 10875000.0,
        "Normalized Income": -165491000.0,
        "Net Income From Continuing And Discontinued Operation": -199781000.0,
        "Total Expenses": 170553000.0,
        "Total Operating Income As Reported": -178791000.0,
        "Diluted Average Shares": 51388962.0,
        "Basic Average Shares": 51388962.0,
        "Diluted EPS": -3.89,
        "Basic EPS": -3.89,
        "Diluted NI Availto Com Stockholders": -199781000.0,
        "Net Income Common Stockholders": -199781000.0,
        "Net Income": -199781000.0,
        "Net Income Including Noncontrolling Interests": -199781000.0,
        "Net Income Discontinuous Operations": 0.0,
        "Net Income Continuous Operations": -199781000.0,
        "Earnings From Equity Interest Net Of Tax": 173000.0,
        "Tax Provision": 0.0,
        "Pretax Income": -199954000.0,
        "Other Income Expense": -43707000.0,
        "Other Non Operating Income Expenses": -9417000.0,
        "Special Income Charges": -34290000.0,
        "Gain On Sale Of Business": 0.0,
        "Other Special Charges": 871000.0,
        "Impairment Of Capital Assets": 33419000.0,
        "Gain On Sale Of Security": NaN,
        "Net Non Operating Interest Income Expense": -10875000.0,
        "Interest Expense Non Operating": 10875000.0,
        "Operating Income": -145372000.0,
        "Operating Expense": 83429000.0,
        "Other Operating Expenses": NaN,
        "Research And Development": 41800000.0,
        "Selling General And Administration": 41629000.0,
        "Gross Profit": -61943000.0,
        "Cost Of Revenue": 87124000.0,
        "Total Revenue": 25181000.0,
        "Operating Revenue": 25181000.0
    }
}