{
    "2023-03-31": {
        "Tax Effect Of Unusual Items": NaN,
        "Tax Rate For Calcs": NaN,
        "Normalized EBITDA": NaN,
        "Net Income From Continuing Operation Net Minority Interest": NaN,
        "Reconciled Depreciation": NaN,
        "EBITDA": NaN,
        "EBIT": NaN,
        "Net Interest Income": NaN,
        "Interest Income": NaN,
        "Normalized Income": NaN,
        "Net Income From Continuing And Discontinued Operation": NaN,
        "Total Expenses": NaN,
        "Total Operating Income As Reported": NaN,
        "Diluted Average Shares": 48921326.0,
        "Basic Average Shares": 48921326.0,
        "Diluted EPS": -0.63,
        "Basic EPS": -0.63,
        "Diluted NI Availto Com Stockholders": NaN,
        "Net Income Common Stockholders": NaN,
        "Net Income": NaN,
        "Net Income Including Noncontrolling Interests": NaN,
        "Net Income Continuous Operations": NaN,
        "Pretax Income": NaN,
        "Other Income Expense": NaN,
        "Other Non Operating Income Expenses": NaN,
        "Net Non Operating Interest Income Expense": NaN,
        "Interest Income Non Operating": NaN,
        "Operating Income": NaN,
        "Operating Expense": NaN,
        "Research And Development": NaN,
        "Selling General And Administration": NaN,
        "General And Administrative Expense": NaN,
        "Other Gand A": NaN,
        "Total Revenue": NaN,
        "Operating Revenue": NaN
    },
    "2022-12-31": {
        "Tax Effect Of Unusual Items": NaN,
        "Tax Rate For Calcs": NaN,
        "Normalized EBITDA": NaN,
        "Net Income From Continuing Operation Net Minority Interest": NaN,
        "Reconciled Depreciation": NaN,
        "EBITDA": NaN,
        "EBIT": NaN,
        "Net Interest Income": NaN,
        "Interest Income": NaN,
        "Normalized Income": NaN,
        "Net Income From Continuing And Discontinued Operation": NaN,
        "Total Expenses": NaN,
        "Total Operating Income As Reported": NaN,
        "Diluted Average Shares": 48833577.0,
        "Basic Average Shares": 48833577.0,
        "Diluted EPS": -0.67,
        "Basic EPS": -0.67,
        "Diluted NI Availto Com Stockholders": NaN,
        "Net Income Common Stockholders": NaN,
        "Net Income": NaN,
        "Net Income Including Noncontrolling Interests": NaN,
        "Net Income Continuous Operations": NaN,
        "Pretax Income": NaN,
        "Other Income Expense": NaN,
        "Other Non Operating Income Expenses": NaN,
        "Net Non Operating Interest Income Expense": NaN,
        "Interest Income Non Operating": NaN,
        "Operating Income": NaN,
        "Operating Expense": NaN,
        "Research And Development": NaN,
        "Selling General And Administration": NaN,
        "General And Administrative Expense": NaN,
        "Other Gand A": NaN,
        "Total Revenue": NaN,
        "Operating Revenue": NaN
    },
    "2022-09-30": {
        "Tax Effect Of Unusual Items": 0.0,
        "Tax Rate For Calcs": 0.0,
        "Normalized EBITDA": -29597000.0,
        "Net Income From Continuing Operation Net Minority Interest": -28345000.0,
        "Reconciled Depreciation": 665000.0,
        "EBITDA": -29597000.0,
        "EBIT": -30262000.0,
        "Net Interest Income": 1900000.0,
        "Interest Income": 1900000.0,
        "Normalized Income": -28345000.0,
        "Net Income From Continuing And Discontinued Operation": -28345000.0,
        "Total Expenses": 30262000.0,
        "Total Operating Income As Reported": -30262000.0,
        "Diluted Average Shares": 48630328.0,
        "Basic Average Shares": 48630328.0,
        "Diluted EPS": -0.58,
        "Basic EPS": -0.58,
        "Diluted NI Availto Com Stockholders": -28345000.0,
        "Net Income Common Stockholders": -28345000.0,
        "Net Income": -28345000.0,
        "Net Income Including Noncontrolling Interests": -28345000.0,
        "Net Income Continuous Operations": -28345000.0,
        "Pretax Income": -28345000.0,
        "Other Income Expense": 17000.0,
        "Other Non Operating Income Expenses": 17000.0,
        "Net Non Operating Interest Income Expense": 1900000.0,
        "Interest Income Non Operating": 1900000.0,
        "Operating Income": -30262000.0,
        "Operating Expense": 30262000.0,
        "Research And Development": 23435000.0,
        "Selling General And Administration": 6827000.0,
        "General And Administrative Expense": 6827000.0,
        "Other Gand A": 6827000.0,
        "Total Revenue": 0.0,
        "Operating Revenue": 0.0
    },
    "2022-06-30": {
        "Tax Effect Of Unusual Items": 0.0,
        "Tax Rate For Calcs": 0.0,
        "Normalized EBITDA": -26979000.0,
        "Net Income From Continuing Operation Net Minority Interest": -26923000.0,
        "Reconciled Depreciation": 633000.0,
        "EBITDA": -26979000.0,
        "EBIT": -27612000.0,
        "Net Interest Income": 686000.0,
        "Interest Income": 686000.0,
        "Normalized Income": -26923000.0,
        "Net Income From Continuing And Discontinued Operation": -26923000.0,
        "Total Expenses": 27612000.0,
        "Total Operating Income As Reported": -27612000.0,
        "Diluted Average Shares": 43841392.0,
        "Basic Average Shares": 43841392.0,
        "Diluted EPS": -0.61,
        "Basic EPS": -0.61,
        "Diluted NI Availto Com Stockholders": -26923000.0,
        "Net Income Common Stockholders": -26923000.0,
        "Net Income": -26923000.0,
        "Net Income Including Noncontrolling Interests": -26923000.0,
        "Net Income Continuous Operations": -26923000.0,
        "Pretax Income": -26923000.0,
        "Other Income Expense": 3000.0,
        "Other Non Operating Income Expenses": 3000.0,
        "Net Non Operating Interest Income Expense": 686000.0,
        "Interest Income Non Operating": 686000.0,
        "Operating Income": -27612000.0,
        "Operating Expense": 27612000.0,
        "Research And Development": 21049000.0,
        "Selling General And Administration": 6563000.0,
        "General And Administrative Expense": 6563000.0,
        "Other Gand A": 6563000.0,
        "Total Revenue": 0.0,
        "Operating Revenue": 0.0
    },
    "2022-03-31": {
        "Diluted EPS": -0.79,
        "Total Revenue": NaN,
        "Gross Profit": NaN,
        "Operating Income": -26,
        "EBIT": -25,
        "Net Income": -26
    },
    "2021-12-31": {
        "Diluted EPS": -0.69,
        "Total Revenue": NaN,
        "Gross Profit": NaN,
        "Operating Income": -23,
        "EBIT": -22,
        "Net Income": -23
    },
    "2021-09-30": {
        "Diluted EPS": -0.68,
        "Total Revenue": NaN,
        "Gross Profit": NaN,
        "Operating Income": -22,
        "EBIT": -21,
        "Net Income": -22
    },
    "2021-06-30": {
        "Diluted EPS": -0.66,
        "Total Revenue": NaN,
        "Gross Profit": NaN,
        "Operating Income": -22,
        "EBIT": -20,
        "Net Income": -22
    },
    "2021-03-31": {
        "Diluted EPS": -0.59,
        "Total Revenue": NaN,
        "Gross Profit": NaN,
        "Operating Income": -19,
        "EBIT": -18,
        "Net Income": -19
    },
    "2020-12-31": {
        "Diluted EPS": 30.47,
        "Total Revenue": NaN,
        "Gross Profit": NaN,
        "Operating Income": -18,
        "EBIT": -17,
        "Net Income": -18
    },
    "2020-09-30": {
        "Diluted EPS": -0.44,
        "Total Revenue": NaN,
        "Gross Profit": NaN,
        "Operating Income": -14,
        "EBIT": -13,
        "Net Income": -14
    },
    "2020-06-30": {
        "Diluted EPS": -30.06,
        "Total Revenue": NaN,
        "Gross Profit": NaN,
        "Operating Income": -10,
        "EBIT": -10,
        "Net Income": -51
    },
    "2020-03-31": {
        "Diluted EPS": -5.41,
        "Total Revenue": NaN,
        "Gross Profit": NaN,
        "Operating Income": -9,
        "EBIT": -9,
        "Net Income": -9
    },
    "2019-12-31": {
        "Diluted EPS": 0.0,
        "Total Revenue": NaN,
        "Gross Profit": NaN,
        "Operating Income": NaN,
        "EBIT": NaN,
        "Net Income": NaN
    },
    "2019-09-30": {
        "Diluted EPS": -1.75,
        "Total Revenue": NaN,
        "Gross Profit": NaN,
        "Operating Income": -6,
        "EBIT": -6,
        "Net Income": -3
    },
    "2019-06-30": {
        "Diluted EPS": -3.39,
        "Total Revenue": 0,
        "Gross Profit": 0,
        "Operating Income": -5,
        "EBIT": -5,
        "Net Income": -5
    },
    "2023-06-30": {
        "Tax Effect Of Unusual Items": NaN,
        "Tax Rate For Calcs": NaN,
        "Normalized EBITDA": NaN,
        "Net Income From Continuing Operation Net Minority Interest": NaN,
        "Reconciled Depreciation": NaN,
        "EBITDA": NaN,
        "EBIT": NaN,
        "Net Interest Income": NaN,
        "Interest Income": NaN,
        "Normalized Income": NaN,
        "Net Income From Continuing And Discontinued Operation": NaN,
        "Total Expenses": NaN,
        "Total Operating Income As Reported": NaN,
        "Diluted Average Shares": 48970391.0,
        "Basic Average Shares": 48970391.0,
        "Diluted EPS": -0.68,
        "Basic EPS": -0.68,
        "Diluted NI Availto Com Stockholders": NaN,
        "Net Income Common Stockholders": NaN,
        "Net Income": NaN,
        "Net Income Including Noncontrolling Interests": NaN,
        "Net Income Continuous Operations": NaN,
        "Pretax Income": NaN,
        "Other Income Expense": NaN,
        "Other Non Operating Income Expenses": NaN,
        "Net Non Operating Interest Income Expense": NaN,
        "Interest Income Non Operating": NaN,
        "Operating Income": NaN,
        "Operating Expense": NaN,
        "Research And Development": NaN,
        "Selling General And Administration": NaN,
        "General And Administrative Expense": NaN,
        "Other Gand A": NaN,
        "Total Revenue": NaN,
        "Operating Revenue": NaN
    },
    "2023-09-30": {
        "Tax Effect Of Unusual Items": NaN,
        "Tax Rate For Calcs": NaN,
        "Normalized EBITDA": NaN,
        "Net Income From Continuing Operation Net Minority Interest": NaN,
        "Reconciled Depreciation": NaN,
        "EBITDA": NaN,
        "EBIT": NaN,
        "Net Interest Income": NaN,
        "Interest Income": NaN,
        "Normalized Income": NaN,
        "Net Income From Continuing And Discontinued Operation": NaN,
        "Total Expenses": NaN,
        "Total Operating Income As Reported": NaN,
        "Diluted Average Shares": 49062799.0,
        "Basic Average Shares": 49062799.0,
        "Diluted EPS": -0.52,
        "Basic EPS": -0.52,
        "Diluted NI Availto Com Stockholders": NaN,
        "Net Income Common Stockholders": NaN,
        "Net Income": NaN,
        "Net Income Including Noncontrolling Interests": NaN,
        "Net Income Continuous Operations": NaN,
        "Pretax Income": NaN,
        "Other Income Expense": NaN,
        "Other Non Operating Income Expenses": NaN,
        "Net Non Operating Interest Income Expense": NaN,
        "Interest Income Non Operating": NaN,
        "Operating Income": NaN,
        "Operating Expense": NaN,
        "Research And Development": NaN,
        "Selling General And Administration": NaN,
        "General And Administrative Expense": NaN,
        "Other Gand A": NaN,
        "Total Revenue": NaN,
        "Operating Revenue": NaN
    },
    "2023-12-31": {
        "Tax Effect Of Unusual Items": 0.0,
        "Tax Rate For Calcs": 0.0,
        "Normalized EBITDA": -28934000.0,
        "Net Income From Continuing Operation Net Minority Interest": -27754000.0,
        "Reconciled Depreciation": 2251000.0,
        "EBITDA": -28934000.0,
        "EBIT": -31185000.0,
        "Net Interest Income": 3456000.0,
        "Interest Income": 3456000.0,
        "Normalized Income": -27754000.0,
        "Net Income From Continuing And Discontinued Operation": -27754000.0,
        "Total Expenses": 31185000.0,
        "Total Operating Income As Reported": -31185000.0,
        "Diluted Average Shares": NaN,
        "Basic Average Shares": NaN,
        "Diluted EPS": NaN,
        "Basic EPS": NaN,
        "Diluted NI Availto Com Stockholders": -27754000.0,
        "Net Income Common Stockholders": -27754000.0,
        "Net Income": -27754000.0,
        "Net Income Including Noncontrolling Interests": -27754000.0,
        "Net Income Continuous Operations": -27754000.0,
        "Pretax Income": -27754000.0,
        "Other Income Expense": -25000.0,
        "Other Non Operating Income Expenses": -25000.0,
        "Net Non Operating Interest Income Expense": 3456000.0,
        "Interest Income Non Operating": 3456000.0,
        "Operating Income": -31185000.0,
        "Operating Expense": 31185000.0,
        "Research And Development": 23322000.0,
        "Selling General And Administration": 7863000.0,
        "General And Administrative Expense": 7863000.0,
        "Other Gand A": 7863000.0,
        "Total Revenue": 0.0,
        "Operating Revenue": 0.0
    },
    "2024-03-31": {
        "Tax Effect Of Unusual Items": 0.0,
        "Tax Rate For Calcs": 0.0,
        "Normalized EBITDA": -30507000.0,
        "Net Income From Continuing Operation Net Minority Interest": -29518000.0,
        "Reconciled Depreciation": 2255000.0,
        "EBITDA": -30507000.0,
        "EBIT": -32762000.0,
        "Net Interest Income": 3246000.0,
        "Interest Income": 3246000.0,
        "Normalized Income": -29518000.0,
        "Net Income From Continuing And Discontinued Operation": -29518000.0,
        "Total Expenses": 32762000.0,
        "Total Operating Income As Reported": -32762000.0,
        "Diluted Average Shares": 50682469.0,
        "Basic Average Shares": 50682469.0,
        "Diluted EPS": -0.58,
        "Basic EPS": -0.58,
        "Diluted NI Availto Com Stockholders": -29518000.0,
        "Net Income Common Stockholders": -29518000.0,
        "Net Income": -29518000.0,
        "Net Income Including Noncontrolling Interests": -29518000.0,
        "Net Income Continuous Operations": -29518000.0,
        "Pretax Income": -29518000.0,
        "Other Income Expense": -2000.0,
        "Other Non Operating Income Expenses": -2000.0,
        "Net Non Operating Interest Income Expense": 3246000.0,
        "Interest Income Non Operating": 3246000.0,
        "Operating Income": -32762000.0,
        "Operating Expense": 32762000.0,
        "Research And Development": 25237000.0,
        "Selling General And Administration": 7525000.0,
        "General And Administrative Expense": 7525000.0,
        "Other Gand A": 7525000.0,
        "Total Revenue": 0.0,
        "Operating Revenue": 0.0
    },
    "2024-06-30": {
        "Tax Effect Of Unusual Items": 0.0,
        "Tax Rate For Calcs": 0.0,
        "Normalized EBITDA": -28453000.0,
        "Net Income From Continuing Operation Net Minority Interest": -24993000.0,
        "Reconciled Depreciation": 2262000.0,
        "EBITDA": -28453000.0,
        "EBIT": -30715000.0,
        "Net Interest Income": 5724000.0,
        "Interest Income": 5724000.0,
        "Normalized Income": -24993000.0,
        "Net Income From Continuing And Discontinued Operation": -24993000.0,
        "Total Expenses": 30715000.0,
        "Total Operating Income As Reported": -30715000.0,
        "Diluted Average Shares": 73494523.0,
        "Basic Average Shares": 73494523.0,
        "Diluted EPS": -0.34,
        "Basic EPS": -0.34,
        "Diluted NI Availto Com Stockholders": -24993000.0,
        "Net Income Common Stockholders": -24993000.0,
        "Net Income": -24993000.0,
        "Net Income Including Noncontrolling Interests": -24993000.0,
        "Net Income Continuous Operations": -24993000.0,
        "Pretax Income": -24993000.0,
        "Other Income Expense": -2000.0,
        "Other Non Operating Income Expenses": -2000.0,
        "Net Non Operating Interest Income Expense": 5724000.0,
        "Interest Income Non Operating": 5724000.0,
        "Operating Income": -30715000.0,
        "Operating Expense": 30715000.0,
        "Research And Development": 23130000.0,
        "Selling General And Administration": 7585000.0,
        "General And Administrative Expense": 7585000.0,
        "Other Gand A": 7585000.0,
        "Total Revenue": 0.0,
        "Operating Revenue": 0.0
    },
    "2024-09-30": {
        "Tax Effect Of Unusual Items": 0.0,
        "Tax Rate For Calcs": 0.0,
        "Normalized EBITDA": -31447000.0,
        "Net Income From Continuing Operation Net Minority Interest": -28344000.0,
        "Reconciled Depreciation": 2347000.0,
        "EBITDA": -31447000.0,
        "EBIT": -33794000.0,
        "Net Interest Income": 5453000.0,
        "Interest Income": 5453000.0,
        "Normalized Income": -28344000.0,
        "Net Income From Continuing And Discontinued Operation": -28344000.0,
        "Total Expenses": 33794000.0,
        "Total Operating Income As Reported": -33794000.0,
        "Diluted Average Shares": 73563316.0,
        "Basic Average Shares": 73563316.0,
        "Diluted EPS": -0.39,
        "Basic EPS": -0.39,
        "Diluted NI Availto Com Stockholders": -28344000.0,
        "Net Income Common Stockholders": -28344000.0,
        "Net Income": -28344000.0,
        "Net Income Including Noncontrolling Interests": -28344000.0,
        "Net Income Continuous Operations": -28344000.0,
        "Pretax Income": -28344000.0,
        "Other Income Expense": -3000.0,
        "Other Non Operating Income Expenses": -3000.0,
        "Net Non Operating Interest Income Expense": 5453000.0,
        "Interest Income Non Operating": 5453000.0,
        "Operating Income": -33794000.0,
        "Operating Expense": 33794000.0,
        "Research And Development": 25250000.0,
        "Selling General And Administration": 8544000.0,
        "General And Administrative Expense": 8544000.0,
        "Other Gand A": 8544000.0,
        "Total Revenue": 0.0,
        "Operating Revenue": 0.0
    },
    "2024-12-31": {
        "Tax Effect Of Unusual Items": 0.0,
        "Tax Rate For Calcs": 0.0,
        "Normalized EBITDA": -28635000.0,
        "Net Income From Continuing Operation Net Minority Interest": -25935000.0,
        "Reconciled Depreciation": 2288000.0,
        "EBITDA": -28635000.0,
        "EBIT": -30923000.0,
        "Net Interest Income": 4894000.0,
        "Interest Income": 4894000.0,
        "Normalized Income": -25935000.0,
        "Net Income From Continuing And Discontinued Operation": -25935000.0,
        "Total Expenses": 30923000.0,
        "Total Operating Income As Reported": -30923000.0,
        "Diluted Average Shares": 73595401.0,
        "Basic Average Shares": 73595401.0,
        "Diluted EPS": -0.35,
        "Basic EPS": -0.35,
        "Diluted NI Availto Com Stockholders": -25935000.0,
        "Net Income Common Stockholders": -25935000.0,
        "Net Income": -25935000.0,
        "Net Income Including Noncontrolling Interests": -25935000.0,
        "Net Income Continuous Operations": -25935000.0,
        "Pretax Income": -25935000.0,
        "Other Income Expense": 94000.0,
        "Other Non Operating Income Expenses": 94000.0,
        "Net Non Operating Interest Income Expense": 4894000.0,
        "Interest Income Non Operating": 4894000.0,
        "Operating Income": -30923000.0,
        "Operating Expense": 30923000.0,
        "Research And Development": 23127000.0,
        "Selling General And Administration": 7796000.0,
        "General And Administrative Expense": 7796000.0,
        "Other Gand A": 7796000.0,
        "Total Revenue": 0.0,
        "Operating Revenue": 0.0
    },
    "2025-03-31": {
        "Tax Effect Of Unusual Items": 0.0,
        "Tax Rate For Calcs": 0.0,
        "Normalized EBITDA": -34265000.0,
        "Net Income From Continuing Operation Net Minority Interest": -31983000.0,
        "Reconciled Depreciation": 2299000.0,
        "EBITDA": -34265000.0,
        "EBIT": -36564000.0,
        "Net Interest Income": 4376000.0,
        "Interest Income": 4376000.0,
        "Normalized Income": -31983000.0,
        "Net Income From Continuing And Discontinued Operation": -31983000.0,
        "Total Expenses": 36564000.0,
        "Total Operating Income As Reported": -36564000.0,
        "Diluted Average Shares": 73916477.0,
        "Basic Average Shares": 73916477.0,
        "Diluted EPS": -0.43,
        "Basic EPS": -0.43,
        "Diluted NI Availto Com Stockholders": -31983000.0,
        "Net Income Common Stockholders": -31983000.0,
        "Net Income": -31983000.0,
        "Net Income Including Noncontrolling Interests": -31983000.0,
        "Net Income Continuous Operations": -31983000.0,
        "Pretax Income": -31983000.0,
        "Other Income Expense": 205000.0,
        "Other Non Operating Income Expenses": 205000.0,
        "Net Non Operating Interest Income Expense": 4376000.0,
        "Interest Income Non Operating": 4376000.0,
        "Operating Income": -36564000.0,
        "Operating Expense": 36564000.0,
        "Research And Development": 24172000.0,
        "Selling General And Administration": 12392000.0,
        "General And Administrative Expense": 12392000.0,
        "Other Gand A": 12392000.0,
        "Total Revenue": 0.0,
        "Operating Revenue": 0.0
    },
    "2025-06-30": {
        "Tax Effect Of Unusual Items": 0.0,
        "Tax Rate For Calcs": 0.0,
        "Normalized EBITDA": -24855000.0,
        "Net Income From Continuing Operation Net Minority Interest": -22977000.0,
        "Reconciled Depreciation": 2331000.0,
        "EBITDA": -24855000.0,
        "EBIT": -27186000.0,
        "Net Interest Income": 3970000.0,
        "Interest Income": 3970000.0,
        "Normalized Income": -22977000.0,
        "Net Income From Continuing And Discontinued Operation": -22977000.0,
        "Total Expenses": 27186000.0,
        "Total Operating Income As Reported": -27186000.0,
        "Diluted Average Shares": 73977625.0,
        "Basic Average Shares": 73977625.0,
        "Diluted EPS": -0.31,
        "Basic EPS": -0.31,
        "Diluted NI Availto Com Stockholders": -22977000.0,
        "Net Income Common Stockholders": -22977000.0,
        "Net Income": -22977000.0,
        "Net Income Including Noncontrolling Interests": -22977000.0,
        "Net Income Continuous Operations": -22977000.0,
        "Pretax Income": -22977000.0,
        "Other Income Expense": 239000.0,
        "Other Non Operating Income Expenses": 239000.0,
        "Net Non Operating Interest Income Expense": 3970000.0,
        "Interest Income Non Operating": 3970000.0,
        "Operating Income": -27186000.0,
        "Operating Expense": 27186000.0,
        "Research And Development": 20778000.0,
        "Selling General And Administration": 6408000.0,
        "General And Administrative Expense": 6408000.0,
        "Other Gand A": 6408000.0,
        "Total Revenue": 0.0,
        "Operating Revenue": 0.0
    },
    "2025-09-30": {
        "Tax Effect Of Unusual Items": 0.0,
        "Tax Rate For Calcs": 0.0,
        "Normalized EBITDA": -24980000.0,
        "Net Income From Continuing Operation Net Minority Interest": -21715000.0,
        "Reconciled Depreciation": 2306000.0,
        "EBITDA": -24980000.0,
        "EBIT": -27286000.0,
        "Net Interest Income": 3852000.0,
        "Interest Income": 3852000.0,
        "Normalized Income": -21715000.0,
        "Net Income From Continuing And Discontinued Operation": -21715000.0,
        "Total Expenses": 27286000.0,
        "Total Operating Income As Reported": -27286000.0,
        "Diluted Average Shares": 74024543.0,
        "Basic Average Shares": 74024543.0,
        "Diluted EPS": -0.29,
        "Basic EPS": -0.29,
        "Diluted NI Availto Com Stockholders": -21715000.0,
        "Net Income Common Stockholders": -21715000.0,
        "Net Income": -21715000.0,
        "Net Income Including Noncontrolling Interests": -21715000.0,
        "Net Income Continuous Operations": -21715000.0,
        "Pretax Income": -21715000.0,
        "Other Income Expense": 1719000.0,
        "Other Non Operating Income Expenses": 1719000.0,
        "Net Non Operating Interest Income Expense": 3852000.0,
        "Interest Income Non Operating": 3852000.0,
        "Operating Income": -27286000.0,
        "Operating Expense": 27286000.0,
        "Research And Development": 20198000.0,
        "Selling General And Administration": 7088000.0,
        "General And Administrative Expense": 7088000.0,
        "Other Gand A": 7088000.0,
        "Total Revenue": 0.0,
        "Operating Revenue": 0.0
    }
}