{
    "2023-03-31": {
        "Tax Effect Of Unusual Items": NaN,
        "Tax Rate For Calcs": NaN,
        "Normalized EBITDA": NaN,
        "Total Unusual Items": NaN,
        "Total Unusual Items Excluding Goodwill": NaN,
        "Net Income From Continuing Operation Net Minority Interest": NaN,
        "Reconciled Depreciation": NaN,
        "Reconciled Cost Of Revenue": NaN,
        "EBITDA": NaN,
        "EBIT": NaN,
        "Net Interest Income": NaN,
        "Interest Expense": NaN,
        "Interest Income": NaN,
        "Normalized Income": NaN,
        "Net Income From Continuing And Discontinued Operation": NaN,
        "Total Expenses": NaN,
        "Total Operating Income As Reported": NaN,
        "Diluted Average Shares": NaN,
        "Basic Average Shares": NaN,
        "Diluted EPS": NaN,
        "Basic EPS": NaN,
        "Diluted NI Availto Com Stockholders": NaN,
        "Net Income Common Stockholders": NaN,
        "Net Income": NaN,
        "Minority Interests": NaN,
        "Net Income Including Noncontrolling Interests": NaN,
        "Net Income Continuous Operations": NaN,
        "Tax Provision": NaN,
        "Pretax Income": NaN,
        "Other Income Expense": NaN,
        "Other Non Operating Income Expenses": -346000.0,
        "Special Income Charges": NaN,
        "Other Special Charges": NaN,
        "Earnings From Equity Interest": NaN,
        "Gain On Sale Of Security": NaN,
        "Net Non Operating Interest Income Expense": NaN,
        "Interest Expense Non Operating": NaN,
        "Interest Income Non Operating": NaN,
        "Operating Income": NaN,
        "Operating Expense": NaN,
        "Other Operating Expenses": NaN,
        "Selling General And Administration": NaN,
        "General And Administrative Expense": NaN,
        "Other Gand A": NaN,
        "Salaries And Wages": NaN,
        "Gross Profit": NaN,
        "Cost Of Revenue": NaN,
        "Total Revenue": NaN,
        "Operating Revenue": NaN
    },
    "2022-12-31": {
        "Tax Effect Of Unusual Items": NaN,
        "Tax Rate For Calcs": NaN,
        "Normalized EBITDA": NaN,
        "Total Unusual Items": NaN,
        "Total Unusual Items Excluding Goodwill": NaN,
        "Net Income From Continuing Operation Net Minority Interest": NaN,
        "Reconciled Depreciation": NaN,
        "Reconciled Cost Of Revenue": NaN,
        "EBITDA": NaN,
        "EBIT": NaN,
        "Net Interest Income": NaN,
        "Interest Expense": NaN,
        "Interest Income": NaN,
        "Normalized Income": NaN,
        "Net Income From Continuing And Discontinued Operation": NaN,
        "Total Expenses": NaN,
        "Total Operating Income As Reported": NaN,
        "Diluted Average Shares": NaN,
        "Basic Average Shares": NaN,
        "Diluted EPS": NaN,
        "Basic EPS": NaN,
        "Diluted NI Availto Com Stockholders": NaN,
        "Net Income Common Stockholders": NaN,
        "Net Income": NaN,
        "Minority Interests": NaN,
        "Net Income Including Noncontrolling Interests": NaN,
        "Net Income Continuous Operations": NaN,
        "Tax Provision": NaN,
        "Pretax Income": NaN,
        "Other Income Expense": NaN,
        "Other Non Operating Income Expenses": -465000.0,
        "Special Income Charges": NaN,
        "Other Special Charges": NaN,
        "Earnings From Equity Interest": NaN,
        "Gain On Sale Of Security": NaN,
        "Net Non Operating Interest Income Expense": NaN,
        "Interest Expense Non Operating": NaN,
        "Interest Income Non Operating": NaN,
        "Operating Income": NaN,
        "Operating Expense": NaN,
        "Other Operating Expenses": NaN,
        "Selling General And Administration": NaN,
        "General And Administrative Expense": NaN,
        "Other Gand A": NaN,
        "Salaries And Wages": NaN,
        "Gross Profit": NaN,
        "Cost Of Revenue": NaN,
        "Total Revenue": NaN,
        "Operating Revenue": NaN
    },
    "2022-09-30": {
        "Tax Effect Of Unusual Items": NaN,
        "Tax Rate For Calcs": NaN,
        "Normalized EBITDA": NaN,
        "Total Unusual Items": NaN,
        "Total Unusual Items Excluding Goodwill": NaN,
        "Net Income From Continuing Operation Net Minority Interest": NaN,
        "Reconciled Depreciation": NaN,
        "Reconciled Cost Of Revenue": NaN,
        "EBITDA": NaN,
        "EBIT": NaN,
        "Net Interest Income": NaN,
        "Interest Expense": NaN,
        "Interest Income": NaN,
        "Normalized Income": NaN,
        "Net Income From Continuing And Discontinued Operation": NaN,
        "Total Expenses": NaN,
        "Total Operating Income As Reported": NaN,
        "Diluted Average Shares": NaN,
        "Basic Average Shares": NaN,
        "Diluted EPS": NaN,
        "Basic EPS": NaN,
        "Diluted NI Availto Com Stockholders": NaN,
        "Net Income Common Stockholders": NaN,
        "Net Income": NaN,
        "Minority Interests": NaN,
        "Net Income Including Noncontrolling Interests": NaN,
        "Net Income Continuous Operations": NaN,
        "Tax Provision": NaN,
        "Pretax Income": NaN,
        "Other Income Expense": NaN,
        "Other Non Operating Income Expenses": -223000.0,
        "Special Income Charges": 0.0,
        "Other Special Charges": NaN,
        "Earnings From Equity Interest": NaN,
        "Gain On Sale Of Security": NaN,
        "Net Non Operating Interest Income Expense": NaN,
        "Interest Expense Non Operating": NaN,
        "Interest Income Non Operating": NaN,
        "Operating Income": NaN,
        "Operating Expense": NaN,
        "Other Operating Expenses": NaN,
        "Selling General And Administration": NaN,
        "General And Administrative Expense": NaN,
        "Other Gand A": NaN,
        "Salaries And Wages": NaN,
        "Gross Profit": NaN,
        "Cost Of Revenue": NaN,
        "Total Revenue": NaN,
        "Operating Revenue": NaN
    },
    "2022-06-30": {
        "Tax Effect Of Unusual Items": 3295423.023578,
        "Tax Rate For Calcs": 0.171637,
        "Normalized EBITDA": 19535000.0,
        "Total Unusual Items": 19200000.0,
        "Total Unusual Items Excluding Goodwill": 19200000.0,
        "Net Income From Continuing Operation Net Minority Interest": 30252000.0,
        "Reconciled Depreciation": 995000.0,
        "Reconciled Cost Of Revenue": 28046000.0,
        "EBITDA": 38735000.0,
        "EBIT": 37740000.0,
        "Net Interest Income": 319000.0,
        "Interest Expense": 248000.0,
        "Interest Income": 567000.0,
        "Normalized Income": 14347423.023578,
        "Net Income From Continuing And Discontinued Operation": 30252000.0,
        "Total Expenses": 37470000.0,
        "Total Operating Income As Reported": 4205000.0,
        "Diluted Average Shares": 48809000.0,
        "Basic Average Shares": 48809000.0,
        "Diluted EPS": 0.62,
        "Basic EPS": 0.62,
        "Diluted NI Availto Com Stockholders": 30252000.0,
        "Net Income Common Stockholders": 30252000.0,
        "Net Income": 30252000.0,
        "Minority Interests": -805000.0,
        "Net Income Including Noncontrolling Interests": 31057000.0,
        "Net Income Continuous Operations": 31057000.0,
        "Tax Provision": 6435000.0,
        "Pretax Income": 37492000.0,
        "Other Income Expense": 32968000.0,
        "Other Non Operating Income Expenses": -223000.0,
        "Earnings From Equity Interest": 13991000.0,
        "Gain On Sale Of Security": 19200000.0,
        "Net Non Operating Interest Income Expense": 319000.0,
        "Interest Expense Non Operating": 248000.0,
        "Interest Income Non Operating": 567000.0,
        "Operating Income": 4205000.0,
        "Operating Expense": 9424000.0,
        "Other Operating Expenses": NaN,
        "Selling General And Administration": 9424000.0,
        "General And Administrative Expense": 9424000.0,
        "Other Gand A": 9424000.0,
        "Salaries And Wages": 223000.0,
        "Gross Profit": 13629000.0,
        "Cost Of Revenue": 28046000.0,
        "Total Revenue": 41675000.0,
        "Operating Revenue": 41675000.0
    },
    "2023-06-30": {
        "Tax Effect Of Unusual Items": NaN,
        "Tax Rate For Calcs": NaN,
        "Normalized EBITDA": NaN,
        "Total Unusual Items": NaN,
        "Total Unusual Items Excluding Goodwill": NaN,
        "Net Income From Continuing Operation Net Minority Interest": NaN,
        "Reconciled Depreciation": NaN,
        "Reconciled Cost Of Revenue": NaN,
        "EBITDA": NaN,
        "EBIT": NaN,
        "Net Interest Income": NaN,
        "Interest Expense": NaN,
        "Interest Income": NaN,
        "Normalized Income": NaN,
        "Net Income From Continuing And Discontinued Operation": NaN,
        "Total Expenses": NaN,
        "Total Operating Income As Reported": NaN,
        "Diluted Average Shares": 48824000.0,
        "Basic Average Shares": 48824000.0,
        "Diluted EPS": -0.06,
        "Basic EPS": -0.06,
        "Diluted NI Availto Com Stockholders": NaN,
        "Net Income Common Stockholders": NaN,
        "Net Income": NaN,
        "Minority Interests": NaN,
        "Net Income Including Noncontrolling Interests": NaN,
        "Net Income Continuous Operations": NaN,
        "Tax Provision": NaN,
        "Pretax Income": NaN,
        "Other Income Expense": NaN,
        "Other Non Operating Income Expenses": -4911000.0,
        "Special Income Charges": NaN,
        "Other Special Charges": 4911000.0,
        "Earnings From Equity Interest": NaN,
        "Gain On Sale Of Security": NaN,
        "Net Non Operating Interest Income Expense": NaN,
        "Interest Expense Non Operating": NaN,
        "Interest Income Non Operating": NaN,
        "Operating Income": NaN,
        "Operating Expense": NaN,
        "Other Operating Expenses": NaN,
        "Selling General And Administration": NaN,
        "General And Administrative Expense": NaN,
        "Other Gand A": NaN,
        "Salaries And Wages": NaN,
        "Gross Profit": NaN,
        "Cost Of Revenue": NaN,
        "Total Revenue": NaN,
        "Operating Revenue": NaN
    },
    "2023-09-30": {
        "Tax Effect Of Unusual Items": NaN,
        "Tax Rate For Calcs": NaN,
        "Normalized EBITDA": NaN,
        "Total Unusual Items": NaN,
        "Total Unusual Items Excluding Goodwill": NaN,
        "Net Income From Continuing Operation Net Minority Interest": NaN,
        "Reconciled Depreciation": NaN,
        "Reconciled Cost Of Revenue": NaN,
        "EBITDA": NaN,
        "EBIT": NaN,
        "Net Interest Income": NaN,
        "Interest Expense": NaN,
        "Interest Income": NaN,
        "Normalized Income": NaN,
        "Net Income From Continuing And Discontinued Operation": NaN,
        "Total Expenses": NaN,
        "Total Operating Income As Reported": NaN,
        "Diluted Average Shares": NaN,
        "Basic Average Shares": NaN,
        "Diluted EPS": NaN,
        "Basic EPS": NaN,
        "Diluted NI Availto Com Stockholders": NaN,
        "Net Income Common Stockholders": NaN,
        "Net Income": NaN,
        "Minority Interests": NaN,
        "Net Income Including Noncontrolling Interests": NaN,
        "Net Income Continuous Operations": NaN,
        "Tax Provision": NaN,
        "Pretax Income": NaN,
        "Other Income Expense": NaN,
        "Other Non Operating Income Expenses": NaN,
        "Special Income Charges": 304000.0,
        "Other Special Charges": -304000.0,
        "Earnings From Equity Interest": NaN,
        "Gain On Sale Of Security": NaN,
        "Net Non Operating Interest Income Expense": NaN,
        "Interest Expense Non Operating": NaN,
        "Interest Income Non Operating": NaN,
        "Operating Income": NaN,
        "Operating Expense": NaN,
        "Other Operating Expenses": NaN,
        "Selling General And Administration": NaN,
        "General And Administrative Expense": NaN,
        "Other Gand A": NaN,
        "Salaries And Wages": NaN,
        "Gross Profit": NaN,
        "Cost Of Revenue": NaN,
        "Total Revenue": NaN,
        "Operating Revenue": NaN
    },
    "2023-12-31": {
        "Tax Effect Of Unusual Items": NaN,
        "Tax Rate For Calcs": NaN,
        "Normalized EBITDA": NaN,
        "Total Unusual Items": NaN,
        "Total Unusual Items Excluding Goodwill": NaN,
        "Net Income From Continuing Operation Net Minority Interest": NaN,
        "Reconciled Depreciation": NaN,
        "Reconciled Cost Of Revenue": NaN,
        "EBITDA": NaN,
        "EBIT": NaN,
        "Net Interest Income": NaN,
        "Interest Expense": NaN,
        "Interest Income": NaN,
        "Normalized Income": NaN,
        "Net Income From Continuing And Discontinued Operation": NaN,
        "Total Expenses": NaN,
        "Total Operating Income As Reported": NaN,
        "Diluted Average Shares": NaN,
        "Basic Average Shares": NaN,
        "Diluted EPS": NaN,
        "Basic EPS": NaN,
        "Diluted NI Availto Com Stockholders": NaN,
        "Net Income Common Stockholders": NaN,
        "Net Income": NaN,
        "Minority Interests": NaN,
        "Net Income Including Noncontrolling Interests": NaN,
        "Net Income Continuous Operations": NaN,
        "Tax Provision": NaN,
        "Pretax Income": NaN,
        "Other Income Expense": NaN,
        "Other Non Operating Income Expenses": NaN,
        "Special Income Charges": 0.0,
        "Other Special Charges": 0.0,
        "Earnings From Equity Interest": NaN,
        "Gain On Sale Of Security": NaN,
        "Net Non Operating Interest Income Expense": NaN,
        "Interest Expense Non Operating": NaN,
        "Interest Income Non Operating": NaN,
        "Operating Income": NaN,
        "Operating Expense": NaN,
        "Other Operating Expenses": NaN,
        "Selling General And Administration": NaN,
        "General And Administrative Expense": NaN,
        "Other Gand A": NaN,
        "Salaries And Wages": NaN,
        "Gross Profit": NaN,
        "Cost Of Revenue": NaN,
        "Total Revenue": NaN,
        "Operating Revenue": NaN
    },
    "2024-03-31": {
        "Tax Effect Of Unusual Items": NaN,
        "Tax Rate For Calcs": NaN,
        "Normalized EBITDA": NaN,
        "Total Unusual Items": NaN,
        "Total Unusual Items Excluding Goodwill": NaN,
        "Net Income From Continuing Operation Net Minority Interest": NaN,
        "Reconciled Depreciation": NaN,
        "Reconciled Cost Of Revenue": NaN,
        "EBITDA": NaN,
        "EBIT": NaN,
        "Net Interest Income": NaN,
        "Interest Expense": NaN,
        "Interest Income": NaN,
        "Normalized Income": NaN,
        "Net Income From Continuing And Discontinued Operation": NaN,
        "Total Expenses": NaN,
        "Total Operating Income As Reported": NaN,
        "Diluted Average Shares": NaN,
        "Basic Average Shares": NaN,
        "Diluted EPS": NaN,
        "Basic EPS": NaN,
        "Diluted NI Availto Com Stockholders": NaN,
        "Net Income Common Stockholders": NaN,
        "Net Income": NaN,
        "Minority Interests": NaN,
        "Net Income Including Noncontrolling Interests": NaN,
        "Net Income Continuous Operations": NaN,
        "Tax Provision": NaN,
        "Pretax Income": NaN,
        "Other Income Expense": NaN,
        "Other Non Operating Income Expenses": -318000.0,
        "Special Income Charges": NaN,
        "Other Special Charges": NaN,
        "Earnings From Equity Interest": NaN,
        "Gain On Sale Of Security": NaN,
        "Net Non Operating Interest Income Expense": NaN,
        "Interest Expense Non Operating": NaN,
        "Interest Income Non Operating": NaN,
        "Operating Income": NaN,
        "Operating Expense": NaN,
        "Other Operating Expenses": NaN,
        "Selling General And Administration": NaN,
        "General And Administrative Expense": NaN,
        "Other Gand A": NaN,
        "Salaries And Wages": 318000.0,
        "Gross Profit": NaN,
        "Cost Of Revenue": NaN,
        "Total Revenue": NaN,
        "Operating Revenue": NaN
    },
    "2024-06-30": {
        "Tax Effect Of Unusual Items": 103973.141978,
        "Tax Rate For Calcs": 0.13347,
        "Normalized EBITDA": 10044000.0,
        "Total Unusual Items": 779000.0,
        "Total Unusual Items Excluding Goodwill": 779000.0,
        "Net Income From Continuing Operation Net Minority Interest": 7835000.0,
        "Reconciled Depreciation": 920000.0,
        "Reconciled Cost Of Revenue": 24722000.0,
        "EBITDA": 10823000.0,
        "EBIT": 9903000.0,
        "Net Interest Income": 2530000.0,
        "Interest Expense": 148000.0,
        "Interest Income": 2678000.0,
        "Normalized Income": 7159973.141978,
        "Net Income From Continuing And Discontinued Operation": 7835000.0,
        "Total Expenses": 35414000.0,
        "Total Operating Income As Reported": 791000.0,
        "Diluted Average Shares": 48841000.0,
        "Basic Average Shares": 48841000.0,
        "Diluted EPS": 0.16,
        "Basic EPS": 0.16,
        "Diluted NI Availto Com Stockholders": 7835000.0,
        "Net Income Common Stockholders": 7835000.0,
        "Net Income": 7835000.0,
        "Minority Interests": -618000.0,
        "Net Income Including Noncontrolling Interests": 8453000.0,
        "Net Income Continuous Operations": 8453000.0,
        "Tax Provision": 1302000.0,
        "Pretax Income": 9755000.0,
        "Other Income Expense": 6752000.0,
        "Other Non Operating Income Expenses": NaN,
        "Special Income Charges": 0.0,
        "Other Special Charges": NaN,
        "Earnings From Equity Interest": 5973000.0,
        "Gain On Sale Of Security": 779000.0,
        "Net Non Operating Interest Income Expense": 2530000.0,
        "Interest Expense Non Operating": 148000.0,
        "Interest Income Non Operating": 2678000.0,
        "Operating Income": 473000.0,
        "Operating Expense": 10692000.0,
        "Other Operating Expenses": 4290000.0,
        "Selling General And Administration": 6402000.0,
        "General And Administrative Expense": 6402000.0,
        "Other Gand A": 6084000.0,
        "Salaries And Wages": 318000.0,
        "Gross Profit": 11165000.0,
        "Cost Of Revenue": 24722000.0,
        "Total Revenue": 35887000.0,
        "Operating Revenue": 35887000.0
    },
    "2024-09-30": {
        "Tax Effect Of Unusual Items": 3736870.103828,
        "Tax Rate For Calcs": 0.189564,
        "Normalized EBITDA": 26233000.0,
        "Total Unusual Items": 19713000.0,
        "Total Unusual Items Excluding Goodwill": 19713000.0,
        "Net Income From Continuing Operation Net Minority Interest": 36010000.0,
        "Reconciled Depreciation": 917000.0,
        "Reconciled Cost Of Revenue": 24199000.0,
        "EBITDA": 45946000.0,
        "EBIT": 45029000.0,
        "Net Interest Income": 2569000.0,
        "Interest Expense": 147000.0,
        "Interest Income": 2716000.0,
        "Normalized Income": 20033870.103828,
        "Net Income From Continuing And Discontinued Operation": 36010000.0,
        "Total Expenses": 33049000.0,
        "Total Operating Income As Reported": 2036000.0,
        "Diluted Average Shares": 48848000.0,
        "Basic Average Shares": 48848000.0,
        "Diluted EPS": 0.74,
        "Basic EPS": 0.74,
        "Diluted NI Availto Com Stockholders": 36010000.0,
        "Net Income Common Stockholders": 36010000.0,
        "Net Income": 36010000.0,
        "Minority Interests": -364000.0,
        "Net Income Including Noncontrolling Interests": 36374000.0,
        "Net Income Continuous Operations": 36374000.0,
        "Tax Provision": 8508000.0,
        "Pretax Income": 44882000.0,
        "Other Income Expense": 41695000.0,
        "Other Non Operating Income Expenses": NaN,
        "Special Income Charges": 1100000.0,
        "Other Special Charges": -1100000.0,
        "Earnings From Equity Interest": 21982000.0,
        "Gain On Sale Of Security": 18613000.0,
        "Net Non Operating Interest Income Expense": 2569000.0,
        "Interest Expense Non Operating": 147000.0,
        "Interest Income Non Operating": 2716000.0,
        "Operating Income": 618000.0,
        "Operating Expense": 8850000.0,
        "Other Operating Expenses": 2413000.0,
        "Selling General And Administration": 6437000.0,
        "General And Administrative Expense": 6437000.0,
        "Other Gand A": 6119000.0,
        "Salaries And Wages": 318000.0,
        "Gross Profit": 9468000.0,
        "Cost Of Revenue": 24199000.0,
        "Total Revenue": 33667000.0,
        "Operating Revenue": 33667000.0
    },
    "2024-12-31": {
        "Tax Effect Of Unusual Items": -1903455.589361,
        "Tax Rate For Calcs": 0.159927,
        "Normalized EBITDA": 33298000.0,
        "Total Unusual Items": -11902000.0,
        "Total Unusual Items Excluding Goodwill": -11902000.0,
        "Net Income From Continuing Operation Net Minority Interest": 16544000.0,
        "Reconciled Depreciation": 928000.0,
        "Reconciled Cost Of Revenue": 27353000.0,
        "EBITDA": 21396000.0,
        "EBIT": 20468000.0,
        "Net Interest Income": 2945000.0,
        "Interest Expense": 90000.0,
        "Interest Income": 3035000.0,
        "Normalized Income": 26542544.410639,
        "Net Income From Continuing And Discontinued Operation": 16544000.0,
        "Total Expenses": 5031000.0,
        "Total Operating Income As Reported": 33693000.0,
        "Diluted Average Shares": 48800000.0,
        "Basic Average Shares": 48800000.0,
        "Diluted EPS": 0.34,
        "Basic EPS": 0.34,
        "Diluted NI Availto Com Stockholders": 16544000.0,
        "Net Income Common Stockholders": 16544000.0,
        "Net Income": 16544000.0,
        "Minority Interests": -575000.0,
        "Net Income Including Noncontrolling Interests": 17119000.0,
        "Net Income Continuous Operations": 17119000.0,
        "Tax Provision": 3259000.0,
        "Pretax Income": 20378000.0,
        "Other Income Expense": -15952000.0,
        "Other Non Operating Income Expenses": NaN,
        "Special Income Charges": 52000.0,
        "Other Special Charges": -52000.0,
        "Earnings From Equity Interest": -4050000.0,
        "Gain On Sale Of Security": -11954000.0,
        "Net Non Operating Interest Income Expense": 2945000.0,
        "Interest Expense Non Operating": 90000.0,
        "Interest Income Non Operating": 3035000.0,
        "Operating Income": 33385000.0,
        "Operating Expense": -22322000.0,
        "Other Operating Expenses": -28763000.0,
        "Selling General And Administration": 6441000.0,
        "General And Administrative Expense": 6441000.0,
        "Other Gand A": 6185000.0,
        "Salaries And Wages": 256000.0,
        "Gross Profit": 11063000.0,
        "Cost Of Revenue": 27353000.0,
        "Total Revenue": 38416000.0,
        "Operating Revenue": 38416000.0
    },
    "2025-03-31": {
        "Tax Effect Of Unusual Items": -1795920.0,
        "Tax Rate For Calcs": 0.21,
        "Normalized EBITDA": 11371000.0,
        "Total Unusual Items": -8552000.0,
        "Total Unusual Items Excluding Goodwill": -8552000.0,
        "Net Income From Continuing Operation Net Minority Interest": 667000.0,
        "Reconciled Depreciation": 945000.0,
        "Reconciled Cost Of Revenue": 28109000.0,
        "EBITDA": 2819000.0,
        "EBIT": 1874000.0,
        "Net Interest Income": 1463000.0,
        "Interest Expense": 575000.0,
        "Interest Income": 2038000.0,
        "Normalized Income": 7423080.0,
        "Net Income From Continuing And Discontinued Operation": 667000.0,
        "Total Expenses": 37124000.0,
        "Total Operating Income As Reported": 3148000.0,
        "Diluted Average Shares": 48800000.0,
        "Basic Average Shares": 48800000.0,
        "Diluted EPS": 0.01,
        "Basic EPS": 0.01,
        "Diluted NI Availto Com Stockholders": 667000.0,
        "Net Income Common Stockholders": 667000.0,
        "Net Income": 667000.0,
        "Minority Interests": -655000.0,
        "Net Income Including Noncontrolling Interests": 1322000.0,
        "Net Income Continuous Operations": 1322000.0,
        "Tax Provision": -23000.0,
        "Pretax Income": 1299000.0,
        "Other Income Expense": -3312000.0,
        "Other Non Operating Income Expenses": -285000.0,
        "Special Income Charges": NaN,
        "Other Special Charges": NaN,
        "Earnings From Equity Interest": 5525000.0,
        "Gain On Sale Of Security": -8552000.0,
        "Net Non Operating Interest Income Expense": 1463000.0,
        "Interest Expense Non Operating": 575000.0,
        "Interest Income Non Operating": 2038000.0,
        "Operating Income": 3148000.0,
        "Operating Expense": 9015000.0,
        "Other Operating Expenses": 2721000.0,
        "Selling General And Administration": 6294000.0,
        "General And Administrative Expense": 6294000.0,
        "Other Gand A": 6294000.0,
        "Salaries And Wages": NaN,
        "Gross Profit": 12163000.0,
        "Cost Of Revenue": 28109000.0,
        "Total Revenue": 40272000.0,
        "Operating Revenue": 40272000.0
    },
    "2025-06-30": {
        "Tax Effect Of Unusual Items": -22680.0,
        "Tax Rate For Calcs": 0.21,
        "Normalized EBITDA": 2132000.0,
        "Total Unusual Items": -108000.0,
        "Total Unusual Items Excluding Goodwill": -108000.0,
        "Net Income From Continuing Operation Net Minority Interest": 355000.0,
        "Reconciled Depreciation": 923000.0,
        "Reconciled Cost Of Revenue": 27476000.0,
        "EBITDA": 2024000.0,
        "EBIT": 1101000.0,
        "Net Interest Income": 1414000.0,
        "Interest Expense": 90000.0,
        "Interest Income": 1504000.0,
        "Normalized Income": 440320.0,
        "Net Income From Continuing And Discontinued Operation": 355000.0,
        "Total Expenses": 37850000.0,
        "Total Operating Income As Reported": 2801000.0,
        "Diluted Average Shares": 48855000.0,
        "Basic Average Shares": 48855000.0,
        "Diluted EPS": 0.01,
        "Basic EPS": 0.01,
        "Diluted NI Availto Com Stockholders": 355000.0,
        "Net Income Common Stockholders": 355000.0,
        "Net Income": 355000.0,
        "Minority Interests": -699000.0,
        "Net Income Including Noncontrolling Interests": 1054000.0,
        "Net Income Continuous Operations": 1054000.0,
        "Tax Provision": -43000.0,
        "Pretax Income": 1011000.0,
        "Other Income Expense": -2919000.0,
        "Other Non Operating Income Expenses": NaN,
        "Special Income Charges": NaN,
        "Other Special Charges": NaN,
        "Earnings From Equity Interest": -2811000.0,
        "Gain On Sale Of Security": -108000.0,
        "Net Non Operating Interest Income Expense": 1414000.0,
        "Interest Expense Non Operating": 90000.0,
        "Interest Income Non Operating": 1504000.0,
        "Operating Income": 2516000.0,
        "Operating Expense": 10374000.0,
        "Other Operating Expenses": 3519000.0,
        "Selling General And Administration": 6855000.0,
        "General And Administrative Expense": 6855000.0,
        "Other Gand A": 6570000.0,
        "Salaries And Wages": 285000.0,
        "Gross Profit": 12890000.0,
        "Cost Of Revenue": 27476000.0,
        "Total Revenue": 40366000.0,
        "Operating Revenue": 40366000.0
    }
}