{
    "2023-03-31": {
        "Tax Effect Of Unusual Items": NaN,
        "Tax Rate For Calcs": NaN,
        "Normalized EBITDA": NaN,
        "Total Unusual Items": NaN,
        "Total Unusual Items Excluding Goodwill": NaN,
        "Net Income From Continuing Operation Net Minority Interest": NaN,
        "Reconciled Depreciation": NaN,
        "Reconciled Cost Of Revenue": NaN,
        "EBITDA": NaN,
        "EBIT": NaN,
        "Net Interest Income": NaN,
        "Interest Expense": NaN,
        "Interest Income": NaN,
        "Normalized Income": NaN,
        "Net Income From Continuing And Discontinued Operation": NaN,
        "Total Expenses": NaN,
        "Total Operating Income As Reported": NaN,
        "Diluted Average Shares": 56034874.0,
        "Basic Average Shares": 56034874.0,
        "Diluted EPS": -0.45,
        "Basic EPS": -0.45,
        "Diluted NI Availto Com Stockholders": NaN,
        "Net Income Common Stockholders": NaN,
        "Net Income": NaN,
        "Net Income Including Noncontrolling Interests": NaN,
        "Net Income Continuous Operations": NaN,
        "Tax Provision": NaN,
        "Pretax Income": NaN,
        "Other Income Expense": NaN,
        "Special Income Charges": NaN,
        "Gain On Sale Of Ppe": NaN,
        "Other Special Charges": NaN,
        "Gain On Sale Of Security": NaN,
        "Net Non Operating Interest Income Expense": NaN,
        "Total Other Finance Cost": NaN,
        "Interest Expense Non Operating": NaN,
        "Interest Income Non Operating": NaN,
        "Operating Income": NaN,
        "Operating Expense": NaN,
        "Other Operating Expenses": NaN,
        "Other Taxes": NaN,
        "Selling General And Administration": NaN,
        "General And Administrative Expense": NaN,
        "Other Gand A": NaN,
        "Salaries And Wages": NaN,
        "Gross Profit": NaN,
        "Cost Of Revenue": NaN,
        "Total Revenue": NaN,
        "Operating Revenue": NaN
    },
    "2022-12-31": {
        "Tax Effect Of Unusual Items": 2437267.9,
        "Tax Rate For Calcs": 0.2621,
        "Normalized EBITDA": -11249000.0,
        "Total Unusual Items": 9299000.0,
        "Total Unusual Items Excluding Goodwill": 9299000.0,
        "Net Income From Continuing Operation Net Minority Interest": -4836000.0,
        "Reconciled Depreciation": 1185000.0,
        "Reconciled Cost Of Revenue": 530000.0,
        "EBITDA": -1950000.0,
        "EBIT": -3135000.0,
        "Net Interest Income": -1116000.0,
        "Interest Expense": 1601000.0,
        "Interest Income": 412000.0,
        "Normalized Income": -11697732.1,
        "Net Income From Continuing And Discontinued Operation": -4836000.0,
        "Total Expenses": 12919000.0,
        "Total Operating Income As Reported": 97536000.0,
        "Diluted Average Shares": NaN,
        "Basic Average Shares": NaN,
        "Diluted EPS": NaN,
        "Basic EPS": NaN,
        "Diluted NI Availto Com Stockholders": -8686000.0,
        "Net Income Common Stockholders": -4836000.0,
        "Net Income": -4836000.0,
        "Net Income Including Noncontrolling Interests": -4836000.0,
        "Net Income Continuous Operations": -4836000.0,
        "Tax Provision": 100000.0,
        "Pretax Income": -4736000.0,
        "Other Income Expense": 9299000.0,
        "Special Income Charges": NaN,
        "Gain On Sale Of Ppe": NaN,
        "Gain On Sale Of Security": 9299000.0,
        "Net Non Operating Interest Income Expense": -1116000.0,
        "Total Other Finance Cost": -73000.0,
        "Interest Expense Non Operating": 1601000.0,
        "Interest Income Non Operating": 412000.0,
        "Operating Income": -12919000.0,
        "Operating Expense": 12389000.0,
        "Other Operating Expenses": 12925000.0,
        "Other Taxes": NaN,
        "Selling General And Administration": 7652000.0,
        "General And Administrative Expense": 7652000.0,
        "Other Gand A": 4007000.0,
        "Salaries And Wages": 3645000.0,
        "Gross Profit": -530000.0,
        "Cost Of Revenue": 530000.0,
        "Total Revenue": 0.0,
        "Operating Revenue": 0.0
    },
    "2022-09-30": {
        "Tax Effect Of Unusual Items": NaN,
        "Tax Rate For Calcs": NaN,
        "Normalized EBITDA": NaN,
        "Total Unusual Items": NaN,
        "Total Unusual Items Excluding Goodwill": NaN,
        "Net Income From Continuing Operation Net Minority Interest": NaN,
        "Reconciled Depreciation": NaN,
        "Reconciled Cost Of Revenue": NaN,
        "EBITDA": NaN,
        "EBIT": NaN,
        "Net Interest Income": NaN,
        "Interest Expense": NaN,
        "Interest Income": NaN,
        "Normalized Income": NaN,
        "Net Income From Continuing And Discontinued Operation": NaN,
        "Total Expenses": NaN,
        "Total Operating Income As Reported": NaN,
        "Diluted Average Shares": 55788953.0,
        "Basic Average Shares": 55788953.0,
        "Diluted EPS": -0.23,
        "Basic EPS": -0.23,
        "Diluted NI Availto Com Stockholders": NaN,
        "Net Income Common Stockholders": NaN,
        "Net Income": NaN,
        "Net Income Including Noncontrolling Interests": NaN,
        "Net Income Continuous Operations": NaN,
        "Tax Provision": NaN,
        "Pretax Income": NaN,
        "Other Income Expense": NaN,
        "Special Income Charges": 0.0,
        "Gain On Sale Of Ppe": 0.0,
        "Gain On Sale Of Security": NaN,
        "Net Non Operating Interest Income Expense": NaN,
        "Total Other Finance Cost": NaN,
        "Interest Expense Non Operating": NaN,
        "Interest Income Non Operating": NaN,
        "Operating Income": NaN,
        "Operating Expense": NaN,
        "Other Operating Expenses": NaN,
        "Other Taxes": NaN,
        "Research And Development": 1116000.0,
        "Selling General And Administration": NaN,
        "General And Administrative Expense": NaN,
        "Other Gand A": NaN,
        "Salaries And Wages": NaN,
        "Gross Profit": NaN,
        "Cost Of Revenue": NaN,
        "Total Revenue": NaN,
        "Operating Revenue": NaN
    },
    "2022-06-30": {
        "Tax Effect Of Unusual Items": 0.0,
        "Tax Rate For Calcs": 0.0,
        "Normalized EBITDA": -13148000.0,
        "Total Unusual Items": 341000.0,
        "Total Unusual Items Excluding Goodwill": 341000.0,
        "Net Income From Continuing Operation Net Minority Interest": -14042000.0,
        "Reconciled Depreciation": 1190000.0,
        "Reconciled Cost Of Revenue": 1116000.0,
        "EBITDA": -12807000.0,
        "EBIT": -13997000.0,
        "Net Interest Income": 61000.0,
        "Interest Expense": 45000.0,
        "Interest Income": 115000.0,
        "Normalized Income": -14383000.0,
        "Net Income From Continuing And Discontinued Operation": -14042000.0,
        "Total Expenses": 14444000.0,
        "Total Operating Income As Reported": 14453000.0,
        "Diluted Average Shares": 55560540.0,
        "Basic Average Shares": 55560540.0,
        "Diluted EPS": -0.25,
        "Basic EPS": -0.25,
        "Diluted NI Availto Com Stockholders": -14042000.0,
        "Net Income Common Stockholders": -14042000.0,
        "Net Income": -14042000.0,
        "Net Income Including Noncontrolling Interests": -14042000.0,
        "Net Income Continuous Operations": -14042000.0,
        "Tax Provision": NaN,
        "Pretax Income": -14042000.0,
        "Other Income Expense": 341000.0,
        "Special Income Charges": NaN,
        "Gain On Sale Of Ppe": NaN,
        "Gain On Sale Of Security": 341000.0,
        "Net Non Operating Interest Income Expense": 61000.0,
        "Total Other Finance Cost": 9000.0,
        "Interest Expense Non Operating": 45000.0,
        "Interest Income Non Operating": 115000.0,
        "Operating Income": -14444000.0,
        "Operating Expense": 13328000.0,
        "Other Operating Expenses": 5093000.0,
        "Other Taxes": NaN,
        "Research And Development": NaN,
        "Selling General And Administration": 8235000.0,
        "General And Administrative Expense": 8235000.0,
        "Other Gand A": 3779000.0,
        "Salaries And Wages": 4456000.0,
        "Gross Profit": -1116000.0,
        "Cost Of Revenue": 1116000.0,
        "Total Revenue": 0.0,
        "Operating Revenue": 0.0
    },
    "2022-03-31": {
        "Diluted EPS": -0.23,
        "Total Revenue": NaN,
        "Gross Profit": NaN,
        "Operating Income": -13,
        "EBIT": -12,
        "Net Income": -13
    },
    "2021-12-31": {
        "Diluted EPS": -0.14,
        "Total Revenue": NaN,
        "Gross Profit": NaN,
        "Operating Income": -8,
        "EBIT": -8,
        "Net Income": -8
    },
    "2021-09-30": {
        "Diluted EPS": -0.15,
        "Total Revenue": NaN,
        "Gross Profit": NaN,
        "Operating Income": -7,
        "EBIT": -7,
        "Net Income": -7
    },
    "2021-06-30": {
        "Diluted EPS": -0.28,
        "Total Revenue": NaN,
        "Gross Profit": NaN,
        "Operating Income": -10,
        "EBIT": -10,
        "Net Income": -10
    },
    "2021-03-31": {
        "Diluted EPS": -0.17,
        "Total Revenue": NaN,
        "Gross Profit": NaN,
        "Operating Income": -5,
        "EBIT": -5,
        "Net Income": -6
    },
    "2020-12-31": {
        "Diluted EPS": -0.49,
        "Total Revenue": NaN,
        "Gross Profit": NaN,
        "Operating Income": -9,
        "EBIT": -9,
        "Net Income": -8
    },
    "2020-09-30": {
        "Diluted EPS": -0.01,
        "Total Revenue": NaN,
        "Gross Profit": NaN,
        "Operating Income": -1,
        "EBIT": -1,
        "Net Income": -2
    },
    "2020-06-30": {
        "Diluted EPS": -0.01,
        "Total Revenue": NaN,
        "Gross Profit": NaN,
        "Operating Income": -1,
        "EBIT": -1,
        "Net Income": -1
    },
    "2020-03-31": {
        "Diluted EPS": -0.01,
        "Total Revenue": NaN,
        "Gross Profit": NaN,
        "Operating Income": -1,
        "EBIT": -1,
        "Net Income": -2
    },
    "2019-12-31": {
        "Diluted EPS": -0.01,
        "Total Revenue": NaN,
        "Gross Profit": NaN,
        "Operating Income": NaN,
        "EBIT": NaN,
        "Net Income": -1
    },
    "2023-06-30": {
        "Tax Effect Of Unusual Items": NaN,
        "Tax Rate For Calcs": NaN,
        "Normalized EBITDA": NaN,
        "Total Unusual Items": NaN,
        "Total Unusual Items Excluding Goodwill": NaN,
        "Net Income From Continuing Operation Net Minority Interest": NaN,
        "Reconciled Depreciation": NaN,
        "Reconciled Cost Of Revenue": NaN,
        "EBITDA": NaN,
        "EBIT": NaN,
        "Net Interest Income": NaN,
        "Interest Expense": NaN,
        "Interest Income": NaN,
        "Normalized Income": NaN,
        "Net Income From Continuing And Discontinued Operation": NaN,
        "Total Expenses": NaN,
        "Total Operating Income As Reported": NaN,
        "Diluted Average Shares": 70913850.0,
        "Basic Average Shares": 60347080.0,
        "Diluted EPS": 0.02,
        "Basic EPS": 0.02,
        "Diluted NI Availto Com Stockholders": NaN,
        "Net Income Common Stockholders": NaN,
        "Net Income": NaN,
        "Net Income Including Noncontrolling Interests": NaN,
        "Net Income Continuous Operations": NaN,
        "Tax Provision": NaN,
        "Pretax Income": NaN,
        "Other Income Expense": NaN,
        "Special Income Charges": -5000.0,
        "Gain On Sale Of Ppe": -5000.0,
        "Other Special Charges": NaN,
        "Gain On Sale Of Security": NaN,
        "Net Non Operating Interest Income Expense": NaN,
        "Total Other Finance Cost": NaN,
        "Interest Expense Non Operating": NaN,
        "Interest Income Non Operating": NaN,
        "Operating Income": NaN,
        "Operating Expense": NaN,
        "Other Operating Expenses": NaN,
        "Other Taxes": NaN,
        "Selling General And Administration": NaN,
        "General And Administrative Expense": NaN,
        "Other Gand A": NaN,
        "Salaries And Wages": NaN,
        "Gross Profit": NaN,
        "Cost Of Revenue": NaN,
        "Total Revenue": NaN,
        "Operating Revenue": NaN
    },
    "2023-09-30": {
        "Tax Effect Of Unusual Items": NaN,
        "Tax Rate For Calcs": NaN,
        "Normalized EBITDA": NaN,
        "Total Unusual Items": NaN,
        "Total Unusual Items Excluding Goodwill": NaN,
        "Net Income From Continuing Operation Net Minority Interest": NaN,
        "Reconciled Depreciation": NaN,
        "Reconciled Cost Of Revenue": NaN,
        "EBITDA": NaN,
        "EBIT": NaN,
        "Net Interest Income": NaN,
        "Interest Expense": NaN,
        "Interest Income": NaN,
        "Normalized Income": NaN,
        "Net Income From Continuing And Discontinued Operation": NaN,
        "Total Expenses": NaN,
        "Total Operating Income As Reported": NaN,
        "Diluted Average Shares": 60746564.0,
        "Basic Average Shares": 60746564.0,
        "Diluted EPS": -0.26,
        "Basic EPS": -0.26,
        "Diluted NI Availto Com Stockholders": NaN,
        "Net Income Common Stockholders": NaN,
        "Net Income": NaN,
        "Net Income Including Noncontrolling Interests": NaN,
        "Net Income Continuous Operations": NaN,
        "Tax Provision": NaN,
        "Pretax Income": NaN,
        "Other Income Expense": NaN,
        "Special Income Charges": 0.0,
        "Gain On Sale Of Ppe": 0.0,
        "Other Special Charges": NaN,
        "Gain On Sale Of Security": NaN,
        "Net Non Operating Interest Income Expense": NaN,
        "Total Other Finance Cost": NaN,
        "Interest Expense Non Operating": NaN,
        "Interest Income Non Operating": NaN,
        "Operating Income": NaN,
        "Operating Expense": NaN,
        "Other Operating Expenses": NaN,
        "Other Taxes": NaN,
        "Selling General And Administration": NaN,
        "General And Administrative Expense": NaN,
        "Other Gand A": NaN,
        "Salaries And Wages": NaN,
        "Gross Profit": NaN,
        "Cost Of Revenue": NaN,
        "Total Revenue": NaN,
        "Operating Revenue": NaN
    },
    "2023-12-31": {
        "Tax Effect Of Unusual Items": NaN,
        "Tax Rate For Calcs": NaN,
        "Normalized EBITDA": NaN,
        "Total Unusual Items": NaN,
        "Total Unusual Items Excluding Goodwill": NaN,
        "Net Income From Continuing Operation Net Minority Interest": NaN,
        "Reconciled Depreciation": NaN,
        "Reconciled Cost Of Revenue": NaN,
        "EBITDA": NaN,
        "EBIT": NaN,
        "Net Interest Income": NaN,
        "Interest Expense": NaN,
        "Interest Income": NaN,
        "Normalized Income": NaN,
        "Net Income From Continuing And Discontinued Operation": NaN,
        "Total Expenses": NaN,
        "Total Operating Income As Reported": NaN,
        "Diluted Average Shares": NaN,
        "Basic Average Shares": NaN,
        "Diluted EPS": NaN,
        "Basic EPS": NaN,
        "Diluted NI Availto Com Stockholders": NaN,
        "Net Income Common Stockholders": NaN,
        "Net Income": NaN,
        "Net Income Including Noncontrolling Interests": NaN,
        "Net Income Continuous Operations": NaN,
        "Tax Provision": NaN,
        "Pretax Income": NaN,
        "Other Income Expense": NaN,
        "Special Income Charges": 0.0,
        "Gain On Sale Of Ppe": 0.0,
        "Other Special Charges": NaN,
        "Gain On Sale Of Security": NaN,
        "Net Non Operating Interest Income Expense": NaN,
        "Total Other Finance Cost": NaN,
        "Interest Expense Non Operating": NaN,
        "Interest Income Non Operating": NaN,
        "Operating Income": NaN,
        "Operating Expense": NaN,
        "Other Operating Expenses": NaN,
        "Other Taxes": NaN,
        "Selling General And Administration": NaN,
        "General And Administrative Expense": NaN,
        "Other Gand A": NaN,
        "Salaries And Wages": NaN,
        "Gross Profit": NaN,
        "Cost Of Revenue": NaN,
        "Total Revenue": NaN,
        "Operating Revenue": NaN
    },
    "2024-03-31": {
        "Tax Effect Of Unusual Items": NaN,
        "Tax Rate For Calcs": NaN,
        "Normalized EBITDA": NaN,
        "Total Unusual Items": NaN,
        "Total Unusual Items Excluding Goodwill": NaN,
        "Net Income From Continuing Operation Net Minority Interest": NaN,
        "Reconciled Depreciation": NaN,
        "Reconciled Cost Of Revenue": NaN,
        "EBITDA": NaN,
        "EBIT": NaN,
        "Net Interest Income": NaN,
        "Interest Expense": NaN,
        "Interest Income": NaN,
        "Normalized Income": NaN,
        "Net Income From Continuing And Discontinued Operation": NaN,
        "Total Expenses": NaN,
        "Total Operating Income As Reported": NaN,
        "Diluted Average Shares": 75727397.0,
        "Basic Average Shares": 75727397.0,
        "Diluted EPS": -0.43,
        "Basic EPS": -0.43,
        "Diluted NI Availto Com Stockholders": NaN,
        "Net Income Common Stockholders": NaN,
        "Net Income": NaN,
        "Net Income Including Noncontrolling Interests": NaN,
        "Net Income Continuous Operations": NaN,
        "Tax Provision": NaN,
        "Pretax Income": NaN,
        "Other Income Expense": NaN,
        "Special Income Charges": NaN,
        "Gain On Sale Of Ppe": NaN,
        "Other Special Charges": NaN,
        "Gain On Sale Of Security": NaN,
        "Net Non Operating Interest Income Expense": NaN,
        "Total Other Finance Cost": NaN,
        "Interest Expense Non Operating": NaN,
        "Interest Income Non Operating": NaN,
        "Operating Income": NaN,
        "Operating Expense": NaN,
        "Other Operating Expenses": NaN,
        "Other Taxes": NaN,
        "Selling General And Administration": NaN,
        "General And Administrative Expense": NaN,
        "Other Gand A": NaN,
        "Salaries And Wages": NaN,
        "Gross Profit": NaN,
        "Cost Of Revenue": NaN,
        "Total Revenue": NaN,
        "Operating Revenue": NaN
    },
    "2024-06-30": {
        "Tax Effect Of Unusual Items": 936900.0,
        "Tax Rate For Calcs": 0.15,
        "Normalized EBITDA": -13967000.0,
        "Total Unusual Items": 6246000.0,
        "Total Unusual Items Excluding Goodwill": 6246000.0,
        "Net Income From Continuing Operation Net Minority Interest": -11082000.0,
        "Reconciled Depreciation": 2523000.0,
        "Reconciled Cost Of Revenue": 2985000.0,
        "EBITDA": -7721000.0,
        "EBIT": -10244000.0,
        "Net Interest Income": 396000.0,
        "Interest Expense": 738000.0,
        "Interest Income": 1139000.0,
        "Normalized Income": -16391100.0,
        "Net Income From Continuing And Discontinued Operation": -11082000.0,
        "Total Expenses": 17624000.0,
        "Total Operating Income As Reported": 17629000.0,
        "Diluted Average Shares": 106079801.0,
        "Basic Average Shares": 106079801.0,
        "Diluted EPS": -0.1,
        "Basic EPS": -0.1,
        "Diluted NI Availto Com Stockholders": -11082000.0,
        "Net Income Common Stockholders": -11082000.0,
        "Net Income": -11082000.0,
        "Net Income Including Noncontrolling Interests": -11082000.0,
        "Net Income Continuous Operations": -11082000.0,
        "Tax Provision": 100000.0,
        "Pretax Income": -10982000.0,
        "Other Income Expense": 6246000.0,
        "Special Income Charges": -7548000.0,
        "Gain On Sale Of Ppe": 0.0,
        "Other Special Charges": 7548000.0,
        "Gain On Sale Of Security": 13794000.0,
        "Net Non Operating Interest Income Expense": 396000.0,
        "Total Other Finance Cost": 5000.0,
        "Interest Expense Non Operating": 738000.0,
        "Interest Income Non Operating": 1139000.0,
        "Operating Income": -17624000.0,
        "Operating Expense": 14639000.0,
        "Other Operating Expenses": 5523000.0,
        "Other Taxes": -106000.0,
        "Selling General And Administration": 8639000.0,
        "General And Administrative Expense": 8639000.0,
        "Other Gand A": 3255000.0,
        "Salaries And Wages": 5384000.0,
        "Gross Profit": -2985000.0,
        "Cost Of Revenue": 2985000.0,
        "Total Revenue": 0.0,
        "Operating Revenue": 0.0
    },
    "2024-09-30": {
        "Tax Effect Of Unusual Items": 1397700.0,
        "Tax Rate For Calcs": 0.15,
        "Normalized EBITDA": -15089000.0,
        "Total Unusual Items": 9318000.0,
        "Total Unusual Items Excluding Goodwill": 9318000.0,
        "Net Income From Continuing Operation Net Minority Interest": -8062000.0,
        "Reconciled Depreciation": 1879000.0,
        "Reconciled Cost Of Revenue": 2367000.0,
        "EBITDA": -5771000.0,
        "EBIT": -7650000.0,
        "Net Interest Income": 662000.0,
        "Interest Expense": 312000.0,
        "Interest Income": 993000.0,
        "Normalized Income": -15982300.0,
        "Net Income From Continuing And Discontinued Operation": -8062000.0,
        "Total Expenses": 17942000.0,
        "Total Operating Income As Reported": -19059000.0,
        "Diluted Average Shares": 113327700.0,
        "Basic Average Shares": 113327700.0,
        "Diluted EPS": -0.07,
        "Basic EPS": -0.07,
        "Diluted NI Availto Com Stockholders": -8062000.0,
        "Net Income Common Stockholders": -8062000.0,
        "Net Income": -8062000.0,
        "Net Income Including Noncontrolling Interests": -8062000.0,
        "Net Income Continuous Operations": -8062000.0,
        "Tax Provision": 100000.0,
        "Pretax Income": -7962000.0,
        "Other Income Expense": 9318000.0,
        "Special Income Charges": -1098000.0,
        "Gain On Sale Of Ppe": -1098000.0,
        "Other Special Charges": NaN,
        "Gain On Sale Of Security": 10416000.0,
        "Net Non Operating Interest Income Expense": 662000.0,
        "Total Other Finance Cost": 19000.0,
        "Interest Expense Non Operating": 312000.0,
        "Interest Income Non Operating": 993000.0,
        "Operating Income": -17942000.0,
        "Operating Expense": 15575000.0,
        "Other Operating Expenses": 7362000.0,
        "Other Taxes": -106000.0,
        "Selling General And Administration": 7684000.0,
        "General And Administrative Expense": 7684000.0,
        "Other Gand A": 2759000.0,
        "Salaries And Wages": 4925000.0,
        "Gross Profit": -2367000.0,
        "Cost Of Revenue": 2367000.0,
        "Total Revenue": 0.0,
        "Operating Revenue": 0.0
    },
    "2024-12-31": {
        "Tax Effect Of Unusual Items": -1024350.0,
        "Tax Rate For Calcs": 0.15,
        "Normalized EBITDA": -12579000.0,
        "Total Unusual Items": -6829000.0,
        "Total Unusual Items Excluding Goodwill": -6829000.0,
        "Net Income From Continuing Operation Net Minority Interest": -21903000.0,
        "Reconciled Depreciation": 2070000.0,
        "Reconciled Cost Of Revenue": 2332000.0,
        "EBITDA": -19408000.0,
        "EBIT": -21478000.0,
        "Net Interest Income": 378000.0,
        "Interest Expense": 325000.0,
        "Interest Income": 726000.0,
        "Normalized Income": -16098350.0,
        "Net Income From Continuing And Discontinued Operation": -21903000.0,
        "Total Expenses": 15352000.0,
        "Total Operating Income As Reported": -15375000.0,
        "Diluted Average Shares": NaN,
        "Basic Average Shares": NaN,
        "Diluted EPS": NaN,
        "Basic EPS": NaN,
        "Diluted NI Availto Com Stockholders": -21903000.0,
        "Net Income Common Stockholders": -21903000.0,
        "Net Income": -21903000.0,
        "Net Income Including Noncontrolling Interests": -21903000.0,
        "Net Income Continuous Operations": -21903000.0,
        "Tax Provision": 100000.0,
        "Pretax Income": -21803000.0,
        "Other Income Expense": -6829000.0,
        "Special Income Charges": 0.0,
        "Gain On Sale Of Ppe": 0.0,
        "Other Special Charges": 0.0,
        "Gain On Sale Of Security": -6829000.0,
        "Net Non Operating Interest Income Expense": 378000.0,
        "Total Other Finance Cost": 23000.0,
        "Interest Expense Non Operating": 325000.0,
        "Interest Income Non Operating": 726000.0,
        "Operating Income": -15352000.0,
        "Operating Expense": 13020000.0,
        "Other Operating Expenses": 7420000.0,
        "Other Taxes": -623000.0,
        "Selling General And Administration": 5769000.0,
        "General And Administrative Expense": 5769000.0,
        "Other Gand A": 3624000.0,
        "Salaries And Wages": 2145000.0,
        "Gross Profit": -2332000.0,
        "Cost Of Revenue": 2332000.0,
        "Total Revenue": 0.0,
        "Operating Revenue": 0.0
    },
    "2025-03-31": {
        "Tax Effect Of Unusual Items": 847050.0,
        "Tax Rate For Calcs": 0.15,
        "Normalized EBITDA": -15438000.0,
        "Total Unusual Items": 5647000.0,
        "Total Unusual Items Excluding Goodwill": 5647000.0,
        "Net Income From Continuing Operation Net Minority Interest": -12442000.0,
        "Reconciled Depreciation": 2192000.0,
        "Reconciled Cost Of Revenue": 2601000.0,
        "EBITDA": -9791000.0,
        "EBIT": -11983000.0,
        "Net Interest Income": 638000.0,
        "Interest Expense": 359000.0,
        "Interest Income": 1002000.0,
        "Normalized Income": -17241950.0,
        "Net Income From Continuing And Discontinued Operation": -12442000.0,
        "Total Expenses": 18627000.0,
        "Total Operating Income As Reported": -18632000.0,
        "Diluted Average Shares": 153422506.0,
        "Basic Average Shares": 153422506.0,
        "Diluted EPS": -0.08,
        "Basic EPS": -0.08,
        "Diluted NI Availto Com Stockholders": -12442000.0,
        "Net Income Common Stockholders": -12442000.0,
        "Net Income": -12442000.0,
        "Net Income Including Noncontrolling Interests": -12442000.0,
        "Net Income Continuous Operations": -12442000.0,
        "Tax Provision": 100000.0,
        "Pretax Income": -12342000.0,
        "Other Income Expense": 5647000.0,
        "Special Income Charges": NaN,
        "Gain On Sale Of Ppe": NaN,
        "Other Special Charges": NaN,
        "Gain On Sale Of Security": 5647000.0,
        "Net Non Operating Interest Income Expense": 638000.0,
        "Total Other Finance Cost": 5000.0,
        "Interest Expense Non Operating": 359000.0,
        "Interest Income Non Operating": 1002000.0,
        "Operating Income": -18627000.0,
        "Operating Expense": 16026000.0,
        "Other Operating Expenses": 7184000.0,
        "Other Taxes": 0.0,
        "Selling General And Administration": 8684000.0,
        "General And Administrative Expense": 8684000.0,
        "Other Gand A": 3089000.0,
        "Salaries And Wages": 5595000.0,
        "Gross Profit": -2601000.0,
        "Cost Of Revenue": 2601000.0,
        "Total Revenue": 0.0,
        "Operating Revenue": 0.0
    },
    "2025-06-30": {
        "Tax Effect Of Unusual Items": -706800.0,
        "Tax Rate For Calcs": 0.15,
        "Normalized EBITDA": -13499000.0,
        "Total Unusual Items": -4712000.0,
        "Total Unusual Items Excluding Goodwill": -4712000.0,
        "Net Income From Continuing Operation Net Minority Interest": -21016000.0,
        "Reconciled Depreciation": 2346000.0,
        "Reconciled Cost Of Revenue": 2477000.0,
        "EBITDA": -18211000.0,
        "EBIT": -20557000.0,
        "Net Interest Income": 301000.0,
        "Interest Expense": 359000.0,
        "Interest Income": 720000.0,
        "Normalized Income": -17010800.0,
        "Net Income From Continuing And Discontinued Operation": -21016000.0,
        "Total Expenses": 16505000.0,
        "Total Operating Income As Reported": 16565000.0,
        "Diluted Average Shares": 153617190.0,
        "Basic Average Shares": 153617190.0,
        "Diluted EPS": -0.14,
        "Basic EPS": -0.14,
        "Diluted NI Availto Com Stockholders": -21016000.0,
        "Net Income Common Stockholders": -21016000.0,
        "Net Income": -21016000.0,
        "Net Income Including Noncontrolling Interests": -21016000.0,
        "Net Income Continuous Operations": -21016000.0,
        "Tax Provision": 100000.0,
        "Pretax Income": -20916000.0,
        "Other Income Expense": -4712000.0,
        "Special Income Charges": 0.0,
        "Gain On Sale Of Ppe": NaN,
        "Other Special Charges": NaN,
        "Gain On Sale Of Security": -4712000.0,
        "Net Non Operating Interest Income Expense": 301000.0,
        "Total Other Finance Cost": 60000.0,
        "Interest Expense Non Operating": 359000.0,
        "Interest Income Non Operating": 720000.0,
        "Operating Income": -16505000.0,
        "Operating Expense": 14028000.0,
        "Other Operating Expenses": 5501000.0,
        "Other Taxes": 70000.0,
        "Selling General And Administration": 7743000.0,
        "General And Administrative Expense": 7743000.0,
        "Other Gand A": 4474000.0,
        "Salaries And Wages": 3269000.0,
        "Gross Profit": -2477000.0,
        "Cost Of Revenue": 2477000.0,
        "Total Revenue": 0.0,
        "Operating Revenue": 0.0
    }
}