{
    "2023-03-31": {
        "Tax Effect Of Unusual Items": NaN,
        "Tax Rate For Calcs": NaN,
        "Normalized EBITDA": NaN,
        "Total Unusual Items": 0.0,
        "Total Unusual Items Excluding Goodwill": 0.0,
        "Net Income From Continuing Operation Net Minority Interest": NaN,
        "Reconciled Depreciation": NaN,
        "Reconciled Cost Of Revenue": NaN,
        "EBITDA": NaN,
        "EBIT": NaN,
        "Net Interest Income": NaN,
        "Interest Expense": NaN,
        "Interest Income": NaN,
        "Normalized Income": NaN,
        "Net Income From Continuing And Discontinued Operation": NaN,
        "Total Expenses": NaN,
        "Total Operating Income As Reported": NaN,
        "Diluted Average Shares": NaN,
        "Basic Average Shares": NaN,
        "Diluted EPS": NaN,
        "Basic EPS": NaN,
        "Diluted NI Availto Com Stockholders": NaN,
        "Net Income Common Stockholders": NaN,
        "Net Income": NaN,
        "Minority Interests": NaN,
        "Net Income Including Noncontrolling Interests": NaN,
        "Net Income Continuous Operations": NaN,
        "Tax Provision": NaN,
        "Pretax Income": NaN,
        "Special Income Charges": 0.0,
        "Impairment Of Capital Assets": 0.0,
        "Net Non Operating Interest Income Expense": NaN,
        "Total Other Finance Cost": NaN,
        "Interest Expense Non Operating": NaN,
        "Interest Income Non Operating": NaN,
        "Operating Income": NaN,
        "Operating Expense": NaN,
        "Other Operating Expenses": NaN,
        "Research And Development": NaN,
        "Selling General And Administration": NaN,
        "Selling And Marketing Expense": NaN,
        "General And Administrative Expense": NaN,
        "Other Gand A": NaN,
        "Gross Profit": NaN,
        "Cost Of Revenue": NaN,
        "Total Revenue": NaN,
        "Operating Revenue": NaN
    },
    "2022-12-31": {
        "Tax Effect Of Unusual Items": NaN,
        "Tax Rate For Calcs": NaN,
        "Normalized EBITDA": NaN,
        "Total Unusual Items": -119449000.0,
        "Total Unusual Items Excluding Goodwill": -119449000.0,
        "Net Income From Continuing Operation Net Minority Interest": NaN,
        "Reconciled Depreciation": NaN,
        "Reconciled Cost Of Revenue": NaN,
        "EBITDA": NaN,
        "EBIT": NaN,
        "Net Interest Income": NaN,
        "Interest Expense": NaN,
        "Interest Income": NaN,
        "Normalized Income": NaN,
        "Net Income From Continuing And Discontinued Operation": NaN,
        "Total Expenses": NaN,
        "Total Operating Income As Reported": NaN,
        "Diluted Average Shares": NaN,
        "Basic Average Shares": NaN,
        "Diluted EPS": NaN,
        "Basic EPS": NaN,
        "Diluted NI Availto Com Stockholders": NaN,
        "Net Income Common Stockholders": NaN,
        "Net Income": NaN,
        "Minority Interests": NaN,
        "Net Income Including Noncontrolling Interests": NaN,
        "Net Income Continuous Operations": NaN,
        "Tax Provision": NaN,
        "Pretax Income": NaN,
        "Special Income Charges": -40523000.0,
        "Impairment Of Capital Assets": 40523000.0,
        "Net Non Operating Interest Income Expense": NaN,
        "Total Other Finance Cost": NaN,
        "Interest Expense Non Operating": NaN,
        "Interest Income Non Operating": NaN,
        "Operating Income": NaN,
        "Operating Expense": NaN,
        "Other Operating Expenses": NaN,
        "Research And Development": NaN,
        "Selling General And Administration": NaN,
        "Selling And Marketing Expense": NaN,
        "General And Administrative Expense": NaN,
        "Other Gand A": NaN,
        "Gross Profit": NaN,
        "Cost Of Revenue": NaN,
        "Total Revenue": NaN,
        "Operating Revenue": NaN
    },
    "2022-09-30": {
        "Tax Effect Of Unusual Items": NaN,
        "Tax Rate For Calcs": NaN,
        "Normalized EBITDA": NaN,
        "Total Unusual Items": NaN,
        "Total Unusual Items Excluding Goodwill": NaN,
        "Net Income From Continuing Operation Net Minority Interest": NaN,
        "Reconciled Depreciation": NaN,
        "Reconciled Cost Of Revenue": NaN,
        "EBITDA": NaN,
        "EBIT": NaN,
        "Net Interest Income": NaN,
        "Interest Expense": NaN,
        "Interest Income": NaN,
        "Normalized Income": NaN,
        "Net Income From Continuing And Discontinued Operation": NaN,
        "Total Expenses": NaN,
        "Total Operating Income As Reported": NaN,
        "Diluted Average Shares": NaN,
        "Basic Average Shares": NaN,
        "Diluted EPS": NaN,
        "Basic EPS": NaN,
        "Diluted NI Availto Com Stockholders": NaN,
        "Net Income Common Stockholders": NaN,
        "Net Income": NaN,
        "Minority Interests": NaN,
        "Net Income Including Noncontrolling Interests": NaN,
        "Net Income Continuous Operations": NaN,
        "Tax Provision": NaN,
        "Pretax Income": NaN,
        "Special Income Charges": NaN,
        "Impairment Of Capital Assets": NaN,
        "Net Non Operating Interest Income Expense": NaN,
        "Total Other Finance Cost": 38681000.0,
        "Interest Expense Non Operating": NaN,
        "Interest Income Non Operating": NaN,
        "Operating Income": NaN,
        "Operating Expense": NaN,
        "Other Operating Expenses": NaN,
        "Research And Development": NaN,
        "Selling General And Administration": NaN,
        "Selling And Marketing Expense": NaN,
        "General And Administrative Expense": NaN,
        "Other Gand A": NaN,
        "Gross Profit": NaN,
        "Cost Of Revenue": NaN,
        "Total Revenue": NaN,
        "Operating Revenue": NaN
    },
    "2022-06-30": {
        "Tax Effect Of Unusual Items": 0.0,
        "Tax Rate For Calcs": 0.008286,
        "Normalized EBITDA": -25162000.0,
        "Total Unusual Items": 0.0,
        "Total Unusual Items Excluding Goodwill": 0.0,
        "Net Income From Continuing Operation Net Minority Interest": -39732000.0,
        "Reconciled Depreciation": 1715000.0,
        "Reconciled Cost Of Revenue": 7521000.0,
        "EBITDA": -25162000.0,
        "EBIT": -26877000.0,
        "Net Interest Income": -8201000.0,
        "Interest Expense": 13431000.0,
        "Interest Income": 5230000.0,
        "Normalized Income": -39732000.0,
        "Net Income From Continuing And Discontinued Operation": -39732000.0,
        "Total Expenses": 43208000.0,
        "Total Operating Income As Reported": -32107000.0,
        "Diluted Average Shares": 264880000.0,
        "Basic Average Shares": 264880000.0,
        "Diluted EPS": -0.15,
        "Basic EPS": -0.15,
        "Diluted NI Availto Com Stockholders": -39732000.0,
        "Net Income Common Stockholders": -39732000.0,
        "Net Income": -39732000.0,
        "Minority Interests": 242000.0,
        "Net Income Including Noncontrolling Interests": -39974000.0,
        "Net Income Continuous Operations": -39974000.0,
        "Tax Provision": -334000.0,
        "Pretax Income": -40308000.0,
        "Other Income Expense": NaN,
        "Special Income Charges": 0.0,
        "Write Off": NaN,
        "Impairment Of Capital Assets": 0.0,
        "Net Non Operating Interest Income Expense": -8201000.0,
        "Interest Expense Non Operating": 13431000.0,
        "Interest Income Non Operating": 5230000.0,
        "Operating Income": -32107000.0,
        "Operating Expense": 35687000.0,
        "Research And Development": 18365000.0,
        "Selling General And Administration": 17322000.0,
        "Selling And Marketing Expense": 10115000.0,
        "General And Administrative Expense": 7207000.0,
        "Other Gand A": 7207000.0,
        "Gross Profit": 3580000.0,
        "Cost Of Revenue": 7521000.0,
        "Total Revenue": 11101000.0,
        "Operating Revenue": 11101000.0
    },
    "2022-03-31": {
        "Diluted EPS": -0.13,
        "Total Revenue": 10,
        "Gross Profit": 1,
        "Operating Income": -33,
        "EBIT": -32,
        "Net Income": -33
    },
    "2021-12-31": {
        "Diluted EPS": -0.66,
        "Total Revenue": 8,
        "Gross Profit": 0,
        "Operating Income": -169,
        "EBIT": -167,
        "Net Income": -160
    },
    "2021-09-30": {
        "Diluted EPS": -0.07,
        "Total Revenue": 1,
        "Gross Profit": 0,
        "Operating Income": -25,
        "EBIT": -22,
        "Net Income": -18
    },
    "2021-06-30": {
        "Diluted EPS": -0.05,
        "Total Revenue": 1,
        "Gross Profit": 0,
        "Operating Income": -20,
        "EBIT": -18,
        "Net Income": -14
    },
    "2021-03-31": {
        "Diluted EPS": -0.05,
        "Total Revenue": 1,
        "Gross Profit": 0,
        "Operating Income": -10,
        "EBIT": -9,
        "Net Income": -9
    },
    "2020-12-31": {
        "Diluted EPS": -0.09,
        "Total Revenue": 2,
        "Gross Profit": 1,
        "Operating Income": -9,
        "EBIT": -9,
        "Net Income": -17
    },
    "2020-09-30": {
        "Diluted EPS": -0.45,
        "Total Revenue": 0,
        "Gross Profit": 0,
        "Operating Income": -20,
        "EBIT": -20,
        "Net Income": -21
    },
    "2020-06-30": {
        "Diluted EPS": -0.27,
        "Total Revenue": 0,
        "Gross Profit": 0,
        "Operating Income": -4,
        "EBIT": -4,
        "Net Income": -8
    },
    "2020-03-31": {
        "Diluted EPS": -0.32,
        "Total Revenue": 1,
        "Gross Profit": 0,
        "Operating Income": -3,
        "EBIT": -3,
        "Net Income": -2
    },
    "2019-12-31": {
        "Diluted EPS": -0.79,
        "Total Revenue": 2,
        "Gross Profit": 1,
        "Operating Income": -3,
        "EBIT": -3,
        "Net Income": -1
    },
    "2019-09-30": {
        "Diluted EPS": -1.21,
        "Total Revenue": 2,
        "Gross Profit": 1,
        "Operating Income": -3,
        "EBIT": -3,
        "Net Income": -4
    },
    "2019-06-30": {
        "Diluted EPS": -0.33,
        "Total Revenue": 1,
        "Gross Profit": 0,
        "Operating Income": -5,
        "EBIT": -5,
        "Net Income": -1
    },
    "2019-03-31": {
        "Diluted EPS": -0.05,
        "Total Revenue": 2,
        "Gross Profit": 0,
        "Operating Income": -4,
        "EBIT": -4,
        "Net Income": -1
    },
    "2018-12-31": {
        "Diluted EPS": -1.9,
        "Total Revenue": 2,
        "Gross Profit": 0,
        "Operating Income": -4,
        "EBIT": -4,
        "Net Income": -4
    },
    "2018-09-30": {
        "Diluted EPS": -1.9,
        "Total Revenue": 2,
        "Gross Profit": 0,
        "Operating Income": -4,
        "EBIT": -4,
        "Net Income": -4
    },
    "2018-06-30": {
        "Diluted EPS": -2.0,
        "Total Revenue": 1,
        "Gross Profit": 0,
        "Operating Income": -4,
        "EBIT": -4,
        "Net Income": -4
    },
    "2018-03-31": {
        "Diluted EPS": -2.7,
        "Total Revenue": 1,
        "Gross Profit": 0,
        "Operating Income": -4,
        "EBIT": -4,
        "Net Income": -4
    },
    "2017-12-31": {
        "Diluted EPS": -2.6,
        "Total Revenue": 0,
        "Gross Profit": 0,
        "Operating Income": -4,
        "EBIT": -4,
        "Net Income": -4
    },
    "2017-09-30": {
        "Diluted EPS": -3.9,
        "Total Revenue": 0,
        "Gross Profit": 0,
        "Operating Income": -4,
        "EBIT": -4,
        "Net Income": -4
    },
    "2017-06-30": {
        "Diluted EPS": -4.5,
        "Total Revenue": 0,
        "Gross Profit": 0,
        "Operating Income": -5,
        "EBIT": -5,
        "Net Income": -5
    },
    "2017-03-31": {
        "Diluted EPS": -4.5,
        "Total Revenue": 0,
        "Gross Profit": 0,
        "Operating Income": -4,
        "EBIT": -4,
        "Net Income": -4
    },
    "2016-12-31": {
        "Diluted EPS": -4.0,
        "Total Revenue": NaN,
        "Gross Profit": NaN,
        "Operating Income": -4,
        "EBIT": -4,
        "Net Income": -4
    },
    "2016-09-30": {
        "Diluted EPS": -2.5,
        "Total Revenue": NaN,
        "Gross Profit": NaN,
        "Operating Income": -2,
        "EBIT": -2,
        "Net Income": -2
    },
    "2016-06-30": {
        "Diluted EPS": -2.0,
        "Total Revenue": NaN,
        "Gross Profit": NaN,
        "Operating Income": -2,
        "EBIT": -2,
        "Net Income": -2
    },
    "2016-03-31": {
        "Diluted EPS": -2.5,
        "Total Revenue": NaN,
        "Gross Profit": NaN,
        "Operating Income": -2,
        "EBIT": -2,
        "Net Income": -2
    },
    "2015-12-31": {
        "Diluted EPS": 0.0,
        "Total Revenue": NaN,
        "Gross Profit": NaN,
        "Operating Income": NaN,
        "EBIT": NaN,
        "Net Income": NaN
    },
    "2015-09-30": {
        "Diluted EPS": -1.6,
        "Total Revenue": NaN,
        "Gross Profit": NaN,
        "Operating Income": NaN,
        "EBIT": NaN,
        "Net Income": -1
    },
    "2023-06-30": {
        "Tax Effect Of Unusual Items": NaN,
        "Tax Rate For Calcs": NaN,
        "Normalized EBITDA": NaN,
        "Total Unusual Items": 0.0,
        "Total Unusual Items Excluding Goodwill": 0.0,
        "Net Income From Continuing Operation Net Minority Interest": NaN,
        "Reconciled Depreciation": NaN,
        "Reconciled Cost Of Revenue": NaN,
        "EBITDA": NaN,
        "EBIT": NaN,
        "Net Interest Income": NaN,
        "Interest Expense": NaN,
        "Interest Income": NaN,
        "Normalized Income": NaN,
        "Net Income From Continuing And Discontinued Operation": NaN,
        "Total Expenses": NaN,
        "Total Operating Income As Reported": NaN,
        "Diluted Average Shares": 227975000.0,
        "Basic Average Shares": 227975000.0,
        "Diluted EPS": -0.04,
        "Basic EPS": -0.04,
        "Diluted NI Availto Com Stockholders": NaN,
        "Net Income Common Stockholders": NaN,
        "Net Income": NaN,
        "Minority Interests": NaN,
        "Net Income Including Noncontrolling Interests": NaN,
        "Net Income Continuous Operations": NaN,
        "Tax Provision": NaN,
        "Pretax Income": NaN,
        "Special Income Charges": 0.0,
        "Impairment Of Capital Assets": 0.0,
        "Net Non Operating Interest Income Expense": NaN,
        "Total Other Finance Cost": NaN,
        "Interest Expense Non Operating": NaN,
        "Interest Income Non Operating": NaN,
        "Operating Income": NaN,
        "Operating Expense": NaN,
        "Other Operating Expenses": NaN,
        "Research And Development": NaN,
        "Selling General And Administration": NaN,
        "Selling And Marketing Expense": NaN,
        "General And Administrative Expense": NaN,
        "Other Gand A": NaN,
        "Gross Profit": NaN,
        "Cost Of Revenue": NaN,
        "Total Revenue": NaN,
        "Operating Revenue": NaN
    },
    "2023-09-30": {
        "Tax Effect Of Unusual Items": NaN,
        "Tax Rate For Calcs": NaN,
        "Normalized EBITDA": NaN,
        "Total Unusual Items": 0.0,
        "Total Unusual Items Excluding Goodwill": 0.0,
        "Net Income From Continuing Operation Net Minority Interest": NaN,
        "Reconciled Depreciation": NaN,
        "Reconciled Cost Of Revenue": NaN,
        "EBITDA": NaN,
        "EBIT": NaN,
        "Net Interest Income": NaN,
        "Interest Expense": NaN,
        "Interest Income": NaN,
        "Normalized Income": NaN,
        "Net Income From Continuing And Discontinued Operation": NaN,
        "Total Expenses": NaN,
        "Total Operating Income As Reported": NaN,
        "Diluted Average Shares": NaN,
        "Basic Average Shares": NaN,
        "Diluted EPS": NaN,
        "Basic EPS": NaN,
        "Diluted NI Availto Com Stockholders": NaN,
        "Net Income Common Stockholders": NaN,
        "Net Income": NaN,
        "Minority Interests": NaN,
        "Net Income Including Noncontrolling Interests": NaN,
        "Net Income Continuous Operations": NaN,
        "Tax Provision": NaN,
        "Pretax Income": NaN,
        "Other Income Expense": NaN,
        "Special Income Charges": 0.0,
        "Write Off": NaN,
        "Impairment Of Capital Assets": 0.0,
        "Net Non Operating Interest Income Expense": NaN,
        "Total Other Finance Cost": 40234000.0,
        "Interest Expense Non Operating": NaN,
        "Interest Income Non Operating": NaN,
        "Operating Income": NaN,
        "Operating Expense": NaN,
        "Other Operating Expenses": NaN,
        "Research And Development": NaN,
        "Selling General And Administration": NaN,
        "Selling And Marketing Expense": NaN,
        "General And Administrative Expense": NaN,
        "Other Gand A": NaN,
        "Gross Profit": NaN,
        "Cost Of Revenue": NaN,
        "Total Revenue": NaN,
        "Operating Revenue": NaN
    },
    "2023-12-31": {
        "Tax Effect Of Unusual Items": NaN,
        "Tax Rate For Calcs": NaN,
        "Normalized EBITDA": NaN,
        "Total Unusual Items": 25030000.0,
        "Total Unusual Items Excluding Goodwill": 25030000.0,
        "Net Income From Continuing Operation Net Minority Interest": NaN,
        "Reconciled Depreciation": NaN,
        "Reconciled Cost Of Revenue": NaN,
        "EBITDA": NaN,
        "EBIT": NaN,
        "Net Interest Income": NaN,
        "Interest Expense": NaN,
        "Interest Income": NaN,
        "Normalized Income": NaN,
        "Net Income From Continuing And Discontinued Operation": NaN,
        "Total Expenses": NaN,
        "Total Operating Income As Reported": NaN,
        "Diluted Average Shares": NaN,
        "Basic Average Shares": NaN,
        "Diluted EPS": NaN,
        "Basic EPS": NaN,
        "Diluted NI Availto Com Stockholders": NaN,
        "Net Income Common Stockholders": NaN,
        "Net Income": NaN,
        "Minority Interests": NaN,
        "Net Income Including Noncontrolling Interests": NaN,
        "Net Income Discontinuous Operations": NaN,
        "Net Income Continuous Operations": NaN,
        "Tax Provision": NaN,
        "Pretax Income": NaN,
        "Other Income Expense": NaN,
        "Other Non Operating Income Expenses": NaN,
        "Special Income Charges": 0.0,
        "Gain On Sale Of Business": NaN,
        "Other Special Charges": NaN,
        "Write Off": NaN,
        "Impairment Of Capital Assets": 0.0,
        "Restructuring And Mergern Acquisition": NaN,
        "Gain On Sale Of Security": NaN,
        "Net Non Operating Interest Income Expense": NaN,
        "Total Other Finance Cost": 17673000.0,
        "Interest Expense Non Operating": NaN,
        "Interest Income Non Operating": NaN,
        "Operating Income": NaN,
        "Operating Expense": NaN,
        "Other Operating Expenses": NaN,
        "Research And Development": NaN,
        "Selling General And Administration": NaN,
        "Selling And Marketing Expense": NaN,
        "General And Administrative Expense": NaN,
        "Other Gand A": NaN,
        "Gross Profit": NaN,
        "Cost Of Revenue": NaN,
        "Total Revenue": NaN,
        "Operating Revenue": NaN
    },
    "2024-03-31": {
        "Tax Effect Of Unusual Items": NaN,
        "Tax Rate For Calcs": NaN,
        "Normalized EBITDA": NaN,
        "Total Unusual Items": NaN,
        "Total Unusual Items Excluding Goodwill": NaN,
        "Net Income From Continuing Operation Net Minority Interest": NaN,
        "Reconciled Depreciation": NaN,
        "Reconciled Cost Of Revenue": NaN,
        "EBITDA": NaN,
        "EBIT": NaN,
        "Net Interest Income": NaN,
        "Interest Expense": NaN,
        "Interest Income": NaN,
        "Normalized Income": NaN,
        "Net Income From Continuing And Discontinued Operation": NaN,
        "Total Expenses": NaN,
        "Total Operating Income As Reported": NaN,
        "Diluted Average Shares": NaN,
        "Basic Average Shares": NaN,
        "Diluted EPS": NaN,
        "Basic EPS": NaN,
        "Diluted NI Availto Com Stockholders": NaN,
        "Net Income Common Stockholders": NaN,
        "Net Income": NaN,
        "Minority Interests": NaN,
        "Net Income Including Noncontrolling Interests": NaN,
        "Net Income Discontinuous Operations": NaN,
        "Net Income Continuous Operations": NaN,
        "Tax Provision": NaN,
        "Pretax Income": NaN,
        "Other Income Expense": NaN,
        "Other Non Operating Income Expenses": NaN,
        "Special Income Charges": NaN,
        "Gain On Sale Of Business": NaN,
        "Other Special Charges": NaN,
        "Write Off": NaN,
        "Restructuring And Mergern Acquisition": NaN,
        "Gain On Sale Of Security": NaN,
        "Net Non Operating Interest Income Expense": NaN,
        "Interest Expense Non Operating": NaN,
        "Interest Income Non Operating": NaN,
        "Operating Income": NaN,
        "Operating Expense": NaN,
        "Other Operating Expenses": -109000.0,
        "Research And Development": NaN,
        "Selling General And Administration": NaN,
        "Selling And Marketing Expense": NaN,
        "General And Administrative Expense": NaN,
        "Other Gand A": NaN,
        "Gross Profit": NaN,
        "Cost Of Revenue": NaN,
        "Total Revenue": NaN,
        "Operating Revenue": NaN
    },
    "2024-06-30": {
        "Tax Effect Of Unusual Items": NaN,
        "Tax Rate For Calcs": NaN,
        "Normalized EBITDA": NaN,
        "Total Unusual Items": -31315000.0,
        "Total Unusual Items Excluding Goodwill": -31315000.0,
        "Net Income From Continuing Operation Net Minority Interest": NaN,
        "Reconciled Depreciation": NaN,
        "Reconciled Cost Of Revenue": NaN,
        "EBITDA": NaN,
        "EBIT": NaN,
        "Net Interest Income": NaN,
        "Interest Expense": NaN,
        "Interest Income": NaN,
        "Normalized Income": NaN,
        "Net Income From Continuing And Discontinued Operation": NaN,
        "Total Expenses": NaN,
        "Total Operating Income As Reported": NaN,
        "Diluted Average Shares": NaN,
        "Basic Average Shares": NaN,
        "Diluted EPS": NaN,
        "Basic EPS": NaN,
        "Diluted NI Availto Com Stockholders": NaN,
        "Net Income Common Stockholders": NaN,
        "Net Income": NaN,
        "Minority Interests": NaN,
        "Net Income Including Noncontrolling Interests": NaN,
        "Net Income Discontinuous Operations": 0.0,
        "Net Income Continuous Operations": NaN,
        "Tax Provision": NaN,
        "Pretax Income": NaN,
        "Other Income Expense": -31315000.0,
        "Other Non Operating Income Expenses": NaN,
        "Special Income Charges": 0.0,
        "Gain On Sale Of Business": 0.0,
        "Other Special Charges": NaN,
        "Write Off": 0.0,
        "Restructuring And Mergern Acquisition": 0.0,
        "Gain On Sale Of Security": -31315000.0,
        "Net Non Operating Interest Income Expense": NaN,
        "Interest Expense Non Operating": NaN,
        "Interest Income Non Operating": NaN,
        "Operating Income": NaN,
        "Operating Expense": NaN,
        "Other Operating Expenses": 2721000.0,
        "Research And Development": NaN,
        "Selling General And Administration": NaN,
        "Selling And Marketing Expense": NaN,
        "General And Administrative Expense": NaN,
        "Other Gand A": NaN,
        "Gross Profit": NaN,
        "Cost Of Revenue": NaN,
        "Total Revenue": NaN,
        "Operating Revenue": NaN
    },
    "2024-09-30": {
        "Tax Effect Of Unusual Items": -3684.040404,
        "Tax Rate For Calcs": 0.004747,
        "Normalized EBITDA": -7555000.0,
        "Total Unusual Items": -776000.0,
        "Total Unusual Items Excluding Goodwill": -776000.0,
        "Net Income From Continuing Operation Net Minority Interest": -9559000.0,
        "Reconciled Depreciation": 1530000.0,
        "Reconciled Cost Of Revenue": 7725000.0,
        "EBITDA": -8331000.0,
        "EBIT": -9861000.0,
        "Net Interest Income": 11410000.0,
        "Interest Expense": 39000.0,
        "Interest Income": 11449000.0,
        "Normalized Income": -8786684.040404,
        "Net Income From Continuing And Discontinued Operation": -9559000.0,
        "Total Expenses": 35390000.0,
        "Total Operating Income As Reported": -20534000.0,
        "Diluted Average Shares": 238975000.0,
        "Basic Average Shares": 238975000.0,
        "Diluted EPS": -0.04,
        "Basic EPS": -0.04,
        "Diluted NI Availto Com Stockholders": -9559000.0,
        "Net Income Common Stockholders": -9559000.0,
        "Net Income": -9559000.0,
        "Minority Interests": 294000.0,
        "Net Income Including Noncontrolling Interests": -9853000.0,
        "Net Income Discontinuous Operations": 0.0,
        "Net Income Continuous Operations": -9853000.0,
        "Tax Provision": -47000.0,
        "Pretax Income": -9900000.0,
        "Other Income Expense": -776000.0,
        "Other Non Operating Income Expenses": NaN,
        "Special Income Charges": 0.0,
        "Gain On Sale Of Business": 0.0,
        "Other Special Charges": NaN,
        "Write Off": 0.0,
        "Restructuring And Mergern Acquisition": 0.0,
        "Gain On Sale Of Security": -776000.0,
        "Net Non Operating Interest Income Expense": 11410000.0,
        "Interest Expense Non Operating": 39000.0,
        "Interest Income Non Operating": 11449000.0,
        "Operating Income": -20534000.0,
        "Operating Expense": 27665000.0,
        "Other Operating Expenses": 721000.0,
        "Research And Development": 9963000.0,
        "Selling General And Administration": 17702000.0,
        "Selling And Marketing Expense": 7108000.0,
        "General And Administrative Expense": 10594000.0,
        "Other Gand A": 10594000.0,
        "Gross Profit": 7131000.0,
        "Cost Of Revenue": 7725000.0,
        "Total Revenue": 14856000.0,
        "Operating Revenue": 14856000.0
    },
    "2024-12-31": {
        "Tax Effect Of Unusual Items": 0.0,
        "Tax Rate For Calcs": 0.23,
        "Normalized EBITDA": -67508000.0,
        "Total Unusual Items": NaN,
        "Total Unusual Items Excluding Goodwill": NaN,
        "Net Income From Continuing Operation Net Minority Interest": -8805000.0,
        "Reconciled Depreciation": 1714000.0,
        "Reconciled Cost Of Revenue": 9716000.0,
        "EBITDA": -67508000.0,
        "EBIT": -69222000.0,
        "Net Interest Income": 70562000.0,
        "Interest Expense": -60481000.0,
        "Interest Income": 9241000.0,
        "Normalized Income": -8805000.0,
        "Net Income From Continuing And Discontinued Operation": -8805000.0,
        "Total Expenses": 39628000.0,
        "Total Operating Income As Reported": -26342000.0,
        "Diluted Average Shares": 220125000.0,
        "Basic Average Shares": 220125000.0,
        "Diluted EPS": -0.04,
        "Basic EPS": -0.04,
        "Diluted NI Availto Com Stockholders": -8805000.0,
        "Net Income Common Stockholders": -8805000.0,
        "Net Income": -8805000.0,
        "Minority Interests": 255000.0,
        "Net Income Including Noncontrolling Interests": -9060000.0,
        "Net Income Discontinuous Operations": NaN,
        "Net Income Continuous Operations": -9060000.0,
        "Tax Provision": 319000.0,
        "Pretax Income": -8741000.0,
        "Other Income Expense": NaN,
        "Other Non Operating Income Expenses": NaN,
        "Special Income Charges": NaN,
        "Gain On Sale Of Business": NaN,
        "Other Special Charges": NaN,
        "Write Off": NaN,
        "Restructuring And Mergern Acquisition": NaN,
        "Gain On Sale Of Security": NaN,
        "Net Non Operating Interest Income Expense": 70562000.0,
        "Interest Expense Non Operating": -60481000.0,
        "Interest Income Non Operating": 9241000.0,
        "Operating Income": -25059000.0,
        "Operating Expense": 29912000.0,
        "Other Operating Expenses": 2633000.0,
        "Research And Development": 9102000.0,
        "Selling General And Administration": 15048000.0,
        "Selling And Marketing Expense": -12426000.0,
        "General And Administrative Expense": 27474000.0,
        "Other Gand A": -3572000.0,
        "Gross Profit": 4853000.0,
        "Cost Of Revenue": 9716000.0,
        "Total Revenue": 14569000.0,
        "Operating Revenue": 14569000.0
    },
    "2025-03-31": {
        "Tax Effect Of Unusual Items": -282670.0,
        "Tax Rate For Calcs": 0.23,
        "Normalized EBITDA": -19324000.0,
        "Total Unusual Items": -1229000.0,
        "Total Unusual Items Excluding Goodwill": -1229000.0,
        "Net Income From Continuing Operation Net Minority Interest": -23775000.0,
        "Reconciled Depreciation": 1500000.0,
        "Reconciled Cost Of Revenue": 8495000.0,
        "EBITDA": -20553000.0,
        "EBIT": -22053000.0,
        "Net Interest Income": 16100000.0,
        "Interest Expense": 1935000.0,
        "Interest Income": 18035000.0,
        "Normalized Income": -22828670.0,
        "Net Income From Continuing And Discontinued Operation": -23775000.0,
        "Total Expenses": 53260000.0,
        "Total Operating Income As Reported": -40088000.0,
        "Diluted Average Shares": 216136364.0,
        "Basic Average Shares": 216136364.0,
        "Diluted EPS": -0.11,
        "Basic EPS": -0.11,
        "Diluted NI Availto Com Stockholders": -23775000.0,
        "Net Income Common Stockholders": -23775000.0,
        "Net Income": -23775000.0,
        "Minority Interests": 236000.0,
        "Net Income Including Noncontrolling Interests": -24011000.0,
        "Net Income Discontinuous Operations": NaN,
        "Net Income Continuous Operations": -24011000.0,
        "Tax Provision": 23000.0,
        "Pretax Income": -23988000.0,
        "Other Income Expense": -1229000.0,
        "Other Non Operating Income Expenses": NaN,
        "Special Income Charges": -1229000.0,
        "Gain On Sale Of Business": NaN,
        "Other Special Charges": NaN,
        "Write Off": 1229000.0,
        "Restructuring And Mergern Acquisition": NaN,
        "Gain On Sale Of Security": NaN,
        "Net Non Operating Interest Income Expense": 16100000.0,
        "Interest Expense Non Operating": 1935000.0,
        "Interest Income Non Operating": 18035000.0,
        "Operating Income": -38859000.0,
        "Operating Expense": 44765000.0,
        "Other Operating Expenses": 30810000.0,
        "Research And Development": 4977000.0,
        "Selling General And Administration": 8978000.0,
        "Selling And Marketing Expense": 5506000.0,
        "General And Administrative Expense": 3472000.0,
        "Other Gand A": 3472000.0,
        "Gross Profit": 5906000.0,
        "Cost Of Revenue": 8495000.0,
        "Total Revenue": 14401000.0,
        "Operating Revenue": 14401000.0
    },
    "2025-06-30": {
        "Tax Effect Of Unusual Items": 1798600.0,
        "Tax Rate For Calcs": 0.23,
        "Normalized EBITDA": -12090000.0,
        "Total Unusual Items": 7820000.0,
        "Total Unusual Items Excluding Goodwill": 7820000.0,
        "Net Income From Continuing Operation Net Minority Interest": -11275000.0,
        "Reconciled Depreciation": 6782000.0,
        "Reconciled Cost Of Revenue": 18794000.0,
        "EBITDA": -4270000.0,
        "EBIT": -11052000.0,
        "Net Interest Income": 14118000.0,
        "Interest Expense": 234000.0,
        "Interest Income": 14352000.0,
        "Normalized Income": -17296400.0,
        "Net Income From Continuing And Discontinued Operation": -181036000.0,
        "Total Expenses": 59005000.0,
        "Total Operating Income As Reported": -39970000.0,
        "Diluted Average Shares": 218115663.0,
        "Basic Average Shares": 218115663.0,
        "Diluted EPS": -0.83,
        "Basic EPS": -0.83,
        "Diluted NI Availto Com Stockholders": -181036000.0,
        "Net Income Common Stockholders": -181036000.0,
        "Net Income": -181036000.0,
        "Minority Interests": 87000.0,
        "Net Income Including Noncontrolling Interests": -181123000.0,
        "Net Income Discontinuous Operations": -169761000.0,
        "Net Income Continuous Operations": -11362000.0,
        "Tax Provision": 76000.0,
        "Pretax Income": -11286000.0,
        "Other Income Expense": 7764000.0,
        "Other Non Operating Income Expenses": -56000.0,
        "Special Income Charges": -8468000.0,
        "Gain On Sale Of Business": -1666000.0,
        "Other Special Charges": 3245000.0,
        "Write Off": 1456000.0,
        "Restructuring And Mergern Acquisition": 2101000.0,
        "Gain On Sale Of Security": 16288000.0,
        "Net Non Operating Interest Income Expense": 14118000.0,
        "Interest Expense Non Operating": 234000.0,
        "Interest Income Non Operating": 14352000.0,
        "Operating Income": -33168000.0,
        "Operating Expense": 40211000.0,
        "Other Operating Expenses": NaN,
        "Research And Development": 8114000.0,
        "Selling General And Administration": 32097000.0,
        "Selling And Marketing Expense": 9907000.0,
        "General And Administrative Expense": 22190000.0,
        "Other Gand A": 22190000.0,
        "Gross Profit": 7043000.0,
        "Cost Of Revenue": 18794000.0,
        "Total Revenue": 25837000.0,
        "Operating Revenue": 25837000.0
    },
    "2025-09-30": {
        "Tax Effect Of Unusual Items": -2541960.0,
        "Tax Rate For Calcs": 0.23,
        "Normalized EBITDA": -11399000.0,
        "Total Unusual Items": -11052000.0,
        "Total Unusual Items Excluding Goodwill": -11052000.0,
        "Net Income From Continuing Operation Net Minority Interest": -29503000.0,
        "Reconciled Depreciation": 6770000.0,
        "Reconciled Cost Of Revenue": 18740000.0,
        "EBITDA": -22451000.0,
        "EBIT": -29221000.0,
        "Net Interest Income": 6416000.0,
        "Interest Expense": 258000.0,
        "Interest Income": 6674000.0,
        "Normalized Income": -20992960.0,
        "Net Income From Continuing And Discontinued Operation": -53005000.0,
        "Total Expenses": 51577000.0,
        "Total Operating Income As Reported": -33128000.0,
        "Diluted Average Shares": 220854167.0,
        "Basic Average Shares": 220854167.0,
        "Diluted EPS": -0.24,
        "Basic EPS": -0.24,
        "Diluted NI Availto Com Stockholders": -53005000.0,
        "Net Income Common Stockholders": -53005000.0,
        "Net Income": -53005000.0,
        "Minority Interests": 0.0,
        "Net Income Including Noncontrolling Interests": -53005000.0,
        "Net Income Discontinuous Operations": -23502000.0,
        "Net Income Continuous Operations": -29503000.0,
        "Tax Provision": 24000.0,
        "Pretax Income": -29479000.0,
        "Other Income Expense": -11202000.0,
        "Other Non Operating Income Expenses": -150000.0,
        "Special Income Charges": -8435000.0,
        "Gain On Sale Of Business": 0.0,
        "Other Special Charges": 693000.0,
        "Write Off": 5721000.0,
        "Restructuring And Mergern Acquisition": 2021000.0,
        "Gain On Sale Of Security": -2617000.0,
        "Net Non Operating Interest Income Expense": 6416000.0,
        "Interest Expense Non Operating": 258000.0,
        "Interest Income Non Operating": 6674000.0,
        "Operating Income": -24693000.0,
        "Operating Expense": 32837000.0,
        "Other Operating Expenses": NaN,
        "Research And Development": 8530000.0,
        "Selling General And Administration": 24307000.0,
        "Selling And Marketing Expense": 10097000.0,
        "General And Administrative Expense": 14210000.0,
        "Other Gand A": 14210000.0,
        "Gross Profit": 8144000.0,
        "Cost Of Revenue": 18740000.0,
        "Total Revenue": 26884000.0,
        "Operating Revenue": 26884000.0
    }
}