{
    "2023-03-31": {
        "Tax Effect Of Unusual Items": NaN,
        "Tax Rate For Calcs": NaN,
        "Normalized EBITDA": NaN,
        "Total Unusual Items": NaN,
        "Total Unusual Items Excluding Goodwill": NaN,
        "Net Income From Continuing Operation Net Minority Interest": NaN,
        "Reconciled Depreciation": NaN,
        "Reconciled Cost Of Revenue": NaN,
        "EBITDA": NaN,
        "EBIT": NaN,
        "Net Interest Income": NaN,
        "Interest Income": NaN,
        "Normalized Income": NaN,
        "Net Income From Continuing And Discontinued Operation": NaN,
        "Total Expenses": NaN,
        "Total Operating Income As Reported": NaN,
        "Diluted Average Shares": NaN,
        "Basic Average Shares": NaN,
        "Diluted EPS": NaN,
        "Basic EPS": NaN,
        "Diluted NI Availto Com Stockholders": NaN,
        "Net Income Common Stockholders": NaN,
        "Net Income": NaN,
        "Net Income Including Noncontrolling Interests": NaN,
        "Net Income Continuous Operations": NaN,
        "Tax Provision": NaN,
        "Pretax Income": NaN,
        "Other Income Expense": 4482000.0,
        "Special Income Charges": NaN,
        "Impairment Of Capital Assets": NaN,
        "Restructuring And Mergern Acquisition": NaN,
        "Gain On Sale Of Security": -178000.0,
        "Net Non Operating Interest Income Expense": NaN,
        "Total Other Finance Cost": -401000.0,
        "Interest Income Non Operating": NaN,
        "Operating Income": NaN,
        "Operating Expense": NaN,
        "Other Operating Expenses": NaN,
        "Research And Development": NaN,
        "Selling General And Administration": NaN,
        "Selling And Marketing Expense": NaN,
        "General And Administrative Expense": NaN,
        "Other Gand A": NaN,
        "Gross Profit": NaN,
        "Cost Of Revenue": NaN,
        "Total Revenue": NaN,
        "Operating Revenue": NaN
    },
    "2022-12-31": {
        "Tax Effect Of Unusual Items": NaN,
        "Tax Rate For Calcs": NaN,
        "Normalized EBITDA": NaN,
        "Total Unusual Items": NaN,
        "Total Unusual Items Excluding Goodwill": NaN,
        "Net Income From Continuing Operation Net Minority Interest": NaN,
        "Reconciled Depreciation": NaN,
        "Reconciled Cost Of Revenue": NaN,
        "EBITDA": NaN,
        "EBIT": NaN,
        "Net Interest Income": NaN,
        "Interest Income": NaN,
        "Normalized Income": NaN,
        "Net Income From Continuing And Discontinued Operation": NaN,
        "Total Expenses": NaN,
        "Total Operating Income As Reported": NaN,
        "Diluted Average Shares": NaN,
        "Basic Average Shares": NaN,
        "Diluted EPS": NaN,
        "Basic EPS": NaN,
        "Diluted NI Availto Com Stockholders": NaN,
        "Net Income Common Stockholders": NaN,
        "Net Income": NaN,
        "Net Income Including Noncontrolling Interests": NaN,
        "Net Income Continuous Operations": NaN,
        "Tax Provision": NaN,
        "Pretax Income": NaN,
        "Other Income Expense": -27467000.0,
        "Special Income Charges": NaN,
        "Impairment Of Capital Assets": 36540000.0,
        "Restructuring And Mergern Acquisition": NaN,
        "Gain On Sale Of Security": NaN,
        "Net Non Operating Interest Income Expense": NaN,
        "Total Other Finance Cost": 113000.0,
        "Interest Income Non Operating": NaN,
        "Operating Income": NaN,
        "Operating Expense": NaN,
        "Other Operating Expenses": NaN,
        "Research And Development": NaN,
        "Selling General And Administration": NaN,
        "Selling And Marketing Expense": NaN,
        "General And Administrative Expense": NaN,
        "Other Gand A": NaN,
        "Gross Profit": NaN,
        "Cost Of Revenue": NaN,
        "Total Revenue": NaN,
        "Operating Revenue": NaN
    },
    "2022-09-30": {
        "Tax Effect Of Unusual Items": NaN,
        "Tax Rate For Calcs": NaN,
        "Normalized EBITDA": NaN,
        "Total Unusual Items": NaN,
        "Total Unusual Items Excluding Goodwill": NaN,
        "Net Income From Continuing Operation Net Minority Interest": NaN,
        "Reconciled Depreciation": NaN,
        "Reconciled Cost Of Revenue": NaN,
        "EBITDA": NaN,
        "EBIT": NaN,
        "Net Interest Income": NaN,
        "Interest Income": NaN,
        "Normalized Income": NaN,
        "Net Income From Continuing And Discontinued Operation": NaN,
        "Total Expenses": NaN,
        "Total Operating Income As Reported": NaN,
        "Diluted Average Shares": NaN,
        "Basic Average Shares": NaN,
        "Diluted EPS": NaN,
        "Basic EPS": NaN,
        "Diluted NI Availto Com Stockholders": NaN,
        "Net Income Common Stockholders": NaN,
        "Net Income": NaN,
        "Net Income Including Noncontrolling Interests": NaN,
        "Net Income Continuous Operations": NaN,
        "Tax Provision": NaN,
        "Pretax Income": NaN,
        "Other Income Expense": NaN,
        "Special Income Charges": NaN,
        "Impairment Of Capital Assets": 0.0,
        "Restructuring And Mergern Acquisition": NaN,
        "Gain On Sale Of Security": NaN,
        "Net Non Operating Interest Income Expense": NaN,
        "Total Other Finance Cost": -305000.0,
        "Interest Income Non Operating": NaN,
        "Operating Income": NaN,
        "Operating Expense": NaN,
        "Other Operating Expenses": NaN,
        "Research And Development": NaN,
        "Selling General And Administration": NaN,
        "Selling And Marketing Expense": NaN,
        "General And Administrative Expense": NaN,
        "Other Gand A": NaN,
        "Gross Profit": NaN,
        "Cost Of Revenue": NaN,
        "Total Revenue": NaN,
        "Operating Revenue": NaN
    },
    "2022-06-30": {
        "Tax Effect Of Unusual Items": -164945.007369,
        "Tax Rate For Calcs": 0.096629,
        "Normalized EBITDA": -15919000.0,
        "Total Unusual Items": -1707000.0,
        "Total Unusual Items Excluding Goodwill": -1707000.0,
        "Net Income From Continuing Operation Net Minority Interest": -19614000.0,
        "Reconciled Depreciation": 2850000.0,
        "Reconciled Cost Of Revenue": 3955000.0,
        "EBITDA": -17626000.0,
        "EBIT": -20476000.0,
        "Net Interest Income": 471000.0,
        "Interest Income": NaN,
        "Normalized Income": -18071945.007369,
        "Net Income From Continuing And Discontinued Operation": -19614000.0,
        "Total Expenses": 22676000.0,
        "Total Operating Income As Reported": -22183000.0,
        "Diluted Average Shares": 52192000.0,
        "Basic Average Shares": 52192000.0,
        "Diluted EPS": -0.38,
        "Basic EPS": -0.38,
        "Diluted NI Availto Com Stockholders": -19614000.0,
        "Net Income Common Stockholders": -19614000.0,
        "Net Income": -19614000.0,
        "Net Income Including Noncontrolling Interests": -19614000.0,
        "Net Income Continuous Operations": -19614000.0,
        "Tax Provision": -2098000.0,
        "Pretax Income": -21712000.0,
        "Other Income Expense": -1707000.0,
        "Special Income Charges": -1707000.0,
        "Impairment Of Capital Assets": 14338000.0,
        "Restructuring And Mergern Acquisition": -12631000.0,
        "Gain On Sale Of Security": NaN,
        "Net Non Operating Interest Income Expense": 471000.0,
        "Total Other Finance Cost": -471000.0,
        "Interest Income Non Operating": NaN,
        "Operating Income": -20476000.0,
        "Operating Expense": 18721000.0,
        "Other Operating Expenses": NaN,
        "Research And Development": 6493000.0,
        "Selling General And Administration": 12228000.0,
        "Selling And Marketing Expense": 1078000.0,
        "General And Administrative Expense": 11150000.0,
        "Other Gand A": 11150000.0,
        "Gross Profit": -1755000.0,
        "Cost Of Revenue": 3955000.0,
        "Total Revenue": 2200000.0,
        "Operating Revenue": 2200000.0
    },
    "2022-03-31": {
        "Diluted EPS": -0.41,
        "Total Revenue": 2,
        "Gross Profit": -2,
        "Operating Income": -22,
        "EBIT": -19,
        "Net Income": -22
    },
    "2021-12-31": {
        "Diluted EPS": -0.45,
        "Total Revenue": NaN,
        "Gross Profit": NaN,
        "Operating Income": -23,
        "EBIT": -22,
        "Net Income": -22
    },
    "2021-09-30": {
        "Diluted EPS": -0.28,
        "Total Revenue": NaN,
        "Gross Profit": NaN,
        "Operating Income": -13,
        "EBIT": -13,
        "Net Income": -13
    },
    "2021-06-30": {
        "Diluted EPS": -0.28,
        "Total Revenue": NaN,
        "Gross Profit": NaN,
        "Operating Income": -14,
        "EBIT": -13,
        "Net Income": -14
    },
    "2021-03-31": {
        "Diluted EPS": -0.27,
        "Total Revenue": NaN,
        "Gross Profit": NaN,
        "Operating Income": -13,
        "EBIT": -13,
        "Net Income": -13
    },
    "2020-12-31": {
        "Diluted EPS": -0.47,
        "Total Revenue": NaN,
        "Gross Profit": NaN,
        "Operating Income": -19,
        "EBIT": -19,
        "Net Income": -19
    },
    "2020-09-30": {
        "Diluted EPS": -0.29,
        "Total Revenue": NaN,
        "Gross Profit": NaN,
        "Operating Income": -11,
        "EBIT": -11,
        "Net Income": -11
    },
    "2020-06-30": {
        "Diluted EPS": -0.21,
        "Total Revenue": NaN,
        "Gross Profit": NaN,
        "Operating Income": -6,
        "EBIT": -6,
        "Net Income": -6
    },
    "2020-03-31": {
        "Diluted EPS": -0.26,
        "Total Revenue": NaN,
        "Gross Profit": NaN,
        "Operating Income": -7,
        "EBIT": -7,
        "Net Income": -7
    },
    "2019-12-31": {
        "Diluted EPS": 0.0,
        "Total Revenue": NaN,
        "Gross Profit": NaN,
        "Operating Income": NaN,
        "EBIT": NaN,
        "Net Income": NaN
    },
    "2019-09-30": {
        "Diluted EPS": -0.07,
        "Total Revenue": NaN,
        "Gross Profit": NaN,
        "Operating Income": -2,
        "EBIT": -2,
        "Net Income": -2
    },
    "2018-12-31": {
        "Diluted EPS": 0.0,
        "Total Revenue": NaN,
        "Gross Profit": NaN,
        "Operating Income": NaN,
        "EBIT": NaN,
        "Net Income": NaN
    },
    "2023-06-30": {
        "Tax Effect Of Unusual Items": NaN,
        "Tax Rate For Calcs": NaN,
        "Normalized EBITDA": NaN,
        "Total Unusual Items": NaN,
        "Total Unusual Items Excluding Goodwill": NaN,
        "Net Income From Continuing Operation Net Minority Interest": NaN,
        "Reconciled Depreciation": NaN,
        "Reconciled Cost Of Revenue": NaN,
        "EBITDA": NaN,
        "EBIT": NaN,
        "Net Interest Income": NaN,
        "Interest Income": NaN,
        "Normalized Income": NaN,
        "Net Income From Continuing And Discontinued Operation": NaN,
        "Total Expenses": NaN,
        "Total Operating Income As Reported": NaN,
        "Diluted Average Shares": NaN,
        "Basic Average Shares": NaN,
        "Diluted EPS": NaN,
        "Basic EPS": NaN,
        "Diluted NI Availto Com Stockholders": NaN,
        "Net Income Common Stockholders": NaN,
        "Net Income": NaN,
        "Net Income Including Noncontrolling Interests": NaN,
        "Net Income Continuous Operations": NaN,
        "Tax Provision": NaN,
        "Pretax Income": NaN,
        "Other Income Expense": -137000.0,
        "Special Income Charges": NaN,
        "Impairment Of Capital Assets": 0.0,
        "Restructuring And Mergern Acquisition": NaN,
        "Gain On Sale Of Security": NaN,
        "Net Non Operating Interest Income Expense": NaN,
        "Interest Income Non Operating": NaN,
        "Operating Income": NaN,
        "Operating Expense": NaN,
        "Other Operating Expenses": NaN,
        "Research And Development": NaN,
        "Selling General And Administration": NaN,
        "Selling And Marketing Expense": NaN,
        "General And Administrative Expense": NaN,
        "Other Gand A": NaN,
        "Gross Profit": NaN,
        "Cost Of Revenue": NaN,
        "Total Revenue": NaN,
        "Operating Revenue": NaN
    },
    "2023-09-30": {
        "Tax Effect Of Unusual Items": NaN,
        "Tax Rate For Calcs": NaN,
        "Normalized EBITDA": NaN,
        "Total Unusual Items": NaN,
        "Total Unusual Items Excluding Goodwill": NaN,
        "Net Income From Continuing Operation Net Minority Interest": NaN,
        "Reconciled Depreciation": NaN,
        "Reconciled Cost Of Revenue": NaN,
        "EBITDA": NaN,
        "EBIT": NaN,
        "Net Interest Income": NaN,
        "Interest Income": NaN,
        "Normalized Income": NaN,
        "Net Income From Continuing And Discontinued Operation": NaN,
        "Total Expenses": NaN,
        "Total Operating Income As Reported": NaN,
        "Diluted Average Shares": NaN,
        "Basic Average Shares": NaN,
        "Diluted EPS": NaN,
        "Basic EPS": NaN,
        "Diluted NI Availto Com Stockholders": NaN,
        "Net Income Common Stockholders": NaN,
        "Net Income": NaN,
        "Net Income Including Noncontrolling Interests": NaN,
        "Net Income Continuous Operations": NaN,
        "Tax Provision": NaN,
        "Pretax Income": NaN,
        "Other Income Expense": -7437000.0,
        "Special Income Charges": NaN,
        "Impairment Of Capital Assets": 7420000.0,
        "Restructuring And Mergern Acquisition": NaN,
        "Gain On Sale Of Security": NaN,
        "Net Non Operating Interest Income Expense": NaN,
        "Interest Income Non Operating": NaN,
        "Operating Income": NaN,
        "Operating Expense": NaN,
        "Other Operating Expenses": NaN,
        "Research And Development": NaN,
        "Selling General And Administration": NaN,
        "Selling And Marketing Expense": NaN,
        "General And Administrative Expense": NaN,
        "Other Gand A": NaN,
        "Gross Profit": NaN,
        "Cost Of Revenue": NaN,
        "Total Revenue": NaN,
        "Operating Revenue": NaN
    },
    "2023-12-31": {
        "Tax Effect Of Unusual Items": NaN,
        "Tax Rate For Calcs": NaN,
        "Normalized EBITDA": NaN,
        "Total Unusual Items": -18000.0,
        "Total Unusual Items Excluding Goodwill": -18000.0,
        "Net Income From Continuing Operation Net Minority Interest": NaN,
        "Reconciled Depreciation": NaN,
        "Reconciled Cost Of Revenue": NaN,
        "EBITDA": NaN,
        "EBIT": NaN,
        "Net Interest Income": NaN,
        "Interest Expense": NaN,
        "Interest Income": NaN,
        "Normalized Income": NaN,
        "Net Income From Continuing And Discontinued Operation": NaN,
        "Total Expenses": NaN,
        "Total Operating Income As Reported": NaN,
        "Diluted Average Shares": NaN,
        "Basic Average Shares": NaN,
        "Diluted EPS": NaN,
        "Basic EPS": NaN,
        "Diluted NI Availto Com Stockholders": NaN,
        "Net Income Common Stockholders": NaN,
        "Net Income": NaN,
        "Net Income Including Noncontrolling Interests": NaN,
        "Net Income Continuous Operations": NaN,
        "Tax Provision": NaN,
        "Pretax Income": NaN,
        "Other Income Expense": -18000.0,
        "Special Income Charges": -18000.0,
        "Impairment Of Capital Assets": 0.0,
        "Restructuring And Mergern Acquisition": 18000.0,
        "Gain On Sale Of Security": 0.0,
        "Net Non Operating Interest Income Expense": NaN,
        "Interest Expense Non Operating": NaN,
        "Interest Income Non Operating": NaN,
        "Operating Income": NaN,
        "Operating Expense": NaN,
        "Other Operating Expenses": NaN,
        "Research And Development": NaN,
        "Selling General And Administration": NaN,
        "Selling And Marketing Expense": NaN,
        "General And Administrative Expense": NaN,
        "Other Gand A": NaN,
        "Gross Profit": NaN,
        "Cost Of Revenue": NaN,
        "Total Revenue": NaN,
        "Operating Revenue": NaN
    },
    "2024-03-31": {
        "Tax Effect Of Unusual Items": NaN,
        "Tax Rate For Calcs": NaN,
        "Normalized EBITDA": NaN,
        "Total Unusual Items": 0.0,
        "Total Unusual Items Excluding Goodwill": 0.0,
        "Net Income From Continuing Operation Net Minority Interest": NaN,
        "Reconciled Depreciation": NaN,
        "Reconciled Cost Of Revenue": NaN,
        "EBITDA": NaN,
        "EBIT": NaN,
        "Net Interest Income": NaN,
        "Interest Expense": NaN,
        "Interest Income": 790000.0,
        "Normalized Income": NaN,
        "Net Income From Continuing And Discontinued Operation": NaN,
        "Total Expenses": NaN,
        "Total Operating Income As Reported": NaN,
        "Diluted Average Shares": NaN,
        "Basic Average Shares": NaN,
        "Diluted EPS": NaN,
        "Basic EPS": NaN,
        "Diluted NI Availto Com Stockholders": NaN,
        "Net Income Common Stockholders": NaN,
        "Net Income": NaN,
        "Net Income Including Noncontrolling Interests": NaN,
        "Net Income Continuous Operations": NaN,
        "Tax Provision": NaN,
        "Pretax Income": NaN,
        "Other Income Expense": NaN,
        "Special Income Charges": 0.0,
        "Impairment Of Capital Assets": NaN,
        "Restructuring And Mergern Acquisition": 0.0,
        "Gain On Sale Of Security": NaN,
        "Net Non Operating Interest Income Expense": NaN,
        "Interest Expense Non Operating": NaN,
        "Interest Income Non Operating": 790000.0,
        "Operating Income": NaN,
        "Operating Expense": NaN,
        "Other Operating Expenses": NaN,
        "Research And Development": NaN,
        "Selling General And Administration": NaN,
        "Selling And Marketing Expense": NaN,
        "General And Administrative Expense": NaN,
        "Other Gand A": NaN,
        "Gross Profit": NaN,
        "Cost Of Revenue": NaN,
        "Total Revenue": NaN,
        "Operating Revenue": NaN
    },
    "2024-06-30": {
        "Tax Effect Of Unusual Items": 0.0,
        "Tax Rate For Calcs": 0.005567,
        "Normalized EBITDA": -11579000.0,
        "Total Unusual Items": 0.0,
        "Total Unusual Items Excluding Goodwill": 0.0,
        "Net Income From Continuing Operation Net Minority Interest": -13575000.0,
        "Reconciled Depreciation": 2928000.0,
        "Reconciled Cost Of Revenue": 5552000.0,
        "EBITDA": -11579000.0,
        "EBIT": -14507000.0,
        "Net Interest Income": 856000.0,
        "Interest Expense": NaN,
        "Interest Income": 856000.0,
        "Normalized Income": -13575000.0,
        "Net Income From Continuing And Discontinued Operation": -13575000.0,
        "Total Expenses": 17206000.0,
        "Total Operating Income As Reported": -14507000.0,
        "Diluted Average Shares": 58005000.0,
        "Basic Average Shares": 58005000.0,
        "Diluted EPS": -0.23,
        "Basic EPS": -0.23,
        "Diluted NI Availto Com Stockholders": -13575000.0,
        "Net Income Common Stockholders": -13575000.0,
        "Net Income": -13575000.0,
        "Net Income Including Noncontrolling Interests": -13575000.0,
        "Net Income Continuous Operations": -13575000.0,
        "Tax Provision": -76000.0,
        "Pretax Income": -13651000.0,
        "Other Income Expense": NaN,
        "Special Income Charges": 0.0,
        "Impairment Of Capital Assets": NaN,
        "Restructuring And Mergern Acquisition": 0.0,
        "Gain On Sale Of Security": NaN,
        "Net Non Operating Interest Income Expense": 856000.0,
        "Interest Expense Non Operating": NaN,
        "Interest Income Non Operating": 856000.0,
        "Operating Income": -14507000.0,
        "Operating Expense": 11654000.0,
        "Other Operating Expenses": 92000.0,
        "Research And Development": 4812000.0,
        "Selling General And Administration": 6750000.0,
        "Selling And Marketing Expense": 834000.0,
        "General And Administrative Expense": 5916000.0,
        "Other Gand A": 5916000.0,
        "Gross Profit": -2853000.0,
        "Cost Of Revenue": 5552000.0,
        "Total Revenue": 2699000.0,
        "Operating Revenue": 2699000.0
    },
    "2024-09-30": {
        "Tax Effect Of Unusual Items": 13.689653,
        "Tax Rate For Calcs": 0.006845,
        "Normalized EBITDA": -11210000.0,
        "Total Unusual Items": 2000.0,
        "Total Unusual Items Excluding Goodwill": 2000.0,
        "Net Income From Continuing Operation Net Minority Interest": -13639000.0,
        "Reconciled Depreciation": 2931000.0,
        "Reconciled Cost Of Revenue": 5843000.0,
        "EBITDA": -11208000.0,
        "EBIT": -14139000.0,
        "Net Interest Income": 404000.0,
        "Interest Expense": NaN,
        "Interest Income": 404000.0,
        "Normalized Income": -13640986.310347,
        "Net Income From Continuing And Discontinued Operation": -13639000.0,
        "Total Expenses": 17170000.0,
        "Total Operating Income As Reported": -14139000.0,
        "Diluted Average Shares": 58624000.0,
        "Basic Average Shares": 58624000.0,
        "Diluted EPS": -0.23,
        "Basic EPS": -0.23,
        "Diluted NI Availto Com Stockholders": -13639000.0,
        "Net Income Common Stockholders": -13639000.0,
        "Net Income": -13639000.0,
        "Net Income Including Noncontrolling Interests": -13639000.0,
        "Net Income Continuous Operations": -13639000.0,
        "Tax Provision": -94000.0,
        "Pretax Income": -13733000.0,
        "Other Income Expense": 2000.0,
        "Special Income Charges": 0.0,
        "Impairment Of Capital Assets": 0.0,
        "Restructuring And Mergern Acquisition": 0.0,
        "Gain On Sale Of Security": 2000.0,
        "Net Non Operating Interest Income Expense": 404000.0,
        "Interest Expense Non Operating": NaN,
        "Interest Income Non Operating": 404000.0,
        "Operating Income": -14139000.0,
        "Operating Expense": 11327000.0,
        "Other Operating Expenses": -20000.0,
        "Research And Development": 4749000.0,
        "Selling General And Administration": 6598000.0,
        "Selling And Marketing Expense": 887000.0,
        "General And Administrative Expense": 5711000.0,
        "Other Gand A": 5711000.0,
        "Gross Profit": -2812000.0,
        "Cost Of Revenue": 5843000.0,
        "Total Revenue": 3031000.0,
        "Operating Revenue": 3031000.0
    },
    "2024-12-31": {
        "Tax Effect Of Unusual Items": 0.0,
        "Tax Rate For Calcs": 0.006641,
        "Normalized EBITDA": -12040000.0,
        "Total Unusual Items": 0.0,
        "Total Unusual Items Excluding Goodwill": 0.0,
        "Net Income From Continuing Operation Net Minority Interest": -14061000.0,
        "Reconciled Depreciation": 2935000.0,
        "Reconciled Cost Of Revenue": 5890000.0,
        "EBITDA": -12040000.0,
        "EBIT": -14975000.0,
        "Net Interest Income": 820000.0,
        "Interest Expense": NaN,
        "Interest Income": 820000.0,
        "Normalized Income": -14061000.0,
        "Net Income From Continuing And Discontinued Operation": -14061000.0,
        "Total Expenses": 17975000.0,
        "Total Operating Income As Reported": -14975000.0,
        "Diluted Average Shares": 60139000.0,
        "Basic Average Shares": 60139000.0,
        "Diluted EPS": -0.23,
        "Basic EPS": -0.23,
        "Diluted NI Availto Com Stockholders": -14061000.0,
        "Net Income Common Stockholders": -14061000.0,
        "Net Income": -14061000.0,
        "Net Income Including Noncontrolling Interests": -14061000.0,
        "Net Income Continuous Operations": -14061000.0,
        "Tax Provision": -94000.0,
        "Pretax Income": -14155000.0,
        "Other Income Expense": 0.0,
        "Special Income Charges": 0.0,
        "Impairment Of Capital Assets": 0.0,
        "Restructuring And Mergern Acquisition": 0.0,
        "Gain On Sale Of Security": 0.0,
        "Net Non Operating Interest Income Expense": 820000.0,
        "Interest Expense Non Operating": NaN,
        "Interest Income Non Operating": 820000.0,
        "Operating Income": -14975000.0,
        "Operating Expense": 12085000.0,
        "Other Operating Expenses": 9000.0,
        "Research And Development": 5401000.0,
        "Selling General And Administration": 6559000.0,
        "Selling And Marketing Expense": -868000.0,
        "General And Administrative Expense": 7427000.0,
        "Other Gand A": -8793000.0,
        "Gross Profit": -2890000.0,
        "Cost Of Revenue": 5890000.0,
        "Total Revenue": 3000000.0,
        "Operating Revenue": 3000000.0
    },
    "2025-03-31": {
        "Tax Effect Of Unusual Items": 0.0,
        "Tax Rate For Calcs": 0.006454,
        "Normalized EBITDA": -11147000.0,
        "Total Unusual Items": NaN,
        "Total Unusual Items Excluding Goodwill": NaN,
        "Net Income From Continuing Operation Net Minority Interest": -13239000.0,
        "Reconciled Depreciation": 2943000.0,
        "Reconciled Cost Of Revenue": 5864000.0,
        "EBITDA": -11147000.0,
        "EBIT": -14090000.0,
        "Net Interest Income": 765000.0,
        "Interest Expense": NaN,
        "Interest Income": 765000.0,
        "Normalized Income": -13239000.0,
        "Net Income From Continuing And Discontinued Operation": -13239000.0,
        "Total Expenses": 16905000.0,
        "Total Operating Income As Reported": -14090000.0,
        "Diluted Average Shares": 63946000.0,
        "Basic Average Shares": 63946000.0,
        "Diluted EPS": -0.21,
        "Basic EPS": -0.21,
        "Diluted NI Availto Com Stockholders": -13239000.0,
        "Net Income Common Stockholders": -13239000.0,
        "Net Income": -13239000.0,
        "Net Income Including Noncontrolling Interests": -13239000.0,
        "Net Income Continuous Operations": -13239000.0,
        "Tax Provision": -86000.0,
        "Pretax Income": -13325000.0,
        "Other Income Expense": NaN,
        "Special Income Charges": NaN,
        "Impairment Of Capital Assets": NaN,
        "Restructuring And Mergern Acquisition": NaN,
        "Gain On Sale Of Security": NaN,
        "Net Non Operating Interest Income Expense": 765000.0,
        "Interest Expense Non Operating": NaN,
        "Interest Income Non Operating": 765000.0,
        "Operating Income": -14090000.0,
        "Operating Expense": 11041000.0,
        "Other Operating Expenses": -14000.0,
        "Research And Development": 4978000.0,
        "Selling General And Administration": 6077000.0,
        "Selling And Marketing Expense": 939000.0,
        "General And Administrative Expense": 5138000.0,
        "Other Gand A": 5138000.0,
        "Gross Profit": -3049000.0,
        "Cost Of Revenue": 5864000.0,
        "Total Revenue": 2815000.0,
        "Operating Revenue": 2815000.0
    },
    "2025-06-30": {
        "Tax Effect Of Unusual Items": 0.0,
        "Tax Rate For Calcs": 0.21,
        "Normalized EBITDA": -11542000.0,
        "Total Unusual Items": NaN,
        "Total Unusual Items Excluding Goodwill": NaN,
        "Net Income From Continuing Operation Net Minority Interest": -14722000.0,
        "Reconciled Depreciation": 2949000.0,
        "Reconciled Cost Of Revenue": 6280000.0,
        "EBITDA": -11542000.0,
        "EBIT": -14491000.0,
        "Net Interest Income": -149000.0,
        "Interest Expense": 149000.0,
        "Interest Income": NaN,
        "Normalized Income": -14722000.0,
        "Net Income From Continuing And Discontinued Operation": -14722000.0,
        "Total Expenses": 17531000.0,
        "Total Operating Income As Reported": -14491000.0,
        "Diluted Average Shares": 63910000.0,
        "Basic Average Shares": 63910000.0,
        "Diluted EPS": -0.23,
        "Basic EPS": -0.23,
        "Diluted NI Availto Com Stockholders": -14722000.0,
        "Net Income Common Stockholders": -14722000.0,
        "Net Income": -14722000.0,
        "Net Income Including Noncontrolling Interests": -14722000.0,
        "Net Income Continuous Operations": -14722000.0,
        "Tax Provision": 82000.0,
        "Pretax Income": -14640000.0,
        "Other Income Expense": NaN,
        "Special Income Charges": NaN,
        "Impairment Of Capital Assets": NaN,
        "Restructuring And Mergern Acquisition": NaN,
        "Gain On Sale Of Security": NaN,
        "Net Non Operating Interest Income Expense": -149000.0,
        "Interest Expense Non Operating": 149000.0,
        "Interest Income Non Operating": NaN,
        "Operating Income": -14491000.0,
        "Operating Expense": 11251000.0,
        "Other Operating Expenses": 51000.0,
        "Research And Development": 4834000.0,
        "Selling General And Administration": 6366000.0,
        "Selling And Marketing Expense": 1239000.0,
        "General And Administrative Expense": 5127000.0,
        "Other Gand A": 5127000.0,
        "Gross Profit": -3240000.0,
        "Cost Of Revenue": 6280000.0,
        "Total Revenue": 3040000.0,
        "Operating Revenue": 3040000.0
    }
}