{
    "2023-06-30": {
        "Tax Effect Of Unusual Items": NaN,
        "Tax Rate For Calcs": NaN,
        "Normalized EBITDA": NaN,
        "Net Income From Continuing Operation Net Minority Interest": NaN,
        "Reconciled Depreciation": NaN,
        "Reconciled Cost Of Revenue": NaN,
        "EBITDA": NaN,
        "EBIT": NaN,
        "Net Interest Income": NaN,
        "Interest Expense": NaN,
        "Normalized Income": NaN,
        "Net Income From Continuing And Discontinued Operation": NaN,
        "Total Expenses": NaN,
        "Total Operating Income As Reported": NaN,
        "Diluted Average Shares": 152200000.0,
        "Basic Average Shares": 151700000.0,
        "Diluted EPS": 5.34,
        "Basic EPS": 5.35,
        "Diluted NI Availto Com Stockholders": NaN,
        "Net Income Common Stockholders": NaN,
        "Net Income": NaN,
        "Net Income Including Noncontrolling Interests": NaN,
        "Net Income Continuous Operations": NaN,
        "Tax Provision": NaN,
        "Pretax Income": NaN,
        "Other Income Expense": NaN,
        "Other Non Operating Income Expenses": NaN,
        "Net Non Operating Interest Income Expense": NaN,
        "Interest Expense Non Operating": NaN,
        "Operating Income": NaN,
        "Operating Expense": NaN,
        "Selling General And Administration": NaN,
        "General And Administrative Expense": NaN,
        "Other Gand A": NaN,
        "Salaries And Wages": -133000000.0,
        "Gross Profit": NaN,
        "Cost Of Revenue": NaN,
        "Total Revenue": NaN,
        "Operating Revenue": NaN
    },
    "2023-03-31": {
        "Tax Effect Of Unusual Items": NaN,
        "Tax Rate For Calcs": NaN,
        "Normalized EBITDA": NaN,
        "Net Income From Continuing Operation Net Minority Interest": NaN,
        "Reconciled Depreciation": NaN,
        "Reconciled Cost Of Revenue": NaN,
        "EBITDA": NaN,
        "EBIT": NaN,
        "Net Interest Income": NaN,
        "Interest Expense": NaN,
        "Normalized Income": NaN,
        "Net Income From Continuing And Discontinued Operation": NaN,
        "Total Expenses": NaN,
        "Total Operating Income As Reported": NaN,
        "Diluted Average Shares": NaN,
        "Basic Average Shares": NaN,
        "Diluted EPS": NaN,
        "Basic EPS": NaN,
        "Diluted NI Availto Com Stockholders": NaN,
        "Net Income Common Stockholders": NaN,
        "Net Income": NaN,
        "Net Income Including Noncontrolling Interests": NaN,
        "Net Income Continuous Operations": NaN,
        "Tax Provision": NaN,
        "Pretax Income": NaN,
        "Other Income Expense": NaN,
        "Other Non Operating Income Expenses": NaN,
        "Net Non Operating Interest Income Expense": NaN,
        "Interest Expense Non Operating": NaN,
        "Operating Income": NaN,
        "Operating Expense": NaN,
        "Selling General And Administration": NaN,
        "General And Administrative Expense": NaN,
        "Other Gand A": NaN,
        "Salaries And Wages": -132000000.0,
        "Gross Profit": NaN,
        "Cost Of Revenue": NaN,
        "Total Revenue": NaN,
        "Operating Revenue": NaN
    },
    "2022-12-31": {
        "Tax Effect Of Unusual Items": NaN,
        "Tax Rate For Calcs": NaN,
        "Normalized EBITDA": NaN,
        "Total Unusual Items": 0.0,
        "Total Unusual Items Excluding Goodwill": 0.0,
        "Net Income From Continuing Operation Net Minority Interest": NaN,
        "Reconciled Depreciation": NaN,
        "Reconciled Cost Of Revenue": NaN,
        "EBITDA": NaN,
        "EBIT": NaN,
        "Net Interest Income": NaN,
        "Interest Expense": NaN,
        "Normalized Income": NaN,
        "Net Income From Continuing And Discontinued Operation": NaN,
        "Total Expenses": NaN,
        "Total Operating Income As Reported": NaN,
        "Diluted Average Shares": NaN,
        "Basic Average Shares": NaN,
        "Diluted EPS": NaN,
        "Basic EPS": NaN,
        "Diluted NI Availto Com Stockholders": NaN,
        "Net Income Common Stockholders": NaN,
        "Net Income": NaN,
        "Net Income Including Noncontrolling Interests": NaN,
        "Net Income Continuous Operations": NaN,
        "Tax Provision": NaN,
        "Pretax Income": NaN,
        "Other Income Expense": NaN,
        "Other Non Operating Income Expenses": NaN,
        "Special Income Charges": 0.0,
        "Gain On Sale Of Business": 0.0,
        "Net Non Operating Interest Income Expense": NaN,
        "Interest Expense Non Operating": NaN,
        "Operating Income": NaN,
        "Operating Expense": NaN,
        "Selling General And Administration": NaN,
        "General And Administrative Expense": NaN,
        "Other Gand A": NaN,
        "Salaries And Wages": NaN,
        "Gross Profit": NaN,
        "Cost Of Revenue": NaN,
        "Total Revenue": NaN,
        "Operating Revenue": NaN
    },
    "2022-09-30": {
        "Tax Effect Of Unusual Items": NaN,
        "Tax Rate For Calcs": NaN,
        "Normalized EBITDA": NaN,
        "Total Unusual Items": 0.0,
        "Total Unusual Items Excluding Goodwill": 0.0,
        "Net Income From Continuing Operation Net Minority Interest": NaN,
        "Reconciled Depreciation": NaN,
        "Reconciled Cost Of Revenue": NaN,
        "EBITDA": NaN,
        "EBIT": NaN,
        "Net Interest Income": NaN,
        "Interest Expense": NaN,
        "Normalized Income": NaN,
        "Net Income From Continuing And Discontinued Operation": NaN,
        "Total Expenses": NaN,
        "Total Operating Income As Reported": NaN,
        "Diluted Average Shares": 155300000.0,
        "Basic Average Shares": 154600000.0,
        "Diluted EPS": 5.89,
        "Basic EPS": 5.92,
        "Diluted NI Availto Com Stockholders": NaN,
        "Net Income Common Stockholders": NaN,
        "Net Income": NaN,
        "Net Income Including Noncontrolling Interests": NaN,
        "Net Income Continuous Operations": NaN,
        "Tax Provision": NaN,
        "Pretax Income": NaN,
        "Other Income Expense": NaN,
        "Other Non Operating Income Expenses": NaN,
        "Special Income Charges": 0.0,
        "Gain On Sale Of Business": 0.0,
        "Net Non Operating Interest Income Expense": NaN,
        "Interest Expense Non Operating": NaN,
        "Operating Income": NaN,
        "Operating Expense": NaN,
        "Selling General And Administration": NaN,
        "General And Administrative Expense": NaN,
        "Other Gand A": NaN,
        "Salaries And Wages": NaN,
        "Gross Profit": NaN,
        "Cost Of Revenue": NaN,
        "Total Revenue": NaN,
        "Operating Revenue": NaN
    },
    "2022-06-30": {
        "Tax Effect Of Unusual Items": 0.0,
        "Tax Rate For Calcs": 0.177,
        "Normalized EBITDA": 1611000000.0,
        "Total Unusual Items": 0.0,
        "Total Unusual Items Excluding Goodwill": 0.0,
        "Net Income From Continuing Operation Net Minority Interest": 946000000.0,
        "Reconciled Depreciation": 330000000.0,
        "Reconciled Cost Of Revenue": 6842000000.0,
        "EBITDA": 1611000000.0,
        "EBIT": 1281000000.0,
        "Net Interest Income": -131000000.0,
        "Interest Expense": 131000000.0,
        "Normalized Income": 946000000.0,
        "Net Income From Continuing And Discontinued Operation": 946000000.0,
        "Total Expenses": 7847000000.0,
        "Total Operating Income As Reported": 954000000.0,
        "Diluted Average Shares": 156000000.0,
        "Basic Average Shares": 155400000.0,
        "Diluted EPS": 6.06,
        "Basic EPS": 6.09,
        "Diluted NI Availto Com Stockholders": 946000000.0,
        "Net Income Common Stockholders": 946000000.0,
        "Net Income": 946000000.0,
        "Net Income Including Noncontrolling Interests": 946000000.0,
        "Net Income Continuous Operations": 946000000.0,
        "Tax Provision": 204000000.0,
        "Pretax Income": 1150000000.0,
        "Other Income Expense": 327000000.0,
        "Other Non Operating Income Expenses": 327000000.0,
        "Special Income Charges": 0.0,
        "Gain On Sale Of Business": 0.0,
        "Net Non Operating Interest Income Expense": -131000000.0,
        "Interest Expense Non Operating": 131000000.0,
        "Operating Income": 954000000.0,
        "Operating Expense": 1005000000.0,
        "Selling General And Administration": 1005000000.0,
        "General And Administrative Expense": 1005000000.0,
        "Other Gand A": 1005000000.0,
        "Gross Profit": 1959000000.0,
        "Cost Of Revenue": 6842000000.0,
        "Total Revenue": 8801000000.0,
        "Operating Revenue": 8801000000.0
    },
    "2022-03-31": {
        "Diluted EPS": 6.1,
        "Total Revenue": NaN,
        "Gross Profit": NaN,
        "Operating Income": 897,
        "EBIT": NaN,
        "Net Income": 955
    },
    "2021-12-31": {
        "Diluted EPS": 17.06,
        "Total Revenue": NaN,
        "Gross Profit": NaN,
        "Operating Income": 742,
        "EBIT": NaN,
        "Net Income": NaN
    },
    "2021-09-30": {
        "Diluted EPS": 6.63,
        "Total Revenue": NaN,
        "Gross Profit": NaN,
        "Operating Income": NaN,
        "EBIT": NaN,
        "Net Income": NaN
    },
    "2021-06-30": {
        "Diluted EPS": 6.42,
        "Total Revenue": NaN,
        "Gross Profit": NaN,
        "Operating Income": NaN,
        "EBIT": NaN,
        "Net Income": NaN
    },
    "2021-03-31": {
        "Diluted EPS": 13.43,
        "Total Revenue": NaN,
        "Gross Profit": NaN,
        "Operating Income": NaN,
        "EBIT": NaN,
        "Net Income": NaN
    },
    "2020-12-31": {
        "Diluted EPS": 1.98,
        "Total Revenue": NaN,
        "Gross Profit": NaN,
        "Operating Income": NaN,
        "EBIT": NaN,
        "Net Income": 330
    },
    "2020-09-30": {
        "Diluted EPS": 5.89,
        "Total Revenue": NaN,
        "Gross Profit": NaN,
        "Operating Income": 985,
        "EBIT": NaN,
        "Net Income": 986
    },
    "2020-06-30": {
        "Diluted EPS": 6.01,
        "Total Revenue": NaN,
        "Gross Profit": NaN,
        "Operating Income": 994,
        "EBIT": NaN,
        "Net Income": NaN
    },
    "2020-03-31": {
        "Diluted EPS": 5.15,
        "Total Revenue": NaN,
        "Gross Profit": NaN,
        "Operating Income": 934,
        "EBIT": NaN,
        "Net Income": 868
    },
    "2019-12-31": {
        "Diluted EPS": -2.39,
        "Total Revenue": NaN,
        "Gross Profit": NaN,
        "Operating Income": NaN,
        "EBIT": NaN,
        "Net Income": -409
    },
    "2019-09-30": {
        "Diluted EPS": 5.49,
        "Total Revenue": NaN,
        "Gross Profit": NaN,
        "Operating Income": 951,
        "EBIT": NaN,
        "Net Income": 933
    },
    "2019-06-30": {
        "Diluted EPS": 5.06,
        "Total Revenue": NaN,
        "Gross Profit": NaN,
        "Operating Income": 946,
        "EBIT": NaN,
        "Net Income": 861
    },
    "2019-03-31": {
        "Diluted EPS": 5.06,
        "Total Revenue": NaN,
        "Gross Profit": NaN,
        "Operating Income": 936,
        "EBIT": NaN,
        "Net Income": 863
    },
    "2018-12-31": {
        "Diluted EPS": 2.09,
        "Total Revenue": NaN,
        "Gross Profit": NaN,
        "Operating Income": 943,
        "EBIT": NaN,
        "Net Income": 356
    },
    "2018-09-30": {
        "Diluted EPS": 7.11,
        "Total Revenue": NaN,
        "Gross Profit": NaN,
        "Operating Income": NaN,
        "EBIT": NaN,
        "Net Income": NaN
    },
    "2018-06-30": {
        "Diluted EPS": 4.5,
        "Total Revenue": NaN,
        "Gross Profit": NaN,
        "Operating Income": 817,
        "EBIT": 976,
        "Net Income": 789
    },
    "2018-03-31": {
        "Diluted EPS": 4.79,
        "Total Revenue": NaN,
        "Gross Profit": NaN,
        "Operating Income": 848,
        "EBIT": 970,
        "Net Income": 840
    },
    "2017-12-31": {
        "Diluted EPS": 5.82,
        "Total Revenue": NaN,
        "Gross Profit": NaN,
        "Operating Income": 646,
        "EBIT": 798,
        "Net Income": NaN
    },
    "2017-09-30": {
        "Diluted EPS": 3.67,
        "Total Revenue": NaN,
        "Gross Profit": NaN,
        "Operating Income": 837,
        "EBIT": 947,
        "Net Income": 643
    },
    "2017-06-30": {
        "Diluted EPS": 3.16,
        "Total Revenue": NaN,
        "Gross Profit": NaN,
        "Operating Income": 873,
        "EBIT": 982,
        "Net Income": 555
    },
    "2017-03-31": {
        "Diluted EPS": 3.69,
        "Total Revenue": NaN,
        "Gross Profit": NaN,
        "Operating Income": 862,
        "EBIT": 966,
        "Net Income": 650
    },
    "2016-12-31": {
        "Diluted EPS": 2.09,
        "Total Revenue": NaN,
        "Gross Profit": NaN,
        "Operating Income": 915,
        "EBIT": NaN,
        "Net Income": 368
    },
    "2016-09-30": {
        "Diluted EPS": 3.35,
        "Total Revenue": NaN,
        "Gross Profit": NaN,
        "Operating Income": 826,
        "EBIT": 939,
        "Net Income": 602
    },
    "2016-06-30": {
        "Diluted EPS": 2.85,
        "Total Revenue": NaN,
        "Gross Profit": NaN,
        "Operating Income": 797,
        "EBIT": 903,
        "Net Income": 517
    },
    "2016-03-31": {
        "Diluted EPS": 3.03,
        "Total Revenue": NaN,
        "Gross Profit": NaN,
        "Operating Income": 739,
        "EBIT": 842,
        "Net Income": 556
    },
    "2015-12-31": {
        "Diluted EPS": 2.49,
        "Total Revenue": NaN,
        "Gross Profit": NaN,
        "Operating Income": 689,
        "EBIT": 827,
        "Net Income": 459
    },
    "2015-09-30": {
        "Diluted EPS": 2.75,
        "Total Revenue": NaN,
        "Gross Profit": NaN,
        "Operating Income": 794,
        "EBIT": 907,
        "Net Income": 516
    },
    "2015-06-30": {
        "Diluted EPS": 2.74,
        "Total Revenue": NaN,
        "Gross Profit": NaN,
        "Operating Income": 813,
        "EBIT": 930,
        "Net Income": 531
    },
    "2015-03-31": {
        "Diluted EPS": 2.41,
        "Total Revenue": NaN,
        "Gross Profit": NaN,
        "Operating Income": 780,
        "EBIT": 879,
        "Net Income": 484
    },
    "2014-12-31": {
        "Diluted EPS": 2.49,
        "Total Revenue": NaN,
        "Gross Profit": NaN,
        "Operating Income": 762,
        "EBIT": 902,
        "Net Income": 506
    },
    "2014-09-30": {
        "Diluted EPS": 2.26,
        "Total Revenue": NaN,
        "Gross Profit": NaN,
        "Operating Income": 769,
        "EBIT": 874,
        "Net Income": 473
    },
    "2014-06-30": {
        "Diluted EPS": 2.37,
        "Total Revenue": NaN,
        "Gross Profit": NaN,
        "Operating Income": 820,
        "EBIT": 928,
        "Net Income": 511
    },
    "2014-03-31": {
        "Diluted EPS": 2.63,
        "Total Revenue": NaN,
        "Gross Profit": NaN,
        "Operating Income": 845,
        "EBIT": 954,
        "Net Income": 579
    },
    "2013-12-31": {
        "Diluted EPS": 2.13,
        "Total Revenue": NaN,
        "Gross Profit": NaN,
        "Operating Income": 768,
        "EBIT": 918,
        "Net Income": 478
    },
    "2013-09-30": {
        "Diluted EPS": 2.14,
        "Total Revenue": NaN,
        "Gross Profit": NaN,
        "Operating Income": 790,
        "EBIT": 910,
        "Net Income": 497
    },
    "2013-06-30": {
        "Diluted EPS": 2.05,
        "Total Revenue": NaN,
        "Gross Profit": NaN,
        "Operating Income": 806,
        "EBIT": 921,
        "Net Income": 488
    },
    "2013-03-31": {
        "Diluted EPS": 2.03,
        "Total Revenue": NaN,
        "Gross Profit": NaN,
        "Operating Income": 759,
        "EBIT": 869,
        "Net Income": 489
    },
    "2012-12-31": {
        "Diluted EPS": 2.15,
        "Total Revenue": NaN,
        "Gross Profit": NaN,
        "Operating Income": 824,
        "EBIT": 963,
        "Net Income": 533
    },
    "2012-09-30": {
        "Diluted EPS": 1.82,
        "Total Revenue": NaN,
        "Gross Profit": NaN,
        "Operating Income": 736,
        "EBIT": 864,
        "Net Income": 459
    },
    "2012-06-30": {
        "Diluted EPS": 1.88,
        "Total Revenue": NaN,
        "Gross Profit": NaN,
        "Operating Income": 774,
        "EBIT": 897,
        "Net Income": 480
    },
    "2012-03-31": {
        "Diluted EPS": 1.96,
        "Total Revenue": NaN,
        "Gross Profit": NaN,
        "Operating Income": 796,
        "EBIT": 916,
        "Net Income": 506
    },
    "2011-12-31": {
        "Diluted EPS": 2.06,
        "Total Revenue": NaN,
        "Gross Profit": NaN,
        "Operating Income": 799,
        "EBIT": 956,
        "Net Income": 548
    },
    "2011-09-30": {
        "Diluted EPS": 1.86,
        "Total Revenue": NaN,
        "Gross Profit": NaN,
        "Operating Income": 825,
        "EBIT": 957,
        "Net Income": 520
    },
    "2011-06-30": {
        "Diluted EPS": 1.81,
        "Total Revenue": NaN,
        "Gross Profit": NaN,
        "Operating Income": 841,
        "EBIT": 975,
        "Net Income": 520
    },
    "2011-03-31": {
        "Diluted EPS": 1.79,
        "Total Revenue": NaN,
        "Gross Profit": NaN,
        "Operating Income": 811,
        "EBIT": 932,
        "Net Income": 530
    },
    "2010-12-31": {
        "Diluted EPS": 1.28,
        "Total Revenue": NaN,
        "Gross Profit": NaN,
        "Operating Income": 675,
        "EBIT": 835,
        "Net Income": 376
    },
    "2010-09-30": {
        "Diluted EPS": 1.67,
        "Total Revenue": NaN,
        "Gross Profit": NaN,
        "Operating Income": 723,
        "EBIT": 859,
        "Net Income": 497
    },
    "2010-06-30": {
        "Diluted EPS": 2.34,
        "Total Revenue": NaN,
        "Gross Profit": NaN,
        "Operating Income": 750,
        "EBIT": 880,
        "Net Income": 711
    },
    "2010-03-31": {
        "Diluted EPS": 1.53,
        "Total Revenue": NaN,
        "Gross Profit": NaN,
        "Operating Income": 679,
        "EBIT": 808,
        "Net Income": 469
    },
    "2009-12-31": {
        "Diluted EPS": 1.3,
        "Total Revenue": NaN,
        "Gross Profit": 790,
        "Operating Income": 422,
        "EBIT": 435,
        "Net Income": 413
    },
    "2009-09-30": {
        "Diluted EPS": 1.53,
        "Total Revenue": NaN,
        "Gross Profit": NaN,
        "Operating Income": 619,
        "EBIT": 803,
        "Net Income": 490
    },
    "2009-06-30": {
        "Diluted EPS": 1.21,
        "Total Revenue": NaN,
        "Gross Profit": NaN,
        "Operating Income": 614,
        "EBIT": 793,
        "Net Income": 394
    },
    "2009-03-31": {
        "Diluted EPS": 1.17,
        "Total Revenue": NaN,
        "Gross Profit": NaN,
        "Operating Income": 619,
        "EBIT": 793,
        "Net Income": 389
    },
    "2023-09-30": {
        "Tax Effect Of Unusual Items": NaN,
        "Tax Rate For Calcs": NaN,
        "Normalized EBITDA": NaN,
        "Net Income From Continuing Operation Net Minority Interest": NaN,
        "Reconciled Depreciation": NaN,
        "Reconciled Cost Of Revenue": NaN,
        "EBITDA": NaN,
        "EBIT": NaN,
        "Net Interest Income": NaN,
        "Interest Expense": NaN,
        "Normalized Income": NaN,
        "Net Income From Continuing And Discontinued Operation": NaN,
        "Total Expenses": NaN,
        "Total Operating Income As Reported": NaN,
        "Diluted Average Shares": 151700000.0,
        "Basic Average Shares": 151200000.0,
        "Diluted EPS": 6.18,
        "Basic EPS": 6.2,
        "Diluted NI Availto Com Stockholders": NaN,
        "Net Income Common Stockholders": NaN,
        "Net Income": NaN,
        "Net Income Including Noncontrolling Interests": NaN,
        "Net Income Continuous Operations": NaN,
        "Tax Provision": NaN,
        "Pretax Income": NaN,
        "Other Income Expense": NaN,
        "Other Non Operating Income Expenses": NaN,
        "Net Non Operating Interest Income Expense": NaN,
        "Interest Expense Non Operating": NaN,
        "Operating Income": NaN,
        "Operating Expense": NaN,
        "Selling General And Administration": NaN,
        "General And Administrative Expense": NaN,
        "Other Gand A": NaN,
        "Salaries And Wages": NaN,
        "Gross Profit": NaN,
        "Cost Of Revenue": NaN,
        "Total Revenue": NaN,
        "Operating Revenue": NaN
    },
    "2023-12-31": {
        "Tax Effect Of Unusual Items": 0.0,
        "Tax Rate For Calcs": 0.293263,
        "Normalized EBITDA": -229000000.0,
        "Net Income From Continuing Operation Net Minority Interest": -535000000.0,
        "Reconciled Depreciation": 400000000.0,
        "Reconciled Cost Of Revenue": 10153000000.0,
        "EBITDA": -229000000.0,
        "EBIT": -629000000.0,
        "Net Interest Income": -128000000.0,
        "Interest Expense": 128000000.0,
        "Normalized Income": -535000000.0,
        "Net Income From Continuing And Discontinued Operation": -535000000.0,
        "Total Expenses": 11031000000.0,
        "Total Operating Income As Reported": -393000000.0,
        "Diluted Average Shares": NaN,
        "Basic Average Shares": NaN,
        "Diluted EPS": NaN,
        "Basic EPS": NaN,
        "Diluted NI Availto Com Stockholders": -535000000.0,
        "Net Income Common Stockholders": -535000000.0,
        "Net Income": -535000000.0,
        "Net Income Including Noncontrolling Interests": -535000000.0,
        "Net Income Continuous Operations": -535000000.0,
        "Tax Provision": -222000000.0,
        "Pretax Income": -757000000.0,
        "Other Income Expense": -236000000.0,
        "Other Non Operating Income Expenses": -236000000.0,
        "Net Non Operating Interest Income Expense": -128000000.0,
        "Interest Expense Non Operating": 128000000.0,
        "Operating Income": -393000000.0,
        "Operating Expense": 878000000.0,
        "Selling General And Administration": 878000000.0,
        "General And Administrative Expense": 878000000.0,
        "Other Gand A": 878000000.0,
        "Salaries And Wages": NaN,
        "Gross Profit": 485000000.0,
        "Cost Of Revenue": 10153000000.0,
        "Total Revenue": 10638000000.0,
        "Operating Revenue": 10638000000.0
    },
    "2024-03-31": {
        "Tax Effect Of Unusual Items": NaN,
        "Tax Rate For Calcs": NaN,
        "Normalized EBITDA": NaN,
        "Total Unusual Items": NaN,
        "Total Unusual Items Excluding Goodwill": NaN,
        "Net Income From Continuing Operation Net Minority Interest": NaN,
        "Reconciled Depreciation": NaN,
        "Reconciled Cost Of Revenue": NaN,
        "EBITDA": NaN,
        "EBIT": NaN,
        "Net Interest Income": NaN,
        "Interest Expense": NaN,
        "Normalized Income": NaN,
        "Net Income From Continuing And Discontinued Operation": NaN,
        "Total Expenses": NaN,
        "Total Operating Income As Reported": NaN,
        "Diluted Average Shares": 149300000.0,
        "Basic Average Shares": 148900000.0,
        "Diluted EPS": 6.32,
        "Basic EPS": 6.34,
        "Diluted NI Availto Com Stockholders": NaN,
        "Net Income Common Stockholders": NaN,
        "Net Income": NaN,
        "Net Income Including Noncontrolling Interests": NaN,
        "Net Income Continuous Operations": NaN,
        "Tax Provision": NaN,
        "Pretax Income": NaN,
        "Other Income Expense": NaN,
        "Other Non Operating Income Expenses": NaN,
        "Special Income Charges": NaN,
        "Gain On Sale Of Business": NaN,
        "Net Non Operating Interest Income Expense": NaN,
        "Interest Expense Non Operating": NaN,
        "Operating Income": NaN,
        "Operating Expense": NaN,
        "Selling General And Administration": NaN,
        "General And Administrative Expense": NaN,
        "Other Gand A": NaN,
        "Salaries And Wages": -168000000.0,
        "Gross Profit": NaN,
        "Cost Of Revenue": NaN,
        "Total Revenue": NaN,
        "Operating Revenue": NaN
    },
    "2024-06-30": {
        "Tax Effect Of Unusual Items": 0.0,
        "Tax Rate For Calcs": 0.179756,
        "Normalized EBITDA": 1626000000.0,
        "Total Unusual Items": NaN,
        "Total Unusual Items Excluding Goodwill": NaN,
        "Net Income From Continuing Operation Net Minority Interest": 940000000.0,
        "Reconciled Depreciation": 326000000.0,
        "Reconciled Cost Of Revenue": 8027000000.0,
        "EBITDA": 1626000000.0,
        "EBIT": 1300000000.0,
        "Net Interest Income": -154000000.0,
        "Interest Expense": 154000000.0,
        "Normalized Income": 940000000.0,
        "Net Income From Continuing And Discontinued Operation": 940000000.0,
        "Total Expenses": 9128000000.0,
        "Total Operating Income As Reported": 1090000000.0,
        "Diluted Average Shares": 147700000.0,
        "Basic Average Shares": 147500000.0,
        "Diluted EPS": 6.36,
        "Basic EPS": 6.37,
        "Diluted NI Availto Com Stockholders": 940000000.0,
        "Net Income Common Stockholders": 940000000.0,
        "Net Income": 940000000.0,
        "Net Income Including Noncontrolling Interests": 940000000.0,
        "Net Income Continuous Operations": 940000000.0,
        "Tax Provision": 206000000.0,
        "Pretax Income": 1146000000.0,
        "Other Income Expense": 210000000.0,
        "Other Non Operating Income Expenses": 210000000.0,
        "Special Income Charges": NaN,
        "Gain On Sale Of Business": NaN,
        "Net Non Operating Interest Income Expense": -154000000.0,
        "Interest Expense Non Operating": 154000000.0,
        "Operating Income": 1090000000.0,
        "Operating Expense": 1101000000.0,
        "Selling General And Administration": 1101000000.0,
        "General And Administrative Expense": 1101000000.0,
        "Other Gand A": 1101000000.0,
        "Salaries And Wages": -167000000.0,
        "Gross Profit": 2191000000.0,
        "Cost Of Revenue": 8027000000.0,
        "Total Revenue": 10218000000.0,
        "Operating Revenue": 10218000000.0
    },
    "2024-09-30": {
        "Tax Effect Of Unusual Items": 0.0,
        "Tax Rate For Calcs": 0.136,
        "Normalized EBITDA": 1680000000.0,
        "Total Unusual Items": NaN,
        "Total Unusual Items Excluding Goodwill": NaN,
        "Net Income From Continuing Operation Net Minority Interest": 1026000000.0,
        "Reconciled Depreciation": 331000000.0,
        "Reconciled Cost Of Revenue": 7890000000.0,
        "EBITDA": 1680000000.0,
        "EBIT": 1349000000.0,
        "Net Interest Income": -161000000.0,
        "Interest Expense": 161000000.0,
        "Normalized Income": 1026000000.0,
        "Net Income From Continuing And Discontinued Operation": 1026000000.0,
        "Total Expenses": 8876000000.0,
        "Total Operating Income As Reported": 1120000000.0,
        "Diluted Average Shares": 146500000.0,
        "Basic Average Shares": 146200000.0,
        "Diluted EPS": 7.0,
        "Basic EPS": 7.02,
        "Diluted NI Availto Com Stockholders": 1026000000.0,
        "Net Income Common Stockholders": 1026000000.0,
        "Net Income": 1026000000.0,
        "Net Income Including Noncontrolling Interests": 1026000000.0,
        "Net Income Continuous Operations": 1026000000.0,
        "Tax Provision": 162000000.0,
        "Pretax Income": 1188000000.0,
        "Other Income Expense": 229000000.0,
        "Other Non Operating Income Expenses": 229000000.0,
        "Special Income Charges": NaN,
        "Gain On Sale Of Business": NaN,
        "Net Non Operating Interest Income Expense": -161000000.0,
        "Interest Expense Non Operating": 161000000.0,
        "Operating Income": 1120000000.0,
        "Operating Expense": 986000000.0,
        "Selling General And Administration": 986000000.0,
        "General And Administrative Expense": 986000000.0,
        "Other Gand A": 986000000.0,
        "Salaries And Wages": NaN,
        "Gross Profit": 2106000000.0,
        "Cost Of Revenue": 7890000000.0,
        "Total Revenue": 9996000000.0,
        "Operating Revenue": 9996000000.0
    },
    "2024-12-31": {
        "Tax Effect Of Unusual Items": 0.0,
        "Tax Rate For Calcs": 0.185042,
        "Normalized EBITDA": 2125000000.0,
        "Total Unusual Items": NaN,
        "Total Unusual Items Excluding Goodwill": NaN,
        "Net Income From Continuing Operation Net Minority Interest": 1264000000.0,
        "Reconciled Depreciation": 414000000.0,
        "Reconciled Cost Of Revenue": 8754000000.0,
        "EBITDA": 2125000000.0,
        "EBIT": 1711000000.0,
        "Net Interest Income": -160000000.0,
        "Interest Expense": 160000000.0,
        "Normalized Income": 1264000000.0,
        "Net Income From Continuing And Discontinued Operation": 1264000000.0,
        "Total Expenses": 9597000000.0,
        "Total Operating Income As Reported": 1089000000.0,
        "Diluted Average Shares": NaN,
        "Basic Average Shares": NaN,
        "Diluted EPS": NaN,
        "Basic EPS": NaN,
        "Diluted NI Availto Com Stockholders": 1264000000.0,
        "Net Income Common Stockholders": 1264000000.0,
        "Net Income": 1264000000.0,
        "Net Income Including Noncontrolling Interests": 1264000000.0,
        "Net Income Continuous Operations": 1264000000.0,
        "Tax Provision": 287000000.0,
        "Pretax Income": 1551000000.0,
        "Other Income Expense": 622000000.0,
        "Other Non Operating Income Expenses": 622000000.0,
        "Special Income Charges": NaN,
        "Gain On Sale Of Business": NaN,
        "Net Non Operating Interest Income Expense": -160000000.0,
        "Interest Expense Non Operating": 160000000.0,
        "Operating Income": 1089000000.0,
        "Operating Expense": 843000000.0,
        "Selling General And Administration": 843000000.0,
        "General And Administrative Expense": 843000000.0,
        "Other Gand A": 843000000.0,
        "Salaries And Wages": NaN,
        "Gross Profit": 1932000000.0,
        "Cost Of Revenue": 8754000000.0,
        "Total Revenue": 10686000000.0,
        "Operating Revenue": 10686000000.0
    },
    "2025-03-31": {
        "Tax Effect Of Unusual Items": 0.0,
        "Tax Rate For Calcs": 0.168,
        "Normalized EBITDA": 1071000000.0,
        "Total Unusual Items": NaN,
        "Total Unusual Items Excluding Goodwill": NaN,
        "Net Income From Continuing Operation Net Minority Interest": 481000000.0,
        "Reconciled Depreciation": 337000000.0,
        "Reconciled Cost Of Revenue": 7888000000.0,
        "EBITDA": 1071000000.0,
        "EBIT": 734000000.0,
        "Net Interest Income": -156000000.0,
        "Interest Expense": 156000000.0,
        "Normalized Income": 481000000.0,
        "Net Income From Continuing And Discontinued Operation": 481000000.0,
        "Total Expenses": 8895000000.0,
        "Total Operating Income As Reported": 573000000.0,
        "Diluted Average Shares": 144900000.0,
        "Basic Average Shares": 144600000.0,
        "Diluted EPS": 3.32,
        "Basic EPS": 3.33,
        "Diluted NI Availto Com Stockholders": 481000000.0,
        "Net Income Common Stockholders": 481000000.0,
        "Net Income": 481000000.0,
        "Net Income Including Noncontrolling Interests": 481000000.0,
        "Net Income Continuous Operations": 481000000.0,
        "Tax Provision": 97000000.0,
        "Pretax Income": 578000000.0,
        "Other Income Expense": 161000000.0,
        "Other Non Operating Income Expenses": 161000000.0,
        "Special Income Charges": NaN,
        "Gain On Sale Of Business": NaN,
        "Net Non Operating Interest Income Expense": -156000000.0,
        "Interest Expense Non Operating": 156000000.0,
        "Operating Income": 573000000.0,
        "Operating Expense": 1007000000.0,
        "Selling General And Administration": 1007000000.0,
        "General And Administrative Expense": 1007000000.0,
        "Other Gand A": 1007000000.0,
        "Salaries And Wages": NaN,
        "Gross Profit": 1580000000.0,
        "Cost Of Revenue": 7888000000.0,
        "Total Revenue": 9468000000.0,
        "Operating Revenue": 9468000000.0
    },
    "2025-06-30": {
        "Tax Effect Of Unusual Items": 40955150.665732,
        "Tax Rate For Calcs": 0.177295,
        "Normalized EBITDA": 1719000000.0,
        "Total Unusual Items": 231000000.0,
        "Total Unusual Items Excluding Goodwill": 231000000.0,
        "Net Income From Continuing Operation Net Minority Interest": 1174000000.0,
        "Reconciled Depreciation": 350000000.0,
        "Reconciled Cost Of Revenue": 8141000000.0,
        "EBITDA": 1950000000.0,
        "EBIT": 1600000000.0,
        "Net Interest Income": -173000000.0,
        "Interest Expense": 173000000.0,
        "Normalized Income": 983955150.665732,
        "Net Income From Continuing And Discontinued Operation": 1174000000.0,
        "Total Expenses": 9157000000.0,
        "Total Operating Income As Reported": 1425000000.0,
        "Diluted Average Shares": 144000000.0,
        "Basic Average Shares": 143700000.0,
        "Diluted EPS": 8.15,
        "Basic EPS": 8.17,
        "Diluted NI Availto Com Stockholders": 1174000000.0,
        "Net Income Common Stockholders": 1174000000.0,
        "Net Income": 1174000000.0,
        "Net Income Including Noncontrolling Interests": 1174000000.0,
        "Net Income Continuous Operations": 1174000000.0,
        "Tax Provision": 253000000.0,
        "Pretax Income": 1427000000.0,
        "Other Income Expense": 406000000.0,
        "Other Non Operating Income Expenses": 175000000.0,
        "Special Income Charges": 231000000.0,
        "Gain On Sale Of Business": 231000000.0,
        "Net Non Operating Interest Income Expense": -173000000.0,
        "Interest Expense Non Operating": 173000000.0,
        "Operating Income": 1194000000.0,
        "Operating Expense": 1016000000.0,
        "Selling General And Administration": 1016000000.0,
        "General And Administrative Expense": 1016000000.0,
        "Other Gand A": 1016000000.0,
        "Salaries And Wages": NaN,
        "Gross Profit": 2210000000.0,
        "Cost Of Revenue": 8141000000.0,
        "Total Revenue": 10351000000.0,
        "Operating Revenue": 10351000000.0
    }
}