{
    "2023-06-30": {
        "Tax Effect Of Unusual Items": NaN,
        "Tax Rate For Calcs": NaN,
        "Normalized EBITDA": NaN,
        "Net Income From Continuing Operation Net Minority Interest": NaN,
        "Reconciled Depreciation": 272000000.0,
        "Reconciled Cost Of Revenue": 3290000000.0,
        "EBITDA": NaN,
        "EBIT": NaN,
        "Net Interest Income": -54000000.0,
        "Normalized Income": NaN,
        "Net Income From Continuing And Discontinued Operation": NaN,
        "Total Expenses": 4969000000.0,
        "Total Operating Income As Reported": NaN,
        "Diluted Average Shares": NaN,
        "Basic Average Shares": NaN,
        "Diluted EPS": NaN,
        "Basic EPS": NaN,
        "Diluted NI Availto Com Stockholders": NaN,
        "Net Income Common Stockholders": NaN,
        "Net Income": NaN,
        "Minority Interests": 1000000.0,
        "Net Income Including Noncontrolling Interests": NaN,
        "Net Income Discontinuous Operations": NaN,
        "Net Income Continuous Operations": NaN,
        "Tax Provision": 115000000.0,
        "Pretax Income": NaN,
        "Other Income Expense": -13000000.0,
        "Earnings From Equity Interest": -13000000.0,
        "Net Non Operating Interest Income Expense": -54000000.0,
        "Total Other Finance Cost": 54000000.0,
        "Operating Income": NaN,
        "Operating Expense": 1679000000.0,
        "Other Operating Expenses": -45000000.0,
        "Research And Development": NaN,
        "Selling General And Administration": NaN,
        "Gross Profit": 2148000000.0,
        "Cost Of Revenue": 3290000000.0,
        "Total Revenue": NaN,
        "Operating Revenue": NaN
    },
    "2023-03-31": {
        "Tax Effect Of Unusual Items": 0.0,
        "Tax Rate For Calcs": 0.276808,
        "Normalized EBITDA": 693000000.0,
        "Net Income From Continuing Operation Net Minority Interest": 280000000.0,
        "Reconciled Depreciation": 266000000.0,
        "Reconciled Cost Of Revenue": 3664000000.0,
        "EBITDA": 693000000.0,
        "EBIT": 427000000.0,
        "Net Interest Income": -19000000.0,
        "Normalized Income": 280000000.0,
        "Net Income From Continuing And Discontinued Operation": 279000000.0,
        "Total Expenses": 5433000000.0,
        "Total Operating Income As Reported": 426000000.0,
        "Diluted Average Shares": 5648995000.0,
        "Basic Average Shares": 5578005000.0,
        "Diluted EPS": 0.05,
        "Basic EPS": 0.05,
        "Diluted NI Availto Com Stockholders": 279000000.0,
        "Net Income Common Stockholders": 279000000.0,
        "Net Income": 279000000.0,
        "Minority Interests": -10000000.0,
        "Net Income Including Noncontrolling Interests": 289000000.0,
        "Net Income Discontinuous Operations": -1000000.0,
        "Net Income Continuous Operations": 290000000.0,
        "Tax Provision": 111000000.0,
        "Pretax Income": 401000000.0,
        "Other Income Expense": -6000000.0,
        "Earnings From Equity Interest": -6000000.0,
        "Net Non Operating Interest Income Expense": -19000000.0,
        "Total Other Finance Cost": 19000000.0,
        "Operating Income": 427000000.0,
        "Operating Expense": 1769000000.0,
        "Other Operating Expenses": -68000000.0,
        "Research And Development": 1108000000.0,
        "Selling General And Administration": 729000000.0,
        "Gross Profit": 2196000000.0,
        "Cost Of Revenue": 3664000000.0,
        "Total Revenue": 5859000000.0,
        "Operating Revenue": 5859000000.0
    },
    "2022-12-31": {
        "Tax Effect Of Unusual Items": 0.0,
        "Tax Rate For Calcs": 0.2,
        "Normalized EBITDA": 1266000000.0,
        "Net Income From Continuing Operation Net Minority Interest": 3151000000.0,
        "Reconciled Depreciation": 296000000.0,
        "Reconciled Cost Of Revenue": 4263000000.0,
        "EBITDA": 1266000000.0,
        "EBIT": 970000000.0,
        "Net Interest Income": -47000000.0,
        "Normalized Income": 3151000000.0,
        "Net Income From Continuing And Discontinued Operation": 3154000000.0,
        "Total Expenses": 6423000000.0,
        "Total Operating Income As Reported": 882000000.0,
        "Diluted Average Shares": 5651112000.0,
        "Basic Average Shares": 5590250000.0,
        "Diluted EPS": 0.56,
        "Basic EPS": 0.56,
        "Diluted NI Availto Com Stockholders": 3154000000.0,
        "Net Income Common Stockholders": 3154000000.0,
        "Net Income": 3154000000.0,
        "Minority Interests": 2000000.0,
        "Net Income Including Noncontrolling Interests": 3152000000.0,
        "Net Income Discontinuous Operations": 3000000.0,
        "Net Income Continuous Operations": 3149000000.0,
        "Tax Provision": -2271000000.0,
        "Pretax Income": 878000000.0,
        "Other Income Expense": -102000000.0,
        "Earnings From Equity Interest": 26000000.0,
        "Net Non Operating Interest Income Expense": -47000000.0,
        "Total Other Finance Cost": -1000000.0,
        "Operating Income": 1027000000.0,
        "Operating Expense": 2160000000.0,
        "Other Operating Expenses": -8000000.0,
        "Research And Development": 1222000000.0,
        "Selling General And Administration": 839000000.0,
        "Gross Profit": 3187000000.0,
        "Cost Of Revenue": 4263000000.0,
        "Total Revenue": 7449000000.0,
        "Operating Revenue": 7449000000.0
    },
    "2022-09-30": {
        "Tax Effect Of Unusual Items": NaN,
        "Tax Rate For Calcs": NaN,
        "Normalized EBITDA": NaN,
        "Net Income From Continuing Operation Net Minority Interest": NaN,
        "Reconciled Depreciation": NaN,
        "Reconciled Cost Of Revenue": NaN,
        "EBITDA": NaN,
        "EBIT": NaN,
        "Net Interest Income": NaN,
        "Normalized Income": NaN,
        "Net Income From Continuing And Discontinued Operation": NaN,
        "Total Expenses": NaN,
        "Total Operating Income As Reported": NaN,
        "Diluted Average Shares": NaN,
        "Basic Average Shares": NaN,
        "Diluted EPS": NaN,
        "Basic EPS": NaN,
        "Diluted NI Availto Com Stockholders": NaN,
        "Net Income Common Stockholders": NaN,
        "Net Income": NaN,
        "Minority Interests": NaN,
        "Net Income Including Noncontrolling Interests": NaN,
        "Net Income Discontinuous Operations": NaN,
        "Net Income Continuous Operations": NaN,
        "Tax Provision": NaN,
        "Pretax Income": NaN,
        "Other Income Expense": NaN,
        "Earnings From Equity Interest": NaN,
        "Net Non Operating Interest Income Expense": NaN,
        "Total Other Finance Cost": NaN,
        "Operating Income": NaN,
        "Operating Expense": NaN,
        "Other Operating Expenses": NaN,
        "Research And Development": NaN,
        "Selling General And Administration": NaN,
        "Selling And Marketing Expense": 771000000.0,
        "Gross Profit": NaN,
        "Cost Of Revenue": NaN,
        "Total Revenue": NaN,
        "Operating Revenue": NaN
    },
    "2022-06-30": {
        "Tax Effect Of Unusual Items": 0.0,
        "Tax Rate For Calcs": 0.136784,
        "Normalized EBITDA": 846000000.0,
        "Net Income From Continuing Operation Net Minority Interest": 464000000.0,
        "Reconciled Depreciation": 282000000.0,
        "Reconciled Cost Of Revenue": 3512000000.0,
        "EBITDA": 846000000.0,
        "EBIT": 564000000.0,
        "Net Interest Income": -18000000.0,
        "Normalized Income": 464000000.0,
        "Net Income From Continuing And Discontinued Operation": 457000000.0,
        "Total Expenses": 5309000000.0,
        "Total Operating Income As Reported": 564000000.0,
        "Diluted Average Shares": 5677742000.0,
        "Basic Average Shares": 5625142000.0,
        "Diluted EPS": 0.08,
        "Basic EPS": 0.08,
        "Diluted NI Availto Com Stockholders": 457000000.0,
        "Net Income Common Stockholders": 457000000.0,
        "Net Income": 457000000.0,
        "Minority Interests": -3000000.0,
        "Net Income Including Noncontrolling Interests": 460000000.0,
        "Net Income Discontinuous Operations": -7000000.0,
        "Net Income Continuous Operations": 467000000.0,
        "Tax Provision": 74000000.0,
        "Pretax Income": 541000000.0,
        "Other Income Expense": -6000000.0,
        "Earnings From Equity Interest": -6000000.0,
        "Net Non Operating Interest Income Expense": -18000000.0,
        "Total Other Finance Cost": 18000000.0,
        "Operating Income": 564000000.0,
        "Operating Expense": 1797000000.0,
        "Other Operating Expenses": -22000000.0,
        "Research And Development": 1091000000.0,
        "Selling General And Administration": 728000000.0,
        "Selling And Marketing Expense": NaN,
        "Gross Profit": 2361000000.0,
        "Cost Of Revenue": 3512000000.0,
        "Total Revenue": 5873000000.0,
        "Operating Revenue": 5873000000.0
    },
    "2022-03-31": {
        "Diluted EPS": 0.05,
        "Total Revenue": NaN,
        "Gross Profit": NaN,
        "Operating Income": 397,
        "EBIT": 705,
        "Net Income": 238
    },
    "2021-12-31": {
        "Diluted EPS": 0.14,
        "Total Revenue": NaN,
        "Gross Profit": NaN,
        "Operating Income": 857,
        "EBIT": NaN,
        "Net Income": 788
    },
    "2021-09-30": {
        "Diluted EPS": 0.07,
        "Total Revenue": NaN,
        "Gross Profit": NaN,
        "Operating Income": 592,
        "EBIT": 901,
        "Net Income": 403
    },
    "2021-06-30": {
        "Diluted EPS": 0.07,
        "Total Revenue": NaN,
        "Gross Profit": NaN,
        "Operating Income": 584,
        "EBIT": 913,
        "Net Income": 414
    },
    "2021-03-31": {
        "Diluted EPS": 0.06,
        "Total Revenue": NaN,
        "Gross Profit": NaN,
        "Operating Income": 520,
        "EBIT": 846,
        "Net Income": 315
    },
    "2020-12-31": {
        "Diluted EPS": -0.55,
        "Total Revenue": NaN,
        "Gross Profit": NaN,
        "Operating Income": 498,
        "EBIT": 794,
        "Net Income": NaN
    },
    "2020-09-30": {
        "Diluted EPS": 0.04,
        "Total Revenue": NaN,
        "Gross Profit": NaN,
        "Operating Income": 410,
        "EBIT": 775,
        "Net Income": 226
    },
    "2020-06-30": {
        "Diluted EPS": 0.02,
        "Total Revenue": NaN,
        "Gross Profit": NaN,
        "Operating Income": 187,
        "EBIT": 505,
        "Net Income": 104
    },
    "2020-03-31": {
        "Diluted EPS": -0.02,
        "Total Revenue": NaN,
        "Gross Profit": NaN,
        "Operating Income": -85,
        "EBIT": 229,
        "Net Income": -129
    },
    "2019-12-31": {
        "Diluted EPS": 0.11,
        "Total Revenue": NaN,
        "Gross Profit": NaN,
        "Operating Income": 909,
        "EBIT": NaN,
        "Net Income": 640
    },
    "2019-09-30": {
        "Diluted EPS": 0.01,
        "Total Revenue": NaN,
        "Gross Profit": NaN,
        "Operating Income": 295,
        "EBIT": 746,
        "Net Income": 91
    },
    "2019-06-30": {
        "Diluted EPS": -0.03,
        "Total Revenue": NaN,
        "Gross Profit": NaN,
        "Operating Income": -65,
        "EBIT": 393,
        "Net Income": -217
    },
    "2019-03-31": {
        "Diluted EPS": -0.09,
        "Total Revenue": NaN,
        "Gross Profit": NaN,
        "Operating Income": -595,
        "EBIT": -132,
        "Net Income": -507
    },
    "2018-12-31": {
        "Diluted EPS": 0.04,
        "Total Revenue": NaN,
        "Gross Profit": NaN,
        "Operating Income": 670,
        "EBIT": NaN,
        "Net Income": 239
    },
    "2018-09-30": {
        "Diluted EPS": -0.01,
        "Total Revenue": NaN,
        "Gross Profit": NaN,
        "Operating Income": -63,
        "EBIT": 329,
        "Net Income": -92
    },
    "2018-06-30": {
        "Diluted EPS": -0.06,
        "Total Revenue": NaN,
        "Gross Profit": NaN,
        "Operating Income": -264,
        "EBIT": 152,
        "Net Income": -317
    },
    "2018-03-31": {
        "Diluted EPS": -0.04,
        "Total Revenue": NaN,
        "Gross Profit": NaN,
        "Operating Income": -413,
        "EBIT": 44,
        "Net Income": -231
    },
    "2017-12-31": {
        "Diluted EPS": -0.08,
        "Total Revenue": NaN,
        "Gross Profit": NaN,
        "Operating Income": 474,
        "EBIT": 849,
        "Net Income": -473
    },
    "2017-09-30": {
        "Diluted EPS": -0.04,
        "Total Revenue": NaN,
        "Gross Profit": NaN,
        "Operating Income": -270,
        "EBIT": 705,
        "Net Income": -215
    },
    "2017-06-30": {
        "Diluted EPS": -0.09,
        "Total Revenue": NaN,
        "Gross Profit": NaN,
        "Operating Income": -51,
        "EBIT": -33,
        "Net Income": -481
    },
    "2017-03-31": {
        "Diluted EPS": -0.1,
        "Total Revenue": NaN,
        "Gross Profit": NaN,
        "Operating Income": -135,
        "EBIT": 295,
        "Net Income": -520
    },
    "2016-12-31": {
        "Diluted EPS": 0.11,
        "Total Revenue": NaN,
        "Gross Profit": NaN,
        "Operating Income": 364,
        "EBIT": 799,
        "Net Income": 609
    },
    "2016-09-30": {
        "Diluted EPS": -0.02,
        "Total Revenue": NaN,
        "Gross Profit": NaN,
        "Operating Income": 62,
        "EBIT": 469,
        "Net Income": -140
    },
    "2016-06-30": {
        "Diluted EPS": -0.14,
        "Total Revenue": NaN,
        "Gross Profit": NaN,
        "Operating Income": -858,
        "EBIT": -384,
        "Net Income": -751
    },
    "2016-03-31": {
        "Diluted EPS": -0.1,
        "Total Revenue": NaN,
        "Gross Profit": NaN,
        "Operating Income": -785,
        "EBIT": -338,
        "Net Income": -566
    },
    "2015-12-31": {
        "Diluted EPS": 0.5,
        "Total Revenue": NaN,
        "Gross Profit": NaN,
        "Operating Income": 676,
        "EBIT": 759,
        "Net Income": NaN
    },
    "2015-09-30": {
        "Diluted EPS": 0.05,
        "Total Revenue": NaN,
        "Gross Profit": NaN,
        "Operating Income": 368,
        "EBIT": 457,
        "Net Income": 169
    },
    "2015-06-30": {
        "Diluted EPS": 0.1,
        "Total Revenue": NaN,
        "Gross Profit": NaN,
        "Operating Income": 562,
        "EBIT": 652,
        "Net Income": 384
    },
    "2015-03-31": {
        "Diluted EPS": 0.06,
        "Total Revenue": NaN,
        "Gross Profit": NaN,
        "Operating Income": 269,
        "EBIT": 361,
        "Net Income": 200
    },
    "2014-12-31": {
        "Diluted EPS": 0.12,
        "Total Revenue": NaN,
        "Gross Profit": NaN,
        "Operating Income": 580,
        "EBIT": 580,
        "Net Income": 495
    },
    "2014-09-30": {
        "Diluted EPS": 0.25,
        "Total Revenue": NaN,
        "Gross Profit": NaN,
        "Operating Income": 531,
        "EBIT": 531,
        "Net Income": 991
    },
    "2014-06-30": {
        "Diluted EPS": 0.84,
        "Total Revenue": NaN,
        "Gross Profit": NaN,
        "Operating Income": 391,
        "EBIT": 391,
        "Net Income": NaN
    },
    "2014-03-31": {
        "Diluted EPS": -0.08,
        "Total Revenue": NaN,
        "Gross Profit": NaN,
        "Operating Income": 332,
        "EBIT": 332,
        "Net Income": -328
    },
    "2013-12-31": {
        "Diluted EPS": -0.03,
        "Total Revenue": NaN,
        "Gross Profit": -198,
        "Operating Income": 881,
        "EBIT": 881,
        "Net Income": -41
    },
    "2013-09-30": {
        "Diluted EPS": -0.03,
        "Total Revenue": NaN,
        "Gross Profit": NaN,
        "Operating Income": 156,
        "EBIT": 156,
        "Net Income": -121
    },
    "2013-06-30": {
        "Diluted EPS": -0.08,
        "Total Revenue": NaN,
        "Gross Profit": NaN,
        "Operating Income": -150,
        "EBIT": -150,
        "Net Income": -296
    },
    "2013-03-31": {
        "Diluted EPS": -0.09,
        "Total Revenue": NaN,
        "Gross Profit": NaN,
        "Operating Income": -198,
        "EBIT": -198,
        "Net Income": -359
    },
    "2012-12-31": {
        "Diluted EPS": 0.07,
        "Total Revenue": NaN,
        "Gross Profit": NaN,
        "Operating Income": -323,
        "EBIT": -323,
        "Net Income": 269
    },
    "2012-09-30": {
        "Diluted EPS": -0.34,
        "Total Revenue": NaN,
        "Gross Profit": NaN,
        "Operating Income": -294,
        "EBIT": -294,
        "Net Income": NaN
    },
    "2012-06-30": {
        "Diluted EPS": -0.47,
        "Total Revenue": NaN,
        "Gross Profit": NaN,
        "Operating Income": NaN,
        "EBIT": NaN,
        "Net Income": NaN
    },
    "2012-03-31": {
        "Diluted EPS": -0.33,
        "Total Revenue": NaN,
        "Gross Profit": NaN,
        "Operating Income": -579,
        "EBIT": -579,
        "Net Income": NaN
    },
    "2011-12-31": {
        "Diluted EPS": -0.37,
        "Total Revenue": NaN,
        "Gross Profit": NaN,
        "Operating Income": -110,
        "EBIT": -110,
        "Net Income": NaN
    },
    "2011-09-30": {
        "Diluted EPS": -0.03,
        "Total Revenue": NaN,
        "Gross Profit": NaN,
        "Operating Income": -460,
        "EBIT": -460,
        "Net Income": -94
    },
    "2011-06-30": {
        "Diluted EPS": -0.14,
        "Total Revenue": NaN,
        "Gross Profit": NaN,
        "Operating Income": 23,
        "EBIT": 23,
        "Net Income": -523
    },
    "2011-03-31": {
        "Diluted EPS": 0.13,
        "Total Revenue": NaN,
        "Gross Profit": NaN,
        "Operating Income": 797,
        "EBIT": 797,
        "Net Income": 478
    },
    "2010-12-31": {
        "Diluted EPS": 0.28,
        "Total Revenue": NaN,
        "Gross Profit": NaN,
        "Operating Income": NaN,
        "EBIT": NaN,
        "Net Income": NaN
    },
    "2010-09-30": {
        "Diluted EPS": 0.2,
        "Total Revenue": NaN,
        "Gross Profit": NaN,
        "Operating Income": NaN,
        "EBIT": NaN,
        "Net Income": 734
    },
    "2010-06-30": {
        "Diluted EPS": 0.08,
        "Total Revenue": NaN,
        "Gross Profit": NaN,
        "Operating Income": 442,
        "EBIT": 442,
        "Net Income": 291
    },
    "2010-03-31": {
        "Diluted EPS": 0.13,
        "Total Revenue": NaN,
        "Gross Profit": NaN,
        "Operating Income": 247,
        "EBIT": 247,
        "Net Income": 468
    },
    "2009-12-31": {
        "Diluted EPS": 0.36,
        "Total Revenue": NaN,
        "Gross Profit": NaN,
        "Operating Income": 989,
        "EBIT": 989,
        "Net Income": NaN
    },
    "2009-09-30": {
        "Diluted EPS": -0.22,
        "Total Revenue": NaN,
        "Gross Profit": NaN,
        "Operating Income": NaN,
        "EBIT": NaN,
        "Net Income": -832
    },
    "2009-06-30": {
        "Diluted EPS": 0.11,
        "Total Revenue": NaN,
        "Gross Profit": NaN,
        "Operating Income": NaN,
        "EBIT": NaN,
        "Net Income": 403
    },
    "2009-03-31": {
        "Diluted EPS": 0.04,
        "Total Revenue": NaN,
        "Gross Profit": NaN,
        "Operating Income": 349,
        "EBIT": 349,
        "Net Income": 161
    },
    "2023-09-30": {
        "Tax Effect Of Unusual Items": NaN,
        "Tax Rate For Calcs": NaN,
        "Normalized EBITDA": NaN,
        "Net Income From Continuing Operation Net Minority Interest": NaN,
        "Reconciled Depreciation": 267000000.0,
        "Reconciled Cost Of Revenue": 3056000000.0,
        "EBITDA": NaN,
        "EBIT": NaN,
        "Net Interest Income": -37000000.0,
        "Normalized Income": NaN,
        "Net Income From Continuing And Discontinued Operation": NaN,
        "Total Expenses": 4740000000.0,
        "Total Operating Income As Reported": NaN,
        "Diluted Average Shares": NaN,
        "Basic Average Shares": NaN,
        "Diluted EPS": NaN,
        "Basic EPS": NaN,
        "Diluted NI Availto Com Stockholders": NaN,
        "Net Income Common Stockholders": NaN,
        "Net Income": NaN,
        "Minority Interests": 6000000.0,
        "Net Income Including Noncontrolling Interests": NaN,
        "Net Income Discontinuous Operations": NaN,
        "Net Income Continuous Operations": NaN,
        "Tax Provision": 46000000.0,
        "Pretax Income": NaN,
        "Other Income Expense": -25000000.0,
        "Earnings From Equity Interest": -25000000.0,
        "Net Non Operating Interest Income Expense": -37000000.0,
        "Total Other Finance Cost": 37000000.0,
        "Operating Income": NaN,
        "Operating Expense": 1684000000.0,
        "Other Operating Expenses": -107000000.0,
        "Research And Development": NaN,
        "Selling General And Administration": NaN,
        "Gross Profit": 1926000000.0,
        "Cost Of Revenue": 3056000000.0,
        "Total Revenue": NaN,
        "Operating Revenue": NaN
    },
    "2023-12-31": {
        "Tax Effect Of Unusual Items": NaN,
        "Tax Rate For Calcs": NaN,
        "Normalized EBITDA": NaN,
        "Net Income From Continuing Operation Net Minority Interest": NaN,
        "Reconciled Depreciation": 282000000.0,
        "Reconciled Cost Of Revenue": 3321000000.0,
        "EBITDA": NaN,
        "EBIT": NaN,
        "Net Interest Income": 152000000.0,
        "Normalized Income": NaN,
        "Net Income From Continuing And Discontinued Operation": NaN,
        "Total Expenses": 5352000000.0,
        "Total Operating Income As Reported": NaN,
        "Diluted Average Shares": NaN,
        "Basic Average Shares": NaN,
        "Diluted EPS": NaN,
        "Basic EPS": NaN,
        "Diluted NI Availto Com Stockholders": NaN,
        "Net Income Common Stockholders": NaN,
        "Net Income": NaN,
        "Minority Interests": -10000000.0,
        "Net Income Including Noncontrolling Interests": NaN,
        "Net Income Discontinuous Operations": NaN,
        "Net Income Continuous Operations": NaN,
        "Tax Provision": 552000000.0,
        "Pretax Income": NaN,
        "Other Income Expense": 5000000.0,
        "Earnings From Equity Interest": 4000000.0,
        "Net Non Operating Interest Income Expense": 152000000.0,
        "Total Other Finance Cost": -103000000.0,
        "Operating Income": NaN,
        "Operating Expense": 2031000000.0,
        "Other Operating Expenses": 148000000.0,
        "Research And Development": NaN,
        "Selling General And Administration": NaN,
        "Gross Profit": 2386000000.0,
        "Cost Of Revenue": 3321000000.0,
        "Total Revenue": NaN,
        "Operating Revenue": NaN
    },
    "2024-03-31": {
        "Tax Effect Of Unusual Items": NaN,
        "Tax Rate For Calcs": NaN,
        "Normalized EBITDA": NaN,
        "Net Income From Continuing Operation Net Minority Interest": NaN,
        "Reconciled Depreciation": 261000000.0,
        "Reconciled Cost Of Revenue": 2233000000.0,
        "EBITDA": NaN,
        "EBIT": NaN,
        "Net Interest Income": 57000000.0,
        "Normalized Income": NaN,
        "Net Income From Continuing And Discontinued Operation": NaN,
        "Total Expenses": 4039000000.0,
        "Total Operating Income As Reported": NaN,
        "Diluted Average Shares": NaN,
        "Basic Average Shares": NaN,
        "Diluted EPS": NaN,
        "Basic EPS": NaN,
        "Diluted NI Availto Com Stockholders": NaN,
        "Net Income Common Stockholders": NaN,
        "Net Income": NaN,
        "Minority Interests": -4000000.0,
        "Net Income Including Noncontrolling Interests": NaN,
        "Net Income Discontinuous Operations": NaN,
        "Net Income Continuous Operations": NaN,
        "Tax Provision": 12000000.0,
        "Pretax Income": NaN,
        "Other Income Expense": 1000000.0,
        "Earnings From Equity Interest": 1000000.0,
        "Net Non Operating Interest Income Expense": 57000000.0,
        "Total Other Finance Cost": -57000000.0,
        "Operating Income": NaN,
        "Operating Expense": 1806000000.0,
        "Other Operating Expenses": -12000000.0,
        "Research And Development": NaN,
        "Selling General And Administration": NaN,
        "Gross Profit": 2210000000.0,
        "Cost Of Revenue": 2233000000.0,
        "Total Revenue": NaN,
        "Operating Revenue": NaN
    },
    "2024-06-30": {
        "Tax Effect Of Unusual Items": NaN,
        "Tax Rate For Calcs": NaN,
        "Normalized EBITDA": NaN,
        "Net Income From Continuing Operation Net Minority Interest": NaN,
        "Reconciled Depreciation": 268000000.0,
        "Reconciled Cost Of Revenue": 2530000000.0,
        "EBITDA": NaN,
        "EBIT": NaN,
        "Net Interest Income": 27000000.0,
        "Normalized Income": NaN,
        "Net Income From Continuing And Discontinued Operation": NaN,
        "Total Expenses": 4034000000.0,
        "Total Operating Income As Reported": NaN,
        "Diluted Average Shares": NaN,
        "Basic Average Shares": NaN,
        "Diluted EPS": NaN,
        "Basic EPS": NaN,
        "Diluted NI Availto Com Stockholders": NaN,
        "Net Income Common Stockholders": NaN,
        "Net Income": NaN,
        "Minority Interests": -3000000.0,
        "Net Income Including Noncontrolling Interests": NaN,
        "Net Income Discontinuous Operations": NaN,
        "Net Income Continuous Operations": NaN,
        "Tax Provision": 92000000.0,
        "Pretax Income": NaN,
        "Other Income Expense": 3000000.0,
        "Earnings From Equity Interest": 3000000.0,
        "Net Non Operating Interest Income Expense": 27000000.0,
        "Total Other Finance Cost": -27000000.0,
        "Operating Income": NaN,
        "Operating Expense": 1504000000.0,
        "Other Operating Expenses": -345000000.0,
        "Research And Development": NaN,
        "Selling General And Administration": NaN,
        "Gross Profit": 1936000000.0,
        "Cost Of Revenue": 2530000000.0,
        "Total Revenue": NaN,
        "Operating Revenue": NaN
    },
    "2024-09-30": {
        "Tax Effect Of Unusual Items": 0.0,
        "Tax Rate For Calcs": 0.3379,
        "Normalized EBITDA": 519000000.0,
        "Net Income From Continuing Operation Net Minority Interest": 138000000.0,
        "Reconciled Depreciation": NaN,
        "Reconciled Cost Of Revenue": NaN,
        "EBITDA": 519000000.0,
        "EBIT": 279000000.0,
        "Net Interest Income": NaN,
        "Normalized Income": 138000000.0,
        "Net Income From Continuing And Discontinued Operation": 169000000.0,
        "Total Expenses": NaN,
        "Total Operating Income As Reported": 278000000.0,
        "Diluted Average Shares": NaN,
        "Basic Average Shares": NaN,
        "Diluted EPS": NaN,
        "Basic EPS": NaN,
        "Diluted NI Availto Com Stockholders": 169000000.0,
        "Net Income Common Stockholders": 169000000.0,
        "Net Income": 169000000.0,
        "Minority Interests": NaN,
        "Net Income Including Noncontrolling Interests": 175000000.0,
        "Net Income Discontinuous Operations": 31000000.0,
        "Net Income Continuous Operations": 145000000.0,
        "Tax Provision": NaN,
        "Pretax Income": 219000000.0,
        "Other Income Expense": NaN,
        "Earnings From Equity Interest": NaN,
        "Net Non Operating Interest Income Expense": NaN,
        "Total Other Finance Cost": NaN,
        "Operating Income": 279000000.0,
        "Operating Expense": NaN,
        "Other Operating Expenses": NaN,
        "Research And Development": 1116000000.0,
        "Selling General And Administration": 688000000.0,
        "Gross Profit": NaN,
        "Cost Of Revenue": NaN,
        "Total Revenue": 4326000000.0,
        "Operating Revenue": 4326000000.0
    },
    "2024-12-31": {
        "Tax Effect Of Unusual Items": 0.0,
        "Tax Rate For Calcs": 0.2,
        "Normalized EBITDA": 1336000000.0,
        "Net Income From Continuing Operation Net Minority Interest": 739000000.0,
        "Reconciled Depreciation": NaN,
        "Reconciled Cost Of Revenue": NaN,
        "EBITDA": 1336000000.0,
        "EBIT": 1336000000.0,
        "Net Interest Income": NaN,
        "Normalized Income": 739000000.0,
        "Net Income From Continuing And Discontinued Operation": 806000000.0,
        "Total Expenses": NaN,
        "Total Operating Income As Reported": 917000000.0,
        "Diluted Average Shares": 5479277000.0,
        "Basic Average Shares": 5404633000.0,
        "Diluted EPS": 0.15,
        "Basic EPS": 0.15,
        "Diluted NI Availto Com Stockholders": 806000000.0,
        "Net Income Common Stockholders": 806000000.0,
        "Net Income": 806000000.0,
        "Minority Interests": NaN,
        "Net Income Including Noncontrolling Interests": 813000000.0,
        "Net Income Discontinuous Operations": 67000000.0,
        "Net Income Continuous Operations": 746000000.0,
        "Tax Provision": NaN,
        "Pretax Income": 1126000000.0,
        "Other Income Expense": NaN,
        "Earnings From Equity Interest": NaN,
        "Net Non Operating Interest Income Expense": NaN,
        "Total Other Finance Cost": NaN,
        "Operating Income": 490000000.0,
        "Operating Expense": NaN,
        "Other Operating Expenses": NaN,
        "Research And Development": 1136000000.0,
        "Selling General And Administration": 789000000.0,
        "Gross Profit": NaN,
        "Cost Of Revenue": NaN,
        "Total Revenue": 5984000000.0,
        "Operating Revenue": 5984000000.0
    },
    "2025-03-31": {
        "Tax Effect Of Unusual Items": 0.0,
        "Tax Rate For Calcs": 0.2,
        "Normalized EBITDA": 216000000.0,
        "Net Income From Continuing Operation Net Minority Interest": -59000000.0,
        "Reconciled Depreciation": 264000000.0,
        "Reconciled Cost Of Revenue": 2566000000.0,
        "EBITDA": 216000000.0,
        "EBIT": -48000000.0,
        "Net Interest Income": 11000000.0,
        "Normalized Income": -59000000.0,
        "Net Income From Continuing And Discontinued Operation": -59000000.0,
        "Total Expenses": 4438000000.0,
        "Total Operating Income As Reported": -48000000.0,
        "Diluted Average Shares": 5379665000.0,
        "Basic Average Shares": 5379665000.0,
        "Diluted EPS": -0.01,
        "Basic EPS": -0.01,
        "Diluted NI Availto Com Stockholders": -59000000.0,
        "Net Income Common Stockholders": -59000000.0,
        "Net Income": -59000000.0,
        "Minority Interests": 0.0,
        "Net Income Including Noncontrolling Interests": -60000000.0,
        "Net Income Discontinuous Operations": 0.0,
        "Net Income Continuous Operations": -60000000.0,
        "Tax Provision": 23000000.0,
        "Pretax Income": -36000000.0,
        "Other Income Expense": 1000000.0,
        "Earnings From Equity Interest": 1000000.0,
        "Net Non Operating Interest Income Expense": 11000000.0,
        "Total Other Finance Cost": -11000000.0,
        "Operating Income": -48000000.0,
        "Operating Expense": 1872000000.0,
        "Other Operating Expenses": -1000000.0,
        "Research And Development": 1145000000.0,
        "Selling General And Administration": 728000000.0,
        "Gross Profit": 1824000000.0,
        "Cost Of Revenue": 2566000000.0,
        "Total Revenue": 4390000000.0,
        "Operating Revenue": 4390000000.0
    },
    "2025-06-30": {
        "Tax Effect Of Unusual Items": 0.0,
        "Tax Rate For Calcs": 0.325203,
        "Normalized EBITDA": 365000000.0,
        "Net Income From Continuing Operation Net Minority Interest": 77000000.0,
        "Reconciled Depreciation": 285000000.0,
        "Reconciled Cost Of Revenue": 2575000000.0,
        "EBITDA": 365000000.0,
        "EBIT": 80000000.0,
        "Net Interest Income": 34000000.0,
        "Normalized Income": 77000000.0,
        "Net Income From Continuing And Discontinued Operation": 90000000.0,
        "Total Expenses": 4466000000.0,
        "Total Operating Income As Reported": 81000000.0,
        "Diluted Average Shares": 5491808000.0,
        "Basic Average Shares": 5378143000.0,
        "Diluted EPS": 0.02,
        "Basic EPS": 0.02,
        "Diluted NI Availto Com Stockholders": 90000000.0,
        "Net Income Common Stockholders": 90000000.0,
        "Net Income": 90000000.0,
        "Minority Interests": -6000000.0,
        "Net Income Including Noncontrolling Interests": 96000000.0,
        "Net Income Discontinuous Operations": 13000000.0,
        "Net Income Continuous Operations": 83000000.0,
        "Tax Provision": 40000000.0,
        "Pretax Income": 123000000.0,
        "Other Income Expense": 8000000.0,
        "Earnings From Equity Interest": 8000000.0,
        "Net Non Operating Interest Income Expense": 34000000.0,
        "Total Other Finance Cost": -34000000.0,
        "Operating Income": 80000000.0,
        "Operating Expense": 1891000000.0,
        "Other Operating Expenses": -14000000.0,
        "Research And Development": 1161000000.0,
        "Selling General And Administration": 744000000.0,
        "Gross Profit": 1971000000.0,
        "Cost Of Revenue": 2575000000.0,
        "Total Revenue": 4546000000.0,
        "Operating Revenue": 4546000000.0
    },
    "2025-09-30": {
        "Tax Effect Of Unusual Items": 0.0,
        "Tax Rate For Calcs": 0.2,
        "Normalized EBITDA": 525000000.0,
        "Net Income From Continuing Operation Net Minority Interest": 78000000.0,
        "Reconciled Depreciation": 286000000.0,
        "Reconciled Cost Of Revenue": 2718000000.0,
        "EBITDA": 525000000.0,
        "EBIT": 239000000.0,
        "Net Interest Income": -15000000.0,
        "Normalized Income": 78000000.0,
        "Net Income From Continuing And Discontinued Operation": 78000000.0,
        "Total Expenses": 4589000000.0,
        "Total Operating Income As Reported": 239000000.0,
        "Diluted Average Shares": 5488578000.0,
        "Basic Average Shares": 5400892000.0,
        "Diluted EPS": 0.01,
        "Basic EPS": 0.01,
        "Diluted NI Availto Com Stockholders": 78000000.0,
        "Net Income Common Stockholders": 78000000.0,
        "Net Income": 78000000.0,
        "Minority Interests": -1000000.0,
        "Net Income Including Noncontrolling Interests": 80000000.0,
        "Net Income Discontinuous Operations": 0.0,
        "Net Income Continuous Operations": 80000000.0,
        "Tax Provision": 150000000.0,
        "Pretax Income": 229000000.0,
        "Other Income Expense": 5000000.0,
        "Earnings From Equity Interest": 5000000.0,
        "Net Non Operating Interest Income Expense": -15000000.0,
        "Total Other Finance Cost": 15000000.0,
        "Operating Income": 239000000.0,
        "Operating Expense": 1871000000.0,
        "Other Operating Expenses": -32000000.0,
        "Research And Development": 1174000000.0,
        "Selling General And Administration": 729000000.0,
        "Gross Profit": 2110000000.0,
        "Cost Of Revenue": 2718000000.0,
        "Total Revenue": 4828000000.0,
        "Operating Revenue": 4828000000.0
    },
    "2025-12-31": {
        "Tax Effect Of Unusual Items": NaN,
        "Tax Rate For Calcs": NaN,
        "Normalized EBITDA": NaN,
        "Net Income From Continuing Operation Net Minority Interest": NaN,
        "Reconciled Depreciation": NaN,
        "Reconciled Cost Of Revenue": NaN,
        "EBITDA": NaN,
        "EBIT": NaN,
        "Net Interest Income": NaN,
        "Normalized Income": NaN,
        "Net Income From Continuing And Discontinued Operation": NaN,
        "Total Expenses": NaN,
        "Total Operating Income As Reported": NaN,
        "Diluted Average Shares": 5616280000.0,
        "Basic Average Shares": 5503605000.0,
        "Diluted EPS": 0.1,
        "Basic EPS": 0.1,
        "Diluted NI Availto Com Stockholders": NaN,
        "Net Income Common Stockholders": NaN,
        "Net Income": NaN,
        "Minority Interests": NaN,
        "Net Income Including Noncontrolling Interests": NaN,
        "Net Income Discontinuous Operations": NaN,
        "Net Income Continuous Operations": NaN,
        "Tax Provision": NaN,
        "Pretax Income": NaN,
        "Other Income Expense": NaN,
        "Earnings From Equity Interest": NaN,
        "Net Non Operating Interest Income Expense": NaN,
        "Total Other Finance Cost": NaN,
        "Operating Income": NaN,
        "Operating Expense": NaN,
        "Other Operating Expenses": NaN,
        "Research And Development": NaN,
        "Selling General And Administration": NaN,
        "Gross Profit": NaN,
        "Cost Of Revenue": NaN,
        "Total Revenue": NaN,
        "Operating Revenue": NaN
    }
}