{
    "2023-03-31": {
        "Tax Effect Of Unusual Items": -376380.0,
        "Tax Rate For Calcs": 0.204,
        "Normalized EBITDA": 13255000.0,
        "Total Unusual Items": -1845000.0,
        "Total Unusual Items Excluding Goodwill": -1845000.0,
        "Net Income From Continuing Operation Net Minority Interest": -9994000.0,
        "Reconciled Depreciation": 12990000.0,
        "Reconciled Cost Of Revenue": 102729000.0,
        "EBITDA": 11410000.0,
        "EBIT": -1580000.0,
        "Net Interest Income": -10515000.0,
        "Interest Expense": 10515000.0,
        "Normalized Income": -8525380.0,
        "Net Income From Continuing And Discontinued Operation": -9994000.0,
        "Total Expenses": 151743000.0,
        "Total Operating Income As Reported": -2125000.0,
        "Diluted Average Shares": 25687000.0,
        "Basic Average Shares": 25687000.0,
        "Diluted EPS": -0.39,
        "Basic EPS": -0.39,
        "Diluted NI Availto Com Stockholders": -9994000.0,
        "Net Income Common Stockholders": -9994000.0,
        "Net Income": -9994000.0,
        "Minority Interests": -365000.0,
        "Net Income Including Noncontrolling Interests": -9629000.0,
        "Net Income Continuous Operations": -9629000.0,
        "Tax Provision": -2466000.0,
        "Pretax Income": -12095000.0,
        "Other Income Expense": -1300000.0,
        "Other Non Operating Income Expenses": 545000.0,
        "Special Income Charges": -1845000.0,
        "Impairment Of Capital Assets": 0.0,
        "Restructuring And Mergern Acquisition": 1845000.0,
        "Net Non Operating Interest Income Expense": -10515000.0,
        "Interest Expense Non Operating": 10515000.0,
        "Operating Income": -280000.0,
        "Operating Expense": 49014000.0,
        "Other Operating Expenses": 2967000.0,
        "Depreciation Amortization Depletion Income Statement": 12990000.0,
        "Depreciation And Amortization In Income Statement": 12990000.0,
        "Amortization": 12990000.0,
        "Amortization Of Intangibles Income Statement": 12990000.0,
        "Selling General And Administration": 33057000.0,
        "Selling And Marketing Expense": 4764000.0,
        "General And Administrative Expense": 28293000.0,
        "Other Gand A": 28293000.0,
        "Gross Profit": 48734000.0,
        "Cost Of Revenue": 102729000.0,
        "Total Revenue": 151463000.0,
        "Operating Revenue": 151463000.0
    },
    "2022-12-31": {
        "Tax Effect Of Unusual Items": -10480480.0,
        "Tax Rate For Calcs": 0.155,
        "Normalized EBITDA": -11577000.0,
        "Total Unusual Items": -67616000.0,
        "Total Unusual Items Excluding Goodwill": -67616000.0,
        "Net Income From Continuing Operation Net Minority Interest": -87323000.0,
        "Reconciled Depreciation": 13263000.0,
        "Reconciled Cost Of Revenue": 97264000.0,
        "EBITDA": -79193000.0,
        "EBIT": -92456000.0,
        "Net Interest Income": -10450000.0,
        "Interest Expense": 10450000.0,
        "Normalized Income": -30187480.0,
        "Net Income From Continuing And Discontinued Operation": -87323000.0,
        "Total Expenses": 145716000.0,
        "Total Operating Income As Reported": -90578000.0,
        "Diluted Average Shares": 25603000.0,
        "Basic Average Shares": 25603000.0,
        "Diluted EPS": -3.41,
        "Basic EPS": -3.41,
        "Diluted NI Availto Com Stockholders": -87323000.0,
        "Net Income Common Stockholders": -87323000.0,
        "Net Income": -87323000.0,
        "Minority Interests": -391000.0,
        "Net Income Including Noncontrolling Interests": -86932000.0,
        "Net Income Continuous Operations": -86932000.0,
        "Tax Provision": 15974000.0,
        "Pretax Income": -102906000.0,
        "Other Income Expense": -69494000.0,
        "Other Non Operating Income Expenses": -1878000.0,
        "Special Income Charges": -67616000.0,
        "Impairment Of Capital Assets": 66367000.0,
        "Restructuring And Mergern Acquisition": 1249000.0,
        "Net Non Operating Interest Income Expense": -10450000.0,
        "Interest Expense Non Operating": 10450000.0,
        "Operating Income": -22962000.0,
        "Operating Expense": 48452000.0,
        "Other Operating Expenses": 2390000.0,
        "Depreciation Amortization Depletion Income Statement": 13263000.0,
        "Depreciation And Amortization In Income Statement": 13263000.0,
        "Amortization": 13263000.0,
        "Amortization Of Intangibles Income Statement": 13263000.0,
        "Selling General And Administration": 32799000.0,
        "Selling And Marketing Expense": 4501000.0,
        "General And Administrative Expense": 28298000.0,
        "Other Gand A": 28298000.0,
        "Gross Profit": 25490000.0,
        "Cost Of Revenue": 97264000.0,
        "Total Revenue": 122754000.0,
        "Operating Revenue": 122754000.0
    },
    "2022-09-30": {
        "Tax Effect Of Unusual Items": -8937994.676587,
        "Tax Rate For Calcs": 0.037872,
        "Normalized EBITDA": 9129000.0,
        "Total Unusual Items": -236005000.0,
        "Total Unusual Items Excluding Goodwill": -236005000.0,
        "Net Income From Continuing Operation Net Minority Interest": -244156000.0,
        "Reconciled Depreciation": 17457000.0,
        "Reconciled Cost Of Revenue": 103008000.0,
        "EBITDA": -226876000.0,
        "EBIT": -244333000.0,
        "Net Interest Income": -8888000.0,
        "Interest Expense": 8888000.0,
        "Normalized Income": -17088994.676587,
        "Net Income From Continuing And Discontinued Operation": -244156000.0,
        "Total Expenses": 156927000.0,
        "Total Operating Income As Reported": -242466000.0,
        "Diluted Average Shares": 25590000.0,
        "Basic Average Shares": 25590000.0,
        "Diluted EPS": -9.54,
        "Basic EPS": -9.54,
        "Diluted NI Availto Com Stockholders": -244156000.0,
        "Net Income Common Stockholders": -244156000.0,
        "Net Income": -244156000.0,
        "Minority Interests": -525000.0,
        "Net Income Including Noncontrolling Interests": -243631000.0,
        "Net Income Continuous Operations": -243631000.0,
        "Tax Provision": -9590000.0,
        "Pretax Income": -253221000.0,
        "Other Income Expense": -237872000.0,
        "Other Non Operating Income Expenses": -1867000.0,
        "Special Income Charges": -236005000.0,
        "Impairment Of Capital Assets": 236005000.0,
        "Restructuring And Mergern Acquisition": 5248000.0,
        "Net Non Operating Interest Income Expense": -8888000.0,
        "Interest Expense Non Operating": 8888000.0,
        "Operating Income": -6461000.0,
        "Operating Expense": 48686000.0,
        "Other Operating Expenses": 5814000.0,
        "Depreciation Amortization Depletion Income Statement": 12224000.0,
        "Depreciation And Amortization In Income Statement": 12224000.0,
        "Amortization": 12224000.0,
        "Amortization Of Intangibles Income Statement": 12224000.0,
        "Selling General And Administration": 30648000.0,
        "Selling And Marketing Expense": 4463000.0,
        "General And Administrative Expense": 26185000.0,
        "Other Gand A": 26185000.0,
        "Gross Profit": 42225000.0,
        "Cost Of Revenue": 108241000.0,
        "Total Revenue": 150466000.0,
        "Operating Revenue": 150466000.0
    },
    "2022-06-30": {
        "Tax Effect Of Unusual Items": 0.0,
        "Tax Rate For Calcs": 0.4,
        "Normalized EBITDA": 21228000.0,
        "Total Unusual Items": -8543000.0,
        "Total Unusual Items Excluding Goodwill": -8543000.0,
        "Net Income From Continuing Operation Net Minority Interest": -3728000.0,
        "Reconciled Depreciation": 16001000.0,
        "Reconciled Cost Of Revenue": 114583000.0,
        "EBITDA": 21228000.0,
        "EBIT": 5227000.0,
        "Net Interest Income": -8441000.0,
        "Interest Expense": 8441000.0,
        "Normalized Income": -3728000.0,
        "Net Income From Continuing And Discontinued Operation": -3728000.0,
        "Total Expenses": 167879000.0,
        "Total Operating Income As Reported": 4787000.0,
        "Diluted Average Shares": 25510000.0,
        "Basic Average Shares": 25510000.0,
        "Diluted EPS": -0.15,
        "Basic EPS": -0.15,
        "Diluted NI Availto Com Stockholders": -3728000.0,
        "Net Income Common Stockholders": -3728000.0,
        "Net Income": -3728000.0,
        "Minority Interests": -172000.0,
        "Net Income Including Noncontrolling Interests": -3556000.0,
        "Net Income Continuous Operations": -3556000.0,
        "Tax Provision": 342000.0,
        "Pretax Income": -3214000.0,
        "Other Income Expense": 440000.0,
        "Other Non Operating Income Expenses": 440000.0,
        "Special Income Charges": -8543000.0,
        "Impairment Of Capital Assets": NaN,
        "Restructuring And Mergern Acquisition": 8543000.0,
        "Net Non Operating Interest Income Expense": -8441000.0,
        "Interest Expense Non Operating": 8441000.0,
        "Operating Income": 4787000.0,
        "Operating Expense": 46149000.0,
        "Other Operating Expenses": 10841000.0,
        "Depreciation Amortization Depletion Income Statement": 8854000.0,
        "Depreciation And Amortization In Income Statement": 8854000.0,
        "Amortization": 8854000.0,
        "Amortization Of Intangibles Income Statement": 8854000.0,
        "Selling General And Administration": 26454000.0,
        "Selling And Marketing Expense": 4802000.0,
        "General And Administrative Expense": 21652000.0,
        "Other Gand A": 21652000.0,
        "Gross Profit": 50936000.0,
        "Cost Of Revenue": 121730000.0,
        "Total Revenue": 172666000.0,
        "Operating Revenue": 172666000.0
    },
    "2022-03-31": {
        "Diluted EPS": -0.24,
        "Total Revenue": 140,
        "Gross Profit": 45,
        "Operating Income": 8,
        "EBIT": 19,
        "Net Income": -6
    },
    "2021-12-31": {
        "Diluted EPS": -3.93,
        "Total Revenue": 84,
        "Gross Profit": 19,
        "Operating Income": -34,
        "EBIT": -28,
        "Net Income": -83
    },
    "2021-09-30": {
        "Diluted EPS": 0.11,
        "Total Revenue": 30,
        "Gross Profit": 10,
        "Operating Income": -3,
        "EBIT": -1,
        "Net Income": 9
    },
    "2021-06-30": {
        "Diluted EPS": 0.17,
        "Total Revenue": 23,
        "Gross Profit": 8,
        "Operating Income": -2,
        "EBIT": 0,
        "Net Income": 3
    },
    "2021-03-31": {
        "Diluted EPS": -0.06,
        "Total Revenue": 19,
        "Gross Profit": 6,
        "Operating Income": -1,
        "EBIT": 1,
        "Net Income": -1
    },
    "2020-12-31": {
        "Diluted EPS": -0.03,
        "Total Revenue": 18,
        "Gross Profit": 6,
        "Operating Income": 0,
        "EBIT": 1,
        "Net Income": 0
    },
    "2020-09-30": {
        "Diluted EPS": -0.17,
        "Total Revenue": 16,
        "Gross Profit": 5,
        "Operating Income": -1,
        "EBIT": 0,
        "Net Income": -2
    },
    "2020-06-30": {
        "Diluted EPS": -0.08,
        "Total Revenue": 16,
        "Gross Profit": 5,
        "Operating Income": 0,
        "EBIT": 1,
        "Net Income": -1
    },
    "2020-03-31": {
        "Diluted EPS": -0.05,
        "Total Revenue": 16,
        "Gross Profit": 5,
        "Operating Income": 0,
        "EBIT": 1,
        "Net Income": -1
    },
    "2019-12-31": {
        "Diluted EPS": -0.13,
        "Total Revenue": 13,
        "Gross Profit": 3,
        "Operating Income": -1,
        "EBIT": 0,
        "Net Income": -1
    },
    "2019-09-30": {
        "Diluted EPS": 0.03,
        "Total Revenue": 15,
        "Gross Profit": 6,
        "Operating Income": 1,
        "EBIT": 1,
        "Net Income": 0
    },
    "2019-06-30": {
        "Diluted EPS": -0.04,
        "Total Revenue": 11,
        "Gross Profit": 3,
        "Operating Income": 0,
        "EBIT": 0,
        "Net Income": 0
    },
    "2019-03-31": {
        "Diluted EPS": -0.06,
        "Total Revenue": 9,
        "Gross Profit": 3,
        "Operating Income": 0,
        "EBIT": 0,
        "Net Income": -1
    },
    "2018-12-31": {
        "Diluted EPS": -0.01,
        "Total Revenue": 9,
        "Gross Profit": 2,
        "Operating Income": 0,
        "EBIT": 1,
        "Net Income": 0
    },
    "2018-09-30": {
        "Diluted EPS": -0.02,
        "Total Revenue": 9,
        "Gross Profit": 3,
        "Operating Income": 0,
        "EBIT": 1,
        "Net Income": 0
    },
    "2018-06-30": {
        "Diluted EPS": -0.01,
        "Total Revenue": 6,
        "Gross Profit": 2,
        "Operating Income": 0,
        "EBIT": 0,
        "Net Income": 0
    },
    "2018-03-31": {
        "Diluted EPS": 0.01,
        "Total Revenue": 6,
        "Gross Profit": 2,
        "Operating Income": 0,
        "EBIT": 0,
        "Net Income": 0
    },
    "2017-12-31": {
        "Diluted EPS": 0.0,
        "Total Revenue": 5,
        "Gross Profit": 2,
        "Operating Income": 0,
        "EBIT": 0,
        "Net Income": 0
    },
    "2017-09-30": {
        "Diluted EPS": 0.02,
        "Total Revenue": 6,
        "Gross Profit": 2,
        "Operating Income": 0,
        "EBIT": 1,
        "Net Income": 0
    },
    "2017-06-30": {
        "Diluted EPS": 0.03,
        "Total Revenue": 6,
        "Gross Profit": 2,
        "Operating Income": 0,
        "EBIT": 1,
        "Net Income": 0
    },
    "2017-03-31": {
        "Diluted EPS": 0.05,
        "Total Revenue": 6,
        "Gross Profit": 2,
        "Operating Income": 1,
        "EBIT": 1,
        "Net Income": 0
    },
    "2016-12-31": {
        "Diluted EPS": 0.0,
        "Total Revenue": 6,
        "Gross Profit": 2,
        "Operating Income": 0,
        "EBIT": 0,
        "Net Income": 0
    },
    "2016-09-30": {
        "Diluted EPS": -0.26,
        "Total Revenue": 5,
        "Gross Profit": 1,
        "Operating Income": -2,
        "EBIT": 0,
        "Net Income": -2
    },
    "2016-06-30": {
        "Diluted EPS": -0.05,
        "Total Revenue": 5,
        "Gross Profit": 1,
        "Operating Income": 0,
        "EBIT": 0,
        "Net Income": 0
    },
    "2016-03-31": {
        "Diluted EPS": -0.03,
        "Total Revenue": 5,
        "Gross Profit": 1,
        "Operating Income": 0,
        "EBIT": 0,
        "Net Income": 0
    },
    "2015-12-31": {
        "Diluted EPS": -0.06,
        "Total Revenue": 5,
        "Gross Profit": 1,
        "Operating Income": -1,
        "EBIT": 0,
        "Net Income": -1
    },
    "2015-09-30": {
        "Diluted EPS": -0.09,
        "Total Revenue": 5,
        "Gross Profit": 1,
        "Operating Income": -1,
        "EBIT": 0,
        "Net Income": -1
    },
    "2015-06-30": {
        "Diluted EPS": 0.16,
        "Total Revenue": 6,
        "Gross Profit": 2,
        "Operating Income": 2,
        "EBIT": 2,
        "Net Income": 1
    },
    "2015-03-31": {
        "Diluted EPS": -0.01,
        "Total Revenue": 6,
        "Gross Profit": 2,
        "Operating Income": 0,
        "EBIT": 0,
        "Net Income": 0
    },
    "2014-12-31": {
        "Diluted EPS": 0.01,
        "Total Revenue": 6,
        "Gross Profit": 2,
        "Operating Income": 0,
        "EBIT": 1,
        "Net Income": 0
    },
    "2014-09-30": {
        "Diluted EPS": -0.03,
        "Total Revenue": 6,
        "Gross Profit": 2,
        "Operating Income": 0,
        "EBIT": 0,
        "Net Income": 0
    },
    "2014-06-30": {
        "Diluted EPS": 0.02,
        "Total Revenue": 6,
        "Gross Profit": 2,
        "Operating Income": 0,
        "EBIT": 1,
        "Net Income": 0
    },
    "2014-03-31": {
        "Diluted EPS": -0.03,
        "Total Revenue": 6,
        "Gross Profit": 2,
        "Operating Income": 0,
        "EBIT": 1,
        "Net Income": 0
    },
    "2013-12-31": {
        "Diluted EPS": -0.09,
        "Total Revenue": 6,
        "Gross Profit": 2,
        "Operating Income": 0,
        "EBIT": 1,
        "Net Income": -1
    },
    "2013-09-30": {
        "Diluted EPS": 0.03,
        "Total Revenue": 6,
        "Gross Profit": 2,
        "Operating Income": 0,
        "EBIT": 1,
        "Net Income": 0
    },
    "2013-06-30": {
        "Diluted EPS": 0.07,
        "Total Revenue": 6,
        "Gross Profit": 2,
        "Operating Income": 0,
        "EBIT": 1,
        "Net Income": 1
    },
    "2013-03-31": {
        "Diluted EPS": -0.04,
        "Total Revenue": 5,
        "Gross Profit": 1,
        "Operating Income": 0,
        "EBIT": 0,
        "Net Income": 0
    },
    "2012-12-31": {
        "Diluted EPS": 0.03,
        "Total Revenue": 6,
        "Gross Profit": 2,
        "Operating Income": 0,
        "EBIT": 1,
        "Net Income": 0
    },
    "2012-09-30": {
        "Diluted EPS": -0.37,
        "Total Revenue": 7,
        "Gross Profit": 2,
        "Operating Income": -2,
        "EBIT": -2,
        "Net Income": -3
    },
    "2012-06-30": {
        "Diluted EPS": -0.03,
        "Total Revenue": 7,
        "Gross Profit": 2,
        "Operating Income": -1,
        "EBIT": 0,
        "Net Income": 0
    },
    "2012-03-31": {
        "Diluted EPS": -0.26,
        "Total Revenue": 7,
        "Gross Profit": 1,
        "Operating Income": -2,
        "EBIT": -1,
        "Net Income": -2
    },
    "2011-12-31": {
        "Diluted EPS": -0.22,
        "Total Revenue": 8,
        "Gross Profit": 1,
        "Operating Income": -1,
        "EBIT": -1,
        "Net Income": -2
    },
    "2011-09-30": {
        "Diluted EPS": -0.17,
        "Total Revenue": 8,
        "Gross Profit": 2,
        "Operating Income": 0,
        "EBIT": 0,
        "Net Income": -1
    },
    "2011-06-30": {
        "Diluted EPS": -0.65,
        "Total Revenue": 8,
        "Gross Profit": 3,
        "Operating Income": 0,
        "EBIT": 1,
        "Net Income": -4
    },
    "2011-03-31": {
        "Diluted EPS": 0.1,
        "Total Revenue": 8,
        "Gross Profit": 3,
        "Operating Income": 1,
        "EBIT": 1,
        "Net Income": 0
    },
    "2010-12-31": {
        "Diluted EPS": 0.06,
        "Total Revenue": 8,
        "Gross Profit": 3,
        "Operating Income": 1,
        "EBIT": 1,
        "Net Income": 0
    },
    "2010-09-30": {
        "Diluted EPS": -0.06,
        "Total Revenue": 7,
        "Gross Profit": 2,
        "Operating Income": 0,
        "EBIT": 1,
        "Net Income": 0
    },
    "2010-06-30": {
        "Diluted EPS": 0.06,
        "Total Revenue": 8,
        "Gross Profit": 3,
        "Operating Income": 1,
        "EBIT": 1,
        "Net Income": 0
    },
    "2010-03-31": {
        "Diluted EPS": -0.25,
        "Total Revenue": 7,
        "Gross Profit": 1,
        "Operating Income": -1,
        "EBIT": -1,
        "Net Income": -1
    },
    "2009-12-31": {
        "Diluted EPS": -0.3,
        "Total Revenue": 6,
        "Gross Profit": 1,
        "Operating Income": -1,
        "EBIT": -1,
        "Net Income": -1
    },
    "2009-09-30": {
        "Diluted EPS": -0.29,
        "Total Revenue": 9,
        "Gross Profit": 3,
        "Operating Income": 0,
        "EBIT": 1,
        "Net Income": -1
    },
    "2009-06-30": {
        "Diluted EPS": -0.13,
        "Total Revenue": 8,
        "Gross Profit": 2,
        "Operating Income": -1,
        "EBIT": 0,
        "Net Income": -1
    },
    "2009-03-31": {
        "Diluted EPS": -0.37,
        "Total Revenue": 7,
        "Gross Profit": 1,
        "Operating Income": -2,
        "EBIT": -2,
        "Net Income": -2
    },
    "2023-06-30": {
        "Tax Effect Of Unusual Items": NaN,
        "Tax Rate For Calcs": NaN,
        "Normalized EBITDA": NaN,
        "Total Unusual Items": NaN,
        "Total Unusual Items Excluding Goodwill": NaN,
        "Net Income From Continuing Operation Net Minority Interest": NaN,
        "Reconciled Depreciation": NaN,
        "Reconciled Cost Of Revenue": NaN,
        "EBITDA": NaN,
        "EBIT": NaN,
        "Net Interest Income": NaN,
        "Interest Expense": NaN,
        "Normalized Income": NaN,
        "Net Income From Continuing And Discontinued Operation": NaN,
        "Total Expenses": NaN,
        "Total Operating Income As Reported": NaN,
        "Diluted Average Shares": 26021000.0,
        "Basic Average Shares": 25726000.0,
        "Diluted EPS": 0.07,
        "Basic EPS": 0.07,
        "Diluted NI Availto Com Stockholders": NaN,
        "Net Income Common Stockholders": NaN,
        "Net Income": NaN,
        "Minority Interests": NaN,
        "Net Income Including Noncontrolling Interests": NaN,
        "Net Income Continuous Operations": NaN,
        "Tax Provision": NaN,
        "Pretax Income": NaN,
        "Other Income Expense": NaN,
        "Other Non Operating Income Expenses": NaN,
        "Special Income Charges": NaN,
        "Impairment Of Capital Assets": NaN,
        "Restructuring And Mergern Acquisition": NaN,
        "Net Non Operating Interest Income Expense": NaN,
        "Interest Expense Non Operating": NaN,
        "Operating Income": NaN,
        "Operating Expense": NaN,
        "Other Operating Expenses": NaN,
        "Depreciation Amortization Depletion Income Statement": NaN,
        "Depreciation And Amortization In Income Statement": NaN,
        "Amortization": NaN,
        "Amortization Of Intangibles Income Statement": NaN,
        "Selling General And Administration": NaN,
        "Selling And Marketing Expense": NaN,
        "General And Administrative Expense": NaN,
        "Other Gand A": NaN,
        "Gross Profit": NaN,
        "Cost Of Revenue": NaN,
        "Total Revenue": NaN,
        "Operating Revenue": NaN
    },
    "2023-09-30": {
        "Tax Effect Of Unusual Items": NaN,
        "Tax Rate For Calcs": NaN,
        "Normalized EBITDA": NaN,
        "Total Unusual Items": NaN,
        "Total Unusual Items Excluding Goodwill": NaN,
        "Net Income From Continuing Operation Net Minority Interest": NaN,
        "Reconciled Depreciation": NaN,
        "Reconciled Cost Of Revenue": NaN,
        "EBITDA": NaN,
        "EBIT": NaN,
        "Net Interest Income": NaN,
        "Interest Expense": NaN,
        "Normalized Income": NaN,
        "Net Income From Continuing And Discontinued Operation": NaN,
        "Total Expenses": NaN,
        "Total Operating Income As Reported": NaN,
        "Diluted Average Shares": NaN,
        "Basic Average Shares": NaN,
        "Diluted EPS": NaN,
        "Basic EPS": NaN,
        "Diluted NI Availto Com Stockholders": NaN,
        "Net Income Common Stockholders": NaN,
        "Net Income": NaN,
        "Minority Interests": NaN,
        "Net Income Including Noncontrolling Interests": NaN,
        "Net Income Continuous Operations": NaN,
        "Tax Provision": NaN,
        "Pretax Income": NaN,
        "Other Income Expense": NaN,
        "Other Non Operating Income Expenses": NaN,
        "Special Income Charges": NaN,
        "Other Special Charges": NaN,
        "Impairment Of Capital Assets": 0.0,
        "Restructuring And Mergern Acquisition": NaN,
        "Net Non Operating Interest Income Expense": NaN,
        "Interest Expense Non Operating": NaN,
        "Operating Income": NaN,
        "Operating Expense": NaN,
        "Other Operating Expenses": NaN,
        "Depreciation Amortization Depletion Income Statement": NaN,
        "Depreciation And Amortization In Income Statement": NaN,
        "Amortization": NaN,
        "Amortization Of Intangibles Income Statement": NaN,
        "Selling General And Administration": NaN,
        "Selling And Marketing Expense": NaN,
        "General And Administrative Expense": NaN,
        "Other Gand A": NaN,
        "Gross Profit": NaN,
        "Cost Of Revenue": NaN,
        "Total Revenue": NaN,
        "Operating Revenue": NaN
    },
    "2023-12-31": {
        "Tax Effect Of Unusual Items": NaN,
        "Tax Rate For Calcs": NaN,
        "Normalized EBITDA": NaN,
        "Total Unusual Items": NaN,
        "Total Unusual Items Excluding Goodwill": NaN,
        "Net Income From Continuing Operation Net Minority Interest": NaN,
        "Reconciled Depreciation": NaN,
        "Reconciled Cost Of Revenue": NaN,
        "EBITDA": NaN,
        "EBIT": NaN,
        "Net Interest Income": NaN,
        "Interest Expense": NaN,
        "Normalized Income": NaN,
        "Net Income From Continuing And Discontinued Operation": NaN,
        "Total Expenses": NaN,
        "Total Operating Income As Reported": NaN,
        "Diluted Average Shares": NaN,
        "Basic Average Shares": NaN,
        "Diluted EPS": NaN,
        "Basic EPS": NaN,
        "Diluted NI Availto Com Stockholders": NaN,
        "Net Income Common Stockholders": NaN,
        "Net Income": NaN,
        "Minority Interests": NaN,
        "Net Income Including Noncontrolling Interests": NaN,
        "Net Income Continuous Operations": NaN,
        "Tax Provision": NaN,
        "Pretax Income": NaN,
        "Other Income Expense": NaN,
        "Other Non Operating Income Expenses": NaN,
        "Special Income Charges": NaN,
        "Other Special Charges": NaN,
        "Impairment Of Capital Assets": 0.0,
        "Restructuring And Mergern Acquisition": NaN,
        "Net Non Operating Interest Income Expense": NaN,
        "Interest Expense Non Operating": NaN,
        "Operating Income": NaN,
        "Operating Expense": NaN,
        "Other Operating Expenses": NaN,
        "Depreciation Amortization Depletion Income Statement": NaN,
        "Depreciation And Amortization In Income Statement": NaN,
        "Amortization": NaN,
        "Amortization Of Intangibles Income Statement": NaN,
        "Selling General And Administration": NaN,
        "Selling And Marketing Expense": NaN,
        "General And Administrative Expense": NaN,
        "Other Gand A": NaN,
        "Gross Profit": NaN,
        "Cost Of Revenue": NaN,
        "Total Revenue": NaN,
        "Operating Revenue": NaN
    },
    "2024-03-31": {
        "Tax Effect Of Unusual Items": NaN,
        "Tax Rate For Calcs": NaN,
        "Normalized EBITDA": NaN,
        "Total Unusual Items": NaN,
        "Total Unusual Items Excluding Goodwill": NaN,
        "Net Income From Continuing Operation Net Minority Interest": NaN,
        "Reconciled Depreciation": NaN,
        "Reconciled Cost Of Revenue": NaN,
        "EBITDA": NaN,
        "EBIT": NaN,
        "Net Interest Income": NaN,
        "Interest Expense": NaN,
        "Normalized Income": NaN,
        "Net Income From Continuing And Discontinued Operation": NaN,
        "Total Expenses": NaN,
        "Total Operating Income As Reported": NaN,
        "Diluted Average Shares": NaN,
        "Basic Average Shares": NaN,
        "Diluted EPS": NaN,
        "Basic EPS": NaN,
        "Diluted NI Availto Com Stockholders": NaN,
        "Net Income Common Stockholders": NaN,
        "Net Income": NaN,
        "Minority Interests": NaN,
        "Net Income Including Noncontrolling Interests": NaN,
        "Net Income Continuous Operations": NaN,
        "Tax Provision": NaN,
        "Pretax Income": NaN,
        "Other Income Expense": NaN,
        "Other Non Operating Income Expenses": NaN,
        "Special Income Charges": NaN,
        "Other Special Charges": 26500000.0,
        "Impairment Of Capital Assets": 0.0,
        "Restructuring And Mergern Acquisition": NaN,
        "Net Non Operating Interest Income Expense": NaN,
        "Interest Expense Non Operating": NaN,
        "Operating Income": NaN,
        "Operating Expense": NaN,
        "Other Operating Expenses": NaN,
        "Depreciation Amortization Depletion Income Statement": NaN,
        "Depreciation And Amortization In Income Statement": NaN,
        "Amortization": NaN,
        "Amortization Of Intangibles Income Statement": NaN,
        "Selling General And Administration": NaN,
        "Selling And Marketing Expense": NaN,
        "General And Administrative Expense": NaN,
        "Other Gand A": NaN,
        "Gross Profit": NaN,
        "Cost Of Revenue": NaN,
        "Total Revenue": NaN,
        "Operating Revenue": NaN
    },
    "2024-06-30": {
        "Tax Effect Of Unusual Items": -511056.0,
        "Tax Rate For Calcs": 0.208,
        "Normalized EBITDA": -4258000.0,
        "Total Unusual Items": -2457000.0,
        "Total Unusual Items Excluding Goodwill": -2457000.0,
        "Net Income From Continuing Operation Net Minority Interest": -26087000.0,
        "Reconciled Depreciation": 14119000.0,
        "Reconciled Cost Of Revenue": 84705000.0,
        "EBITDA": -6715000.0,
        "EBIT": -20834000.0,
        "Net Interest Income": -12116000.0,
        "Interest Expense": 12116000.0,
        "Normalized Income": -24141056.0,
        "Net Income From Continuing And Discontinued Operation": -26087000.0,
        "Total Expenses": 124081000.0,
        "Total Operating Income As Reported": -20752000.0,
        "Diluted Average Shares": NaN,
        "Basic Average Shares": NaN,
        "Diluted EPS": NaN,
        "Basic EPS": NaN,
        "Diluted NI Availto Com Stockholders": -26087000.0,
        "Net Income Common Stockholders": -26087000.0,
        "Net Income": -26087000.0,
        "Minority Interests": 0.0,
        "Net Income Including Noncontrolling Interests": -26087000.0,
        "Net Income Continuous Operations": -26087000.0,
        "Tax Provision": -6863000.0,
        "Pretax Income": -32950000.0,
        "Other Income Expense": -2539000.0,
        "Other Non Operating Income Expenses": -82000.0,
        "Special Income Charges": -2457000.0,
        "Other Special Charges": 2000000.0,
        "Impairment Of Capital Assets": 0.0,
        "Restructuring And Mergern Acquisition": 457000.0,
        "Net Non Operating Interest Income Expense": -12116000.0,
        "Interest Expense Non Operating": 12116000.0,
        "Operating Income": -18295000.0,
        "Operating Expense": 39376000.0,
        "Other Operating Expenses": 3445000.0,
        "Depreciation Amortization Depletion Income Statement": 14119000.0,
        "Depreciation And Amortization In Income Statement": 14119000.0,
        "Amortization": 14119000.0,
        "Amortization Of Intangibles Income Statement": 14119000.0,
        "Selling General And Administration": 21812000.0,
        "Selling And Marketing Expense": 5030000.0,
        "General And Administrative Expense": 16782000.0,
        "Other Gand A": 16782000.0,
        "Gross Profit": 21081000.0,
        "Cost Of Revenue": 84705000.0,
        "Total Revenue": 105786000.0,
        "Operating Revenue": 105786000.0
    },
    "2024-09-30": {
        "Tax Effect Of Unusual Items": -110389.270119,
        "Tax Rate For Calcs": 0.214348,
        "Normalized EBITDA": 3380000.0,
        "Total Unusual Items": -515000.0,
        "Total Unusual Items Excluding Goodwill": -515000.0,
        "Net Income From Continuing Operation Net Minority Interest": -18891000.0,
        "Reconciled Depreciation": 14594000.0,
        "Reconciled Cost Of Revenue": 100478000.0,
        "EBITDA": 2865000.0,
        "EBIT": -11729000.0,
        "Net Interest Income": -12316000.0,
        "Interest Expense": 12316000.0,
        "Normalized Income": -18486389.270119,
        "Net Income From Continuing And Discontinued Operation": -18891000.0,
        "Total Expenses": 143069000.0,
        "Total Operating Income As Reported": -13167000.0,
        "Diluted Average Shares": 26001000.0,
        "Basic Average Shares": 26001000.0,
        "Diluted EPS": -0.73,
        "Basic EPS": -0.73,
        "Diluted NI Availto Com Stockholders": -18891000.0,
        "Net Income Common Stockholders": -18891000.0,
        "Net Income": -18891000.0,
        "Minority Interests": 0.0,
        "Net Income Including Noncontrolling Interests": -18891000.0,
        "Net Income Continuous Operations": -18891000.0,
        "Tax Provision": -5154000.0,
        "Pretax Income": -24045000.0,
        "Other Income Expense": 923000.0,
        "Other Non Operating Income Expenses": 1438000.0,
        "Special Income Charges": -515000.0,
        "Other Special Charges": NaN,
        "Impairment Of Capital Assets": 0.0,
        "Restructuring And Mergern Acquisition": -27985000.0,
        "Net Non Operating Interest Income Expense": -12316000.0,
        "Interest Expense Non Operating": 12316000.0,
        "Operating Income": -12652000.0,
        "Operating Expense": 42591000.0,
        "Other Operating Expenses": 2366000.0,
        "Depreciation Amortization Depletion Income Statement": 14594000.0,
        "Depreciation And Amortization In Income Statement": 14594000.0,
        "Amortization": 14594000.0,
        "Amortization Of Intangibles Income Statement": 14594000.0,
        "Selling General And Administration": 25631000.0,
        "Selling And Marketing Expense": 5102000.0,
        "General And Administrative Expense": 20529000.0,
        "Other Gand A": 20529000.0,
        "Gross Profit": 29939000.0,
        "Cost Of Revenue": 100478000.0,
        "Total Revenue": 130417000.0,
        "Operating Revenue": 130417000.0
    },
    "2024-12-31": {
        "Tax Effect Of Unusual Items": -16352.0,
        "Tax Rate For Calcs": 0.073,
        "Normalized EBITDA": -1567000.0,
        "Total Unusual Items": -224000.0,
        "Total Unusual Items Excluding Goodwill": -224000.0,
        "Net Income From Continuing Operation Net Minority Interest": -27630000.0,
        "Reconciled Depreciation": 14179000.0,
        "Reconciled Cost Of Revenue": 94838000.0,
        "EBITDA": -1791000.0,
        "EBIT": -15970000.0,
        "Net Interest Income": -13838000.0,
        "Interest Expense": 13838000.0,
        "Normalized Income": -27422352.0,
        "Net Income From Continuing And Discontinued Operation": -27630000.0,
        "Total Expenses": 135159000.0,
        "Total Operating Income As Reported": -15507000.0,
        "Diluted Average Shares": 27160000.0,
        "Basic Average Shares": 27160000.0,
        "Diluted EPS": -1.02,
        "Basic EPS": -1.02,
        "Diluted NI Availto Com Stockholders": -27630000.0,
        "Net Income Common Stockholders": -27630000.0,
        "Net Income": -27630000.0,
        "Minority Interests": 0.0,
        "Net Income Including Noncontrolling Interests": -27630000.0,
        "Net Income Continuous Operations": -27630000.0,
        "Tax Provision": -2178000.0,
        "Pretax Income": -29808000.0,
        "Other Income Expense": -687000.0,
        "Other Non Operating Income Expenses": -463000.0,
        "Special Income Charges": -224000.0,
        "Other Special Charges": NaN,
        "Impairment Of Capital Assets": NaN,
        "Restructuring And Mergern Acquisition": 224000.0,
        "Net Non Operating Interest Income Expense": -13838000.0,
        "Interest Expense Non Operating": 13838000.0,
        "Operating Income": -15283000.0,
        "Operating Expense": 40321000.0,
        "Other Operating Expenses": 1853000.0,
        "Depreciation Amortization Depletion Income Statement": 14179000.0,
        "Depreciation And Amortization In Income Statement": 14179000.0,
        "Amortization": 14179000.0,
        "Amortization Of Intangibles Income Statement": 14179000.0,
        "Selling General And Administration": 24289000.0,
        "Selling And Marketing Expense": 5137000.0,
        "General And Administrative Expense": 19152000.0,
        "Other Gand A": 19152000.0,
        "Gross Profit": 25038000.0,
        "Cost Of Revenue": 94838000.0,
        "Total Revenue": 119876000.0,
        "Operating Revenue": 119876000.0
    },
    "2025-03-31": {
        "Tax Effect Of Unusual Items": 451329.0,
        "Tax Rate For Calcs": 0.069,
        "Normalized EBITDA": 4753000.0,
        "Total Unusual Items": 6541000.0,
        "Total Unusual Items Excluding Goodwill": 6541000.0,
        "Net Income From Continuing Operation Net Minority Interest": -14866000.0,
        "Reconciled Depreciation": 13824000.0,
        "Reconciled Cost Of Revenue": 95332000.0,
        "EBITDA": 11294000.0,
        "EBIT": -2530000.0,
        "Net Interest Income": -13446000.0,
        "Interest Expense": 13446000.0,
        "Normalized Income": -20955671.0,
        "Net Income From Continuing And Discontinued Operation": -14866000.0,
        "Total Expenses": 133802000.0,
        "Total Operating Income As Reported": -2938000.0,
        "Diluted Average Shares": 33995000.0,
        "Basic Average Shares": 33995000.0,
        "Diluted EPS": -0.44,
        "Basic EPS": -0.44,
        "Diluted NI Availto Com Stockholders": -14866000.0,
        "Net Income Common Stockholders": -14866000.0,
        "Net Income": -14866000.0,
        "Minority Interests": 0.0,
        "Net Income Including Noncontrolling Interests": -14866000.0,
        "Net Income Continuous Operations": -14866000.0,
        "Tax Provision": 1110000.0,
        "Pretax Income": -15976000.0,
        "Other Income Expense": 6949000.0,
        "Other Non Operating Income Expenses": 408000.0,
        "Special Income Charges": 6541000.0,
        "Other Special Charges": -7550000.0,
        "Impairment Of Capital Assets": NaN,
        "Restructuring And Mergern Acquisition": 1009000.0,
        "Net Non Operating Interest Income Expense": -13446000.0,
        "Interest Expense Non Operating": 13446000.0,
        "Operating Income": -9479000.0,
        "Operating Expense": 38470000.0,
        "Other Operating Expenses": 2416000.0,
        "Depreciation Amortization Depletion Income Statement": 13824000.0,
        "Depreciation And Amortization In Income Statement": 13824000.0,
        "Amortization": 13824000.0,
        "Amortization Of Intangibles Income Statement": 13824000.0,
        "Selling General And Administration": 22230000.0,
        "Selling And Marketing Expense": 5078000.0,
        "General And Administrative Expense": 17152000.0,
        "Other Gand A": 17152000.0,
        "Gross Profit": 28991000.0,
        "Cost Of Revenue": 95332000.0,
        "Total Revenue": 124323000.0,
        "Operating Revenue": 124323000.0
    },
    "2025-06-30": {
        "Tax Effect Of Unusual Items": -9135.0,
        "Tax Rate For Calcs": 0.063,
        "Normalized EBITDA": 8974000.0,
        "Total Unusual Items": -145000.0,
        "Total Unusual Items Excluding Goodwill": -145000.0,
        "Net Income From Continuing Operation Net Minority Interest": -17577000.0,
        "Reconciled Depreciation": 13985000.0,
        "Reconciled Cost Of Revenue": 96761000.0,
        "EBITDA": 8829000.0,
        "EBIT": -5156000.0,
        "Net Interest Income": -13606000.0,
        "Interest Expense": 13606000.0,
        "Normalized Income": -17441135.0,
        "Net Income From Continuing And Discontinued Operation": -17577000.0,
        "Total Expenses": 136213000.0,
        "Total Operating Income As Reported": -5675000.0,
        "Diluted Average Shares": 34353000.0,
        "Basic Average Shares": 34353000.0,
        "Diluted EPS": -0.51,
        "Basic EPS": -0.51,
        "Diluted NI Availto Com Stockholders": -17577000.0,
        "Net Income Common Stockholders": -17577000.0,
        "Net Income": -17577000.0,
        "Minority Interests": 0.0,
        "Net Income Including Noncontrolling Interests": -17577000.0,
        "Net Income Continuous Operations": -17577000.0,
        "Tax Provision": -1185000.0,
        "Pretax Income": -18762000.0,
        "Other Income Expense": 374000.0,
        "Other Non Operating Income Expenses": 519000.0,
        "Special Income Charges": -145000.0,
        "Other Special Charges": NaN,
        "Impairment Of Capital Assets": NaN,
        "Restructuring And Mergern Acquisition": 145000.0,
        "Net Non Operating Interest Income Expense": -13606000.0,
        "Interest Expense Non Operating": 13606000.0,
        "Operating Income": -5530000.0,
        "Operating Expense": 39452000.0,
        "Other Operating Expenses": 2058000.0,
        "Depreciation Amortization Depletion Income Statement": 13985000.0,
        "Depreciation And Amortization In Income Statement": 13985000.0,
        "Amortization": 13985000.0,
        "Amortization Of Intangibles Income Statement": 13985000.0,
        "Selling General And Administration": 23409000.0,
        "Selling And Marketing Expense": 5530000.0,
        "General And Administrative Expense": 17879000.0,
        "Other Gand A": 17879000.0,
        "Gross Profit": 33922000.0,
        "Cost Of Revenue": 96761000.0,
        "Total Revenue": 130683000.0,
        "Operating Revenue": 130683000.0
    },
    "2025-09-30": {
        "Tax Effect Of Unusual Items": NaN,
        "Tax Rate For Calcs": NaN,
        "Normalized EBITDA": NaN,
        "Total Unusual Items": NaN,
        "Total Unusual Items Excluding Goodwill": NaN,
        "Net Income From Continuing Operation Net Minority Interest": NaN,
        "Reconciled Depreciation": NaN,
        "Reconciled Cost Of Revenue": NaN,
        "EBITDA": NaN,
        "EBIT": NaN,
        "Net Interest Income": NaN,
        "Interest Expense": NaN,
        "Normalized Income": NaN,
        "Net Income From Continuing And Discontinued Operation": NaN,
        "Total Expenses": NaN,
        "Total Operating Income As Reported": NaN,
        "Diluted Average Shares": 34355000.0,
        "Basic Average Shares": 34355000.0,
        "Diluted EPS": -0.25,
        "Basic EPS": -0.25,
        "Diluted NI Availto Com Stockholders": NaN,
        "Net Income Common Stockholders": NaN,
        "Net Income": NaN,
        "Minority Interests": NaN,
        "Net Income Including Noncontrolling Interests": NaN,
        "Net Income Continuous Operations": NaN,
        "Tax Provision": NaN,
        "Pretax Income": NaN,
        "Other Income Expense": NaN,
        "Other Non Operating Income Expenses": NaN,
        "Special Income Charges": NaN,
        "Other Special Charges": NaN,
        "Impairment Of Capital Assets": NaN,
        "Restructuring And Mergern Acquisition": NaN,
        "Net Non Operating Interest Income Expense": NaN,
        "Interest Expense Non Operating": NaN,
        "Operating Income": NaN,
        "Operating Expense": NaN,
        "Other Operating Expenses": NaN,
        "Depreciation Amortization Depletion Income Statement": NaN,
        "Depreciation And Amortization In Income Statement": NaN,
        "Amortization": NaN,
        "Amortization Of Intangibles Income Statement": NaN,
        "Selling General And Administration": NaN,
        "Selling And Marketing Expense": NaN,
        "General And Administrative Expense": NaN,
        "Other Gand A": NaN,
        "Gross Profit": NaN,
        "Cost Of Revenue": NaN,
        "Total Revenue": NaN,
        "Operating Revenue": NaN
    }
}