{
    "2023-06-30": {
        "Tax Effect Of Unusual Items": NaN,
        "Tax Rate For Calcs": NaN,
        "Normalized EBITDA": NaN,
        "Net Income From Continuing Operation Net Minority Interest": NaN,
        "Reconciled Depreciation": NaN,
        "Reconciled Cost Of Revenue": NaN,
        "EBITDA": NaN,
        "EBIT": NaN,
        "Net Interest Income": NaN,
        "Interest Expense": NaN,
        "Interest Income": NaN,
        "Normalized Income": NaN,
        "Net Income From Continuing And Discontinued Operation": NaN,
        "Total Expenses": NaN,
        "Total Operating Income As Reported": NaN,
        "Diluted Average Shares": 116236741.0,
        "Basic Average Shares": 116236741.0,
        "Diluted EPS": -0.74,
        "Basic EPS": -0.74,
        "Diluted NI Availto Com Stockholders": NaN,
        "Net Income Common Stockholders": NaN,
        "Net Income": NaN,
        "Minority Interests": NaN,
        "Net Income Including Noncontrolling Interests": NaN,
        "Net Income Continuous Operations": NaN,
        "Tax Provision": NaN,
        "Pretax Income": NaN,
        "Other Income Expense": NaN,
        "Other Non Operating Income Expenses": NaN,
        "Net Non Operating Interest Income Expense": NaN,
        "Interest Expense Non Operating": NaN,
        "Interest Income Non Operating": NaN,
        "Operating Income": NaN,
        "Operating Expense": NaN,
        "Other Operating Expenses": NaN,
        "Provision For Doubtful Accounts": NaN,
        "Selling General And Administration": NaN,
        "General And Administrative Expense": NaN,
        "Other Gand A": NaN,
        "Gross Profit": NaN,
        "Cost Of Revenue": NaN,
        "Total Revenue": NaN,
        "Operating Revenue": NaN
    },
    "2023-03-31": {
        "Tax Effect Of Unusual Items": NaN,
        "Tax Rate For Calcs": NaN,
        "Normalized EBITDA": NaN,
        "Net Income From Continuing Operation Net Minority Interest": NaN,
        "Reconciled Depreciation": NaN,
        "Reconciled Cost Of Revenue": NaN,
        "EBITDA": NaN,
        "EBIT": NaN,
        "Net Interest Income": NaN,
        "Interest Expense": NaN,
        "Interest Income": NaN,
        "Normalized Income": NaN,
        "Net Income From Continuing And Discontinued Operation": NaN,
        "Total Expenses": NaN,
        "Total Operating Income As Reported": NaN,
        "Diluted Average Shares": 115073975.0,
        "Basic Average Shares": 115073975.0,
        "Diluted EPS": -0.7,
        "Basic EPS": -0.7,
        "Diluted NI Availto Com Stockholders": NaN,
        "Net Income Common Stockholders": NaN,
        "Net Income": NaN,
        "Minority Interests": NaN,
        "Net Income Including Noncontrolling Interests": NaN,
        "Net Income Continuous Operations": NaN,
        "Tax Provision": NaN,
        "Pretax Income": NaN,
        "Other Income Expense": NaN,
        "Other Non Operating Income Expenses": NaN,
        "Net Non Operating Interest Income Expense": NaN,
        "Interest Expense Non Operating": NaN,
        "Interest Income Non Operating": NaN,
        "Operating Income": NaN,
        "Operating Expense": NaN,
        "Other Operating Expenses": NaN,
        "Selling General And Administration": NaN,
        "General And Administrative Expense": NaN,
        "Other Gand A": NaN,
        "Gross Profit": NaN,
        "Cost Of Revenue": NaN,
        "Total Revenue": NaN,
        "Operating Revenue": NaN
    },
    "2022-12-31": {
        "Tax Effect Of Unusual Items": NaN,
        "Tax Rate For Calcs": NaN,
        "Normalized EBITDA": NaN,
        "Total Unusual Items": 0.0,
        "Total Unusual Items Excluding Goodwill": 0.0,
        "Net Income From Continuing Operation Net Minority Interest": NaN,
        "Reconciled Depreciation": NaN,
        "Reconciled Cost Of Revenue": NaN,
        "EBITDA": NaN,
        "EBIT": NaN,
        "Net Interest Income": NaN,
        "Interest Expense": NaN,
        "Interest Income": NaN,
        "Normalized Income": NaN,
        "Net Income From Continuing And Discontinued Operation": NaN,
        "Total Expenses": NaN,
        "Total Operating Income As Reported": NaN,
        "Diluted Average Shares": NaN,
        "Basic Average Shares": NaN,
        "Diluted EPS": NaN,
        "Basic EPS": NaN,
        "Diluted NI Availto Com Stockholders": NaN,
        "Net Income Common Stockholders": NaN,
        "Net Income": NaN,
        "Minority Interests": NaN,
        "Net Income Including Noncontrolling Interests": NaN,
        "Net Income Continuous Operations": NaN,
        "Tax Provision": NaN,
        "Pretax Income": NaN,
        "Other Income Expense": NaN,
        "Other Non Operating Income Expenses": NaN,
        "Special Income Charges": 0.0,
        "Net Non Operating Interest Income Expense": NaN,
        "Interest Expense Non Operating": NaN,
        "Interest Income Non Operating": NaN,
        "Operating Income": NaN,
        "Operating Expense": NaN,
        "Other Operating Expenses": NaN,
        "Selling General And Administration": NaN,
        "General And Administrative Expense": NaN,
        "Other Gand A": NaN,
        "Gross Profit": NaN,
        "Cost Of Revenue": NaN,
        "Total Revenue": NaN,
        "Operating Revenue": NaN
    },
    "2022-09-30": {
        "Tax Effect Of Unusual Items": NaN,
        "Tax Rate For Calcs": NaN,
        "Normalized EBITDA": NaN,
        "Total Unusual Items": 0.0,
        "Total Unusual Items Excluding Goodwill": 0.0,
        "Net Income From Continuing Operation Net Minority Interest": NaN,
        "Reconciled Depreciation": NaN,
        "Reconciled Cost Of Revenue": NaN,
        "EBITDA": NaN,
        "EBIT": NaN,
        "Net Interest Income": NaN,
        "Interest Expense": NaN,
        "Interest Income": NaN,
        "Normalized Income": NaN,
        "Net Income From Continuing And Discontinued Operation": NaN,
        "Total Expenses": NaN,
        "Total Operating Income As Reported": NaN,
        "Diluted Average Shares": NaN,
        "Basic Average Shares": NaN,
        "Diluted EPS": NaN,
        "Basic EPS": NaN,
        "Diluted NI Availto Com Stockholders": NaN,
        "Net Income Common Stockholders": NaN,
        "Net Income": NaN,
        "Minority Interests": NaN,
        "Net Income Including Noncontrolling Interests": NaN,
        "Net Income Continuous Operations": NaN,
        "Tax Provision": NaN,
        "Pretax Income": NaN,
        "Other Income Expense": NaN,
        "Other Non Operating Income Expenses": NaN,
        "Special Income Charges": 0.0,
        "Net Non Operating Interest Income Expense": NaN,
        "Interest Expense Non Operating": NaN,
        "Interest Income Non Operating": NaN,
        "Operating Income": NaN,
        "Operating Expense": NaN,
        "Other Operating Expenses": NaN,
        "Selling General And Administration": NaN,
        "General And Administrative Expense": NaN,
        "Other Gand A": NaN,
        "Gross Profit": NaN,
        "Cost Of Revenue": NaN,
        "Total Revenue": NaN,
        "Operating Revenue": NaN
    },
    "2022-06-30": {
        "Tax Effect Of Unusual Items": 0.0,
        "Tax Rate For Calcs": 0.0,
        "Normalized EBITDA": 43918000.0,
        "Total Unusual Items": 0.0,
        "Total Unusual Items Excluding Goodwill": 0.0,
        "Net Income From Continuing Operation Net Minority Interest": -37003000.0,
        "Reconciled Depreciation": 33178000.0,
        "Reconciled Cost Of Revenue": 82119000.0,
        "EBITDA": 43918000.0,
        "EBIT": 10740000.0,
        "Net Interest Income": -7126000.0,
        "Interest Expense": 20437000.0,
        "Interest Income": 13311000.0,
        "Normalized Income": -37003000.0,
        "Net Income From Continuing And Discontinued Operation": -37003000.0,
        "Total Expenses": 149743000.0,
        "Total Operating Income As Reported": -2731000.0,
        "Diluted Average Shares": 114548970.0,
        "Basic Average Shares": 114548970.0,
        "Diluted EPS": -0.36,
        "Basic EPS": -0.36,
        "Diluted NI Availto Com Stockholders": -37003000.0,
        "Net Income Common Stockholders": -37003000.0,
        "Net Income": -37003000.0,
        "Minority Interests": -27306000.0,
        "Net Income Including Noncontrolling Interests": -9697000.0,
        "Net Income Continuous Operations": -9697000.0,
        "Tax Provision": 0.0,
        "Pretax Income": -9697000.0,
        "Other Income Expense": 160000.0,
        "Other Non Operating Income Expenses": 160000.0,
        "Special Income Charges": 0.0,
        "Net Non Operating Interest Income Expense": -7126000.0,
        "Interest Expense Non Operating": 20437000.0,
        "Interest Income Non Operating": 13311000.0,
        "Operating Income": -2731000.0,
        "Operating Expense": 67624000.0,
        "Other Operating Expenses": -618000.0,
        "Selling General And Administration": 68242000.0,
        "General And Administrative Expense": 68242000.0,
        "Other Gand A": 68242000.0,
        "Gross Profit": 64893000.0,
        "Cost Of Revenue": 82119000.0,
        "Total Revenue": 147012000.0,
        "Operating Revenue": 143724000.0
    },
    "2023-04-30": {
        "Diluted EPS": 1.27,
        "Total Revenue": NaN,
        "Gross Profit": NaN,
        "Operating Income": NaN,
        "EBIT": NaN,
        "Net Income": NaN
    },
    "2023-01-31": {
        "Diluted EPS": 1.01,
        "Total Revenue": NaN,
        "Gross Profit": NaN,
        "Operating Income": NaN,
        "EBIT": NaN,
        "Net Income": NaN
    },
    "2022-10-31": {
        "Diluted EPS": 1.19,
        "Total Revenue": NaN,
        "Gross Profit": NaN,
        "Operating Income": NaN,
        "EBIT": NaN,
        "Net Income": NaN
    },
    "2022-07-31": {
        "Diluted EPS": 1.62,
        "Total Revenue": NaN,
        "Gross Profit": NaN,
        "Operating Income": NaN,
        "EBIT": NaN,
        "Net Income": NaN
    },
    "2022-04-30": {
        "Diluted EPS": 1.71,
        "Total Revenue": NaN,
        "Gross Profit": NaN,
        "Operating Income": NaN,
        "EBIT": NaN,
        "Net Income": NaN
    },
    "2022-01-31": {
        "Diluted EPS": 1.69,
        "Total Revenue": NaN,
        "Gross Profit": NaN,
        "Operating Income": NaN,
        "EBIT": NaN,
        "Net Income": NaN
    },
    "2021-10-31": {
        "Diluted EPS": 1.57,
        "Total Revenue": NaN,
        "Gross Profit": NaN,
        "Operating Income": NaN,
        "EBIT": NaN,
        "Net Income": NaN
    },
    "2021-07-31": {
        "Diluted EPS": 1.62,
        "Total Revenue": NaN,
        "Gross Profit": NaN,
        "Operating Income": NaN,
        "EBIT": NaN,
        "Net Income": NaN
    },
    "2021-04-30": {
        "Diluted EPS": 1.49,
        "Total Revenue": NaN,
        "Gross Profit": NaN,
        "Operating Income": NaN,
        "EBIT": NaN,
        "Net Income": NaN
    },
    "2021-01-31": {
        "Diluted EPS": 1.45,
        "Total Revenue": NaN,
        "Gross Profit": NaN,
        "Operating Income": NaN,
        "EBIT": NaN,
        "Net Income": NaN
    },
    "2020-10-31": {
        "Diluted EPS": 1.04,
        "Total Revenue": NaN,
        "Gross Profit": NaN,
        "Operating Income": NaN,
        "EBIT": NaN,
        "Net Income": NaN
    },
    "2020-07-31": {
        "Diluted EPS": 0.78,
        "Total Revenue": NaN,
        "Gross Profit": NaN,
        "Operating Income": NaN,
        "EBIT": NaN,
        "Net Income": 974
    },
    "2020-04-30": {
        "Diluted EPS": 0.73,
        "Total Revenue": NaN,
        "Gross Profit": NaN,
        "Operating Income": NaN,
        "EBIT": NaN,
        "Net Income": 904
    },
    "2020-01-31": {
        "Diluted EPS": 1.4,
        "Total Revenue": NaN,
        "Gross Profit": NaN,
        "Operating Income": NaN,
        "EBIT": NaN,
        "Net Income": NaN
    },
    "2019-10-31": {
        "Diluted EPS": 1.34,
        "Total Revenue": NaN,
        "Gross Profit": NaN,
        "Operating Income": NaN,
        "EBIT": NaN,
        "Net Income": NaN
    },
    "2019-07-31": {
        "Diluted EPS": 1.1,
        "Total Revenue": NaN,
        "Gross Profit": NaN,
        "Operating Income": NaN,
        "EBIT": NaN,
        "Net Income": NaN
    },
    "2019-04-30": {
        "Diluted EPS": 1.3,
        "Total Revenue": NaN,
        "Gross Profit": NaN,
        "Operating Income": NaN,
        "EBIT": NaN,
        "Net Income": NaN
    },
    "2019-01-31": {
        "Diluted EPS": 1.28,
        "Total Revenue": NaN,
        "Gross Profit": NaN,
        "Operating Income": NaN,
        "EBIT": NaN,
        "Net Income": NaN
    },
    "2018-10-31": {
        "Diluted EPS": 1.31,
        "Total Revenue": NaN,
        "Gross Profit": NaN,
        "Operating Income": NaN,
        "EBIT": NaN,
        "Net Income": NaN
    },
    "2018-07-31": {
        "Diluted EPS": 1.19,
        "Total Revenue": NaN,
        "Gross Profit": NaN,
        "Operating Income": NaN,
        "EBIT": NaN,
        "Net Income": NaN
    },
    "2018-04-30": {
        "Diluted EPS": 1.33,
        "Total Revenue": NaN,
        "Gross Profit": NaN,
        "Operating Income": NaN,
        "EBIT": NaN,
        "Net Income": NaN
    },
    "2018-01-31": {
        "Diluted EPS": 1.47,
        "Total Revenue": NaN,
        "Gross Profit": NaN,
        "Operating Income": NaN,
        "EBIT": NaN,
        "Net Income": NaN
    },
    "2017-10-31": {
        "Diluted EPS": 1.31,
        "Total Revenue": NaN,
        "Gross Profit": NaN,
        "Operating Income": NaN,
        "EBIT": NaN,
        "Net Income": NaN
    },
    "2017-07-31": {
        "Diluted EPS": 1.26,
        "Total Revenue": NaN,
        "Gross Profit": NaN,
        "Operating Income": NaN,
        "EBIT": NaN,
        "Net Income": NaN
    },
    "2017-04-30": {
        "Diluted EPS": 1.22,
        "Total Revenue": NaN,
        "Gross Profit": NaN,
        "Operating Income": NaN,
        "EBIT": NaN,
        "Net Income": NaN
    },
    "2017-01-31": {
        "Diluted EPS": 1.18,
        "Total Revenue": NaN,
        "Gross Profit": NaN,
        "Operating Income": NaN,
        "EBIT": NaN,
        "Net Income": NaN
    },
    "2016-10-31": {
        "Diluted EPS": 1.2,
        "Total Revenue": NaN,
        "Gross Profit": NaN,
        "Operating Income": NaN,
        "EBIT": NaN,
        "Net Income": NaN
    },
    "2016-07-31": {
        "Diluted EPS": 1.19,
        "Total Revenue": NaN,
        "Gross Profit": NaN,
        "Operating Income": NaN,
        "EBIT": NaN,
        "Net Income": NaN
    },
    "2016-04-30": {
        "Diluted EPS": 0.93,
        "Total Revenue": NaN,
        "Gross Profit": NaN,
        "Operating Income": NaN,
        "EBIT": NaN,
        "Net Income": NaN
    },
    "2016-01-31": {
        "Diluted EPS": 1.04,
        "Total Revenue": NaN,
        "Gross Profit": NaN,
        "Operating Income": NaN,
        "EBIT": NaN,
        "Net Income": NaN
    },
    "2015-10-31": {
        "Diluted EPS": 1.1,
        "Total Revenue": NaN,
        "Gross Profit": NaN,
        "Operating Income": NaN,
        "EBIT": NaN,
        "Net Income": NaN
    },
    "2015-07-31": {
        "Diluted EPS": 1.16,
        "Total Revenue": NaN,
        "Gross Profit": NaN,
        "Operating Income": NaN,
        "EBIT": NaN,
        "Net Income": NaN
    },
    "2015-04-30": {
        "Diluted EPS": 1.14,
        "Total Revenue": NaN,
        "Gross Profit": NaN,
        "Operating Income": NaN,
        "EBIT": NaN,
        "Net Income": NaN
    },
    "2015-01-31": {
        "Diluted EPS": 1.08,
        "Total Revenue": NaN,
        "Gross Profit": NaN,
        "Operating Income": NaN,
        "EBIT": NaN,
        "Net Income": NaN
    },
    "2014-10-31": {
        "Diluted EPS": 0.97,
        "Total Revenue": NaN,
        "Gross Profit": NaN,
        "Operating Income": NaN,
        "EBIT": NaN,
        "Net Income": NaN
    },
    "2014-07-31": {
        "Diluted EPS": 1.69,
        "Total Revenue": NaN,
        "Gross Profit": NaN,
        "Operating Income": NaN,
        "EBIT": NaN,
        "Net Income": NaN
    },
    "2014-04-30": {
        "Diluted EPS": 1.28,
        "Total Revenue": NaN,
        "Gross Profit": NaN,
        "Operating Income": NaN,
        "EBIT": NaN,
        "Net Income": NaN
    },
    "2014-01-31": {
        "Diluted EPS": 1.19,
        "Total Revenue": NaN,
        "Gross Profit": NaN,
        "Operating Income": NaN,
        "EBIT": NaN,
        "Net Income": NaN
    },
    "2013-10-31": {
        "Diluted EPS": 1.22,
        "Total Revenue": NaN,
        "Gross Profit": NaN,
        "Operating Income": NaN,
        "EBIT": NaN,
        "Net Income": NaN
    },
    "2013-07-31": {
        "Diluted EPS": 1.3,
        "Total Revenue": NaN,
        "Gross Profit": NaN,
        "Operating Income": NaN,
        "EBIT": NaN,
        "Net Income": NaN
    },
    "2013-04-30": {
        "Diluted EPS": 1.19,
        "Total Revenue": NaN,
        "Gross Profit": NaN,
        "Operating Income": NaN,
        "EBIT": NaN,
        "Net Income": NaN
    },
    "2013-01-31": {
        "Diluted EPS": 1.22,
        "Total Revenue": NaN,
        "Gross Profit": NaN,
        "Operating Income": NaN,
        "EBIT": NaN,
        "Net Income": NaN
    },
    "2012-10-31": {
        "Diluted EPS": 1.19,
        "Total Revenue": NaN,
        "Gross Profit": NaN,
        "Operating Income": NaN,
        "EBIT": NaN,
        "Net Income": NaN
    },
    "2012-07-31": {
        "Diluted EPS": 1.69,
        "Total Revenue": NaN,
        "Gross Profit": NaN,
        "Operating Income": NaN,
        "EBIT": NaN,
        "Net Income": NaN
    },
    "2012-04-30": {
        "Diluted EPS": 1.12,
        "Total Revenue": NaN,
        "Gross Profit": NaN,
        "Operating Income": NaN,
        "EBIT": NaN,
        "Net Income": NaN
    },
    "2012-01-31": {
        "Diluted EPS": 1.21,
        "Total Revenue": NaN,
        "Gross Profit": NaN,
        "Operating Income": NaN,
        "EBIT": NaN,
        "Net Income": NaN
    },
    "2011-10-31": {
        "Diluted EPS": 1.08,
        "Total Revenue": NaN,
        "Gross Profit": NaN,
        "Operating Income": NaN,
        "EBIT": NaN,
        "Net Income": NaN
    },
    "2011-07-31": {
        "Diluted EPS": 1.14,
        "Total Revenue": NaN,
        "Gross Profit": NaN,
        "Operating Income": NaN,
        "EBIT": NaN,
        "Net Income": NaN
    },
    "2011-04-30": {
        "Diluted EPS": 1.39,
        "Total Revenue": NaN,
        "Gross Profit": NaN,
        "Operating Income": NaN,
        "EBIT": NaN,
        "Net Income": NaN
    },
    "2011-01-31": {
        "Diluted EPS": 1.1,
        "Total Revenue": NaN,
        "Gross Profit": NaN,
        "Operating Income": NaN,
        "EBIT": NaN,
        "Net Income": NaN
    },
    "2010-10-31": {
        "Diluted EPS": 0.99,
        "Total Revenue": NaN,
        "Gross Profit": NaN,
        "Operating Income": NaN,
        "EBIT": NaN,
        "Net Income": NaN
    },
    "2010-07-31": {
        "Diluted EPS": 0.93,
        "Total Revenue": NaN,
        "Gross Profit": NaN,
        "Operating Income": NaN,
        "EBIT": NaN,
        "Net Income": NaN
    },
    "2010-04-30": {
        "Diluted EPS": 1.01,
        "Total Revenue": NaN,
        "Gross Profit": NaN,
        "Operating Income": NaN,
        "EBIT": NaN,
        "Net Income": NaN
    },
    "2010-01-31": {
        "Diluted EPS": 0.89,
        "Total Revenue": NaN,
        "Gross Profit": NaN,
        "Operating Income": NaN,
        "EBIT": NaN,
        "Net Income": 961
    },
    "2009-10-31": {
        "Diluted EPS": 0.79,
        "Total Revenue": NaN,
        "Gross Profit": NaN,
        "Operating Income": 947,
        "EBIT": NaN,
        "Net Income": 854
    },
    "2009-07-31": {
        "Diluted EPS": 0.79,
        "Total Revenue": NaN,
        "Gross Profit": NaN,
        "Operating Income": 713,
        "EBIT": NaN,
        "Net Income": 850
    },
    "2009-04-30": {
        "Diluted EPS": 0.65,
        "Total Revenue": NaN,
        "Gross Profit": NaN,
        "Operating Income": -13,
        "EBIT": NaN,
        "Net Income": 701
    },
    "2009-01-31": {
        "Diluted EPS": 0.81,
        "Total Revenue": NaN,
        "Gross Profit": NaN,
        "Operating Income": NaN,
        "EBIT": NaN,
        "Net Income": 853
    },
    "2023-09-30": {
        "Tax Effect Of Unusual Items": NaN,
        "Tax Rate For Calcs": NaN,
        "Normalized EBITDA": NaN,
        "Net Income From Continuing Operation Net Minority Interest": NaN,
        "Reconciled Depreciation": NaN,
        "Reconciled Cost Of Revenue": NaN,
        "EBITDA": NaN,
        "EBIT": NaN,
        "Net Interest Income": NaN,
        "Interest Expense": NaN,
        "Interest Income": NaN,
        "Normalized Income": NaN,
        "Net Income From Continuing And Discontinued Operation": NaN,
        "Total Expenses": NaN,
        "Total Operating Income As Reported": NaN,
        "Diluted Average Shares": 119554008.0,
        "Basic Average Shares": 119554008.0,
        "Diluted EPS": -0.53,
        "Basic EPS": -0.53,
        "Diluted NI Availto Com Stockholders": NaN,
        "Net Income Common Stockholders": NaN,
        "Net Income": NaN,
        "Minority Interests": NaN,
        "Net Income Including Noncontrolling Interests": NaN,
        "Net Income Continuous Operations": NaN,
        "Tax Provision": NaN,
        "Pretax Income": NaN,
        "Other Income Expense": -561000.0,
        "Other Non Operating Income Expenses": -561000.0,
        "Net Non Operating Interest Income Expense": NaN,
        "Interest Expense Non Operating": NaN,
        "Interest Income Non Operating": NaN,
        "Operating Income": NaN,
        "Operating Expense": NaN,
        "Other Operating Expenses": NaN,
        "Provision For Doubtful Accounts": 11203000.0,
        "Selling General And Administration": NaN,
        "General And Administrative Expense": NaN,
        "Other Gand A": NaN,
        "Gross Profit": NaN,
        "Cost Of Revenue": NaN,
        "Total Revenue": NaN,
        "Operating Revenue": NaN
    },
    "2023-12-31": {
        "Tax Effect Of Unusual Items": 0.0,
        "Tax Rate For Calcs": 0.21,
        "Normalized EBITDA": -9907000.0,
        "Net Income From Continuing Operation Net Minority Interest": -187640000.0,
        "Reconciled Depreciation": 52538000.0,
        "Reconciled Cost Of Revenue": 124620000.0,
        "EBITDA": -9907000.0,
        "EBIT": -62445000.0,
        "Net Interest Income": -137580000.0,
        "Interest Expense": 171782000.0,
        "Interest Income": 34202000.0,
        "Normalized Income": -187640000.0,
        "Net Income From Continuing And Discontinued Operation": -187640000.0,
        "Total Expenses": 277699000.0,
        "Total Operating Income As Reported": -96667000.0,
        "Diluted Average Shares": NaN,
        "Basic Average Shares": NaN,
        "Diluted EPS": NaN,
        "Basic EPS": NaN,
        "Diluted NI Availto Com Stockholders": -187640000.0,
        "Net Income Common Stockholders": -187640000.0,
        "Net Income": -187640000.0,
        "Minority Interests": 47196000.0,
        "Net Income Including Noncontrolling Interests": -234836000.0,
        "Net Income Continuous Operations": -234836000.0,
        "Tax Provision": 609000.0,
        "Pretax Income": -234227000.0,
        "Other Income Expense": -13130000.0,
        "Other Non Operating Income Expenses": 20000.0,
        "Net Non Operating Interest Income Expense": -137580000.0,
        "Interest Expense Non Operating": 171782000.0,
        "Interest Income Non Operating": 34202000.0,
        "Operating Income": -83517000.0,
        "Operating Expense": 153079000.0,
        "Other Operating Expenses": 36847000.0,
        "Provision For Doubtful Accounts": NaN,
        "Selling General And Administration": 116232000.0,
        "General And Administrative Expense": 116232000.0,
        "Other Gand A": 116232000.0,
        "Gross Profit": 69562000.0,
        "Cost Of Revenue": 124620000.0,
        "Total Revenue": 194182000.0,
        "Operating Revenue": 193179000.0
    },
    "2024-03-31": {
        "Tax Effect Of Unusual Items": 0.0,
        "Tax Rate For Calcs": 0.32,
        "Normalized EBITDA": 9365000.0,
        "Net Income From Continuing Operation Net Minority Interest": -69960000.0,
        "Reconciled Depreciation": 57867000.0,
        "Reconciled Cost Of Revenue": 103396000.0,
        "EBITDA": 9365000.0,
        "EBIT": -48502000.0,
        "Net Interest Income": -48905000.0,
        "Interest Expense": 84601000.0,
        "Interest Income": 35696000.0,
        "Normalized Income": -69960000.0,
        "Net Income From Continuing And Discontinued Operation": -69960000.0,
        "Total Expenses": 245126000.0,
        "Total Operating Income As Reported": -84222000.0,
        "Diluted Average Shares": 122894548.0,
        "Basic Average Shares": 122894548.0,
        "Diluted EPS": -0.57,
        "Basic EPS": -0.57,
        "Diluted NI Availto Com Stockholders": -69960000.0,
        "Net Income Common Stockholders": -69960000.0,
        "Net Income": -69960000.0,
        "Minority Interests": 20115000.0,
        "Net Income Including Noncontrolling Interests": -90075000.0,
        "Net Income Continuous Operations": -90075000.0,
        "Tax Provision": -43028000.0,
        "Pretax Income": -133103000.0,
        "Other Income Expense": 24000.0,
        "Other Non Operating Income Expenses": 24000.0,
        "Net Non Operating Interest Income Expense": -48905000.0,
        "Interest Expense Non Operating": 84601000.0,
        "Interest Income Non Operating": 35696000.0,
        "Operating Income": -84222000.0,
        "Operating Expense": 141730000.0,
        "Other Operating Expenses": 24619000.0,
        "Provision For Doubtful Accounts": NaN,
        "Selling General And Administration": 117111000.0,
        "General And Administrative Expense": 117111000.0,
        "Other Gand A": 117111000.0,
        "Gross Profit": 57508000.0,
        "Cost Of Revenue": 103396000.0,
        "Total Revenue": 160904000.0,
        "Operating Revenue": 160531000.0
    },
    "2024-06-30": {
        "Tax Effect Of Unusual Items": 0.0,
        "Tax Rate For Calcs": 0.21,
        "Normalized EBITDA": 34458000.0,
        "Net Income From Continuing Operation Net Minority Interest": -33053000.0,
        "Reconciled Depreciation": 62897000.0,
        "Reconciled Cost Of Revenue": 113378000.0,
        "EBITDA": 34458000.0,
        "EBIT": -28439000.0,
        "Net Interest Income": -86118000.0,
        "Interest Expense": 121513000.0,
        "Interest Income": 35395000.0,
        "Normalized Income": -33053000.0,
        "Net Income From Continuing And Discontinued Operation": -33053000.0,
        "Total Expenses": 278525000.0,
        "Total Operating Income As Reported": -58928000.0,
        "Diluted Average Shares": 124239618.0,
        "Basic Average Shares": 124239618.0,
        "Diluted EPS": -0.27,
        "Basic EPS": -0.27,
        "Diluted NI Availto Com Stockholders": -33053000.0,
        "Net Income Common Stockholders": -33053000.0,
        "Net Income": -33053000.0,
        "Minority Interests": 46640000.0,
        "Net Income Including Noncontrolling Interests": -79693000.0,
        "Net Income Continuous Operations": -79693000.0,
        "Tax Provision": -70259000.0,
        "Pretax Income": -149952000.0,
        "Other Income Expense": -4906000.0,
        "Other Non Operating Income Expenses": -4906000.0,
        "Net Non Operating Interest Income Expense": -86118000.0,
        "Interest Expense Non Operating": 121513000.0,
        "Interest Income Non Operating": 35395000.0,
        "Operating Income": -58928000.0,
        "Operating Expense": 165147000.0,
        "Other Operating Expenses": 54152000.0,
        "Provision For Doubtful Accounts": NaN,
        "Selling General And Administration": 110995000.0,
        "General And Administrative Expense": 110995000.0,
        "Other Gand A": 110995000.0,
        "Gross Profit": 106219000.0,
        "Cost Of Revenue": 113378000.0,
        "Total Revenue": 219597000.0,
        "Operating Revenue": 218113000.0
    },
    "2024-09-30": {
        "Tax Effect Of Unusual Items": 0.0,
        "Tax Rate For Calcs": 0.23,
        "Normalized EBITDA": 52726000.0,
        "Net Income From Continuing Operation Net Minority Interest": -122589000.0,
        "Reconciled Depreciation": 66648000.0,
        "Reconciled Cost Of Revenue": 121401000.0,
        "EBITDA": 52726000.0,
        "EBIT": -13922000.0,
        "Net Interest Income": -143963000.0,
        "Interest Expense": 182528000.0,
        "Interest Income": 38565000.0,
        "Normalized Income": -122589000.0,
        "Net Income From Continuing And Discontinued Operation": -122589000.0,
        "Total Expenses": 287781000.0,
        "Total Operating Income As Reported": -52487000.0,
        "Diluted Average Shares": 124852073.0,
        "Basic Average Shares": 124852073.0,
        "Diluted EPS": -0.98,
        "Basic EPS": -0.98,
        "Diluted NI Availto Com Stockholders": -122589000.0,
        "Net Income Common Stockholders": -122589000.0,
        "Net Income": -122589000.0,
        "Minority Interests": 27735000.0,
        "Net Income Including Noncontrolling Interests": -150324000.0,
        "Net Income Continuous Operations": -150324000.0,
        "Tax Provision": -46126000.0,
        "Pretax Income": -196450000.0,
        "Other Income Expense": NaN,
        "Other Non Operating Income Expenses": NaN,
        "Net Non Operating Interest Income Expense": -143963000.0,
        "Interest Expense Non Operating": 182528000.0,
        "Interest Income Non Operating": 38565000.0,
        "Operating Income": -52487000.0,
        "Operating Expense": 166380000.0,
        "Other Operating Expenses": 33056000.0,
        "Provision For Doubtful Accounts": 22646000.0,
        "Selling General And Administration": 110678000.0,
        "General And Administrative Expense": 110678000.0,
        "Other Gand A": 110678000.0,
        "Gross Profit": 113893000.0,
        "Cost Of Revenue": 121401000.0,
        "Total Revenue": 235294000.0,
        "Operating Revenue": 232392000.0
    },
    "2024-12-31": {
        "Tax Effect Of Unusual Items": 0.0,
        "Tax Rate For Calcs": 0.21,
        "Normalized EBITDA": 59781000.0,
        "Net Income From Continuing Operation Net Minority Interest": -142291000.0,
        "Reconciled Depreciation": 70032000.0,
        "Reconciled Cost Of Revenue": 124787000.0,
        "EBITDA": 59781000.0,
        "EBIT": -10251000.0,
        "Net Interest Income": -76815000.0,
        "Interest Expense": 102530000.0,
        "Interest Income": 40262000.0,
        "Normalized Income": -142291000.0,
        "Net Income From Continuing And Discontinued Operation": -142291000.0,
        "Total Expenses": 213206000.0,
        "Total Operating Income As Reported": -43904000.0,
        "Diluted Average Shares": NaN,
        "Basic Average Shares": NaN,
        "Diluted EPS": NaN,
        "Basic EPS": NaN,
        "Diluted NI Availto Com Stockholders": -142291000.0,
        "Net Income Common Stockholders": -142291000.0,
        "Net Income": -142291000.0,
        "Minority Interests": -14610000.0,
        "Net Income Including Noncontrolling Interests": -127681000.0,
        "Net Income Continuous Operations": -127681000.0,
        "Tax Provision": 14900000.0,
        "Pretax Income": -112781000.0,
        "Other Income Expense": -46887000.0,
        "Other Non Operating Income Expenses": -2058000.0,
        "Net Non Operating Interest Income Expense": -76815000.0,
        "Interest Expense Non Operating": 102530000.0,
        "Interest Income Non Operating": 40262000.0,
        "Operating Income": 10921000.0,
        "Operating Expense": 88419000.0,
        "Other Operating Expenses": -37875000.0,
        "Provision For Doubtful Accounts": 13356000.0,
        "Selling General And Administration": 43494000.0,
        "General And Administrative Expense": 19356000.0,
        "Other Gand A": -214965000.0,
        "Gross Profit": 99340000.0,
        "Cost Of Revenue": 124787000.0,
        "Total Revenue": 224127000.0,
        "Operating Revenue": 220260000.0
    }
}