{
    "2024-09-30": {
        "Tax Effect Of Unusual Items": 118020.0,
        "Tax Rate For Calcs": 0.21,
        "Normalized EBITDA": 8203000.0,
        "Total Unusual Items": 562000.0,
        "Total Unusual Items Excluding Goodwill": 562000.0,
        "Net Income From Continuing Operation Net Minority Interest": 14869000.0,
        "Reconciled Depreciation": 6969000.0,
        "Reconciled Cost Of Revenue": 32067000.0,
        "EBITDA": 8765000.0,
        "EBIT": 1796000.0,
        "Net Interest Income": -943000.0,
        "Interest Expense": 943000.0,
        "Normalized Income": 14425020.0,
        "Net Income From Continuing And Discontinued Operation": -174298000.0,
        "Total Expenses": 42973000.0,
        "Total Operating Income As Reported": 1234000.0,
        "Diluted Average Shares": 87490000.0,
        "Basic Average Shares": 86377000.0,
        "Diluted EPS": -2.02,
        "Basic EPS": -2.02,
        "Diluted NI Availto Com Stockholders": -174298000.0,
        "Net Income Common Stockholders": -174298000.0,
        "Net Income": -174298000.0,
        "Net Income Including Noncontrolling Interests": -174298000.0,
        "Net Income Discontinuous Operations": -189167000.0,
        "Net Income Continuous Operations": 14869000.0,
        "Tax Provision": -14016000.0,
        "Pretax Income": 853000.0,
        "Other Income Expense": 562000.0,
        "Special Income Charges": NaN,
        "Write Off": NaN,
        "Impairment Of Capital Assets": NaN,
        "Gain On Sale Of Security": 562000.0,
        "Net Non Operating Interest Income Expense": -943000.0,
        "Total Other Finance Cost": NaN,
        "Interest Expense Non Operating": 943000.0,
        "Operating Income": 1234000.0,
        "Operating Expense": 10906000.0,
        "Other Operating Expenses": -99000.0,
        "Selling General And Administration": 11005000.0,
        "Gross Profit": 12140000.0,
        "Cost Of Revenue": 32067000.0,
        "Total Revenue": 44207000.0,
        "Operating Revenue": 44207000.0
    },
    "2024-06-30": {
        "Tax Effect Of Unusual Items": -108830.97831,
        "Tax Rate For Calcs": 0.223472,
        "Normalized EBITDA": 20418000.0,
        "Total Unusual Items": -487000.0,
        "Total Unusual Items Excluding Goodwill": -487000.0,
        "Net Income From Continuing Operation Net Minority Interest": 8628000.0,
        "Reconciled Depreciation": 7424000.0,
        "Reconciled Cost Of Revenue": 41966000.0,
        "EBITDA": 19931000.0,
        "EBIT": 12507000.0,
        "Net Interest Income": -909000.0,
        "Interest Expense": 1796000.0,
        "Normalized Income": 9006169.02169,
        "Net Income From Continuing And Discontinued Operation": 8040000.0,
        "Total Expenses": 54284000.0,
        "Total Operating Income As Reported": 12507000.0,
        "Diluted Average Shares": 87626000.0,
        "Basic Average Shares": 85473000.0,
        "Diluted EPS": 0.09,
        "Basic EPS": 0.09,
        "Diluted NI Availto Com Stockholders": 8040000.0,
        "Net Income Common Stockholders": 8040000.0,
        "Net Income": 8040000.0,
        "Net Income Including Noncontrolling Interests": 8040000.0,
        "Net Income Discontinuous Operations": -588000.0,
        "Net Income Continuous Operations": 8628000.0,
        "Tax Provision": 2483000.0,
        "Pretax Income": 11111000.0,
        "Other Income Expense": -487000.0,
        "Special Income Charges": 0.0,
        "Write Off": 0.0,
        "Impairment Of Capital Assets": NaN,
        "Gain On Sale Of Security": -487000.0,
        "Net Non Operating Interest Income Expense": -909000.0,
        "Total Other Finance Cost": 909000.0,
        "Interest Expense Non Operating": 1796000.0,
        "Operating Income": 12507000.0,
        "Operating Expense": 12318000.0,
        "Other Operating Expenses": -432000.0,
        "Selling General And Administration": 12750000.0,
        "Gross Profit": 24825000.0,
        "Cost Of Revenue": 41966000.0,
        "Total Revenue": 66791000.0,
        "Operating Revenue": 66791000.0
    },
    "2024-03-31": {
        "Tax Effect Of Unusual Items": NaN,
        "Tax Rate For Calcs": NaN,
        "Normalized EBITDA": NaN,
        "Total Unusual Items": NaN,
        "Total Unusual Items Excluding Goodwill": NaN,
        "Net Income From Continuing Operation Net Minority Interest": NaN,
        "Reconciled Depreciation": NaN,
        "Reconciled Cost Of Revenue": NaN,
        "EBITDA": NaN,
        "EBIT": NaN,
        "Net Interest Income": NaN,
        "Interest Expense": 1750000.0,
        "Normalized Income": NaN,
        "Net Income From Continuing And Discontinued Operation": NaN,
        "Total Expenses": NaN,
        "Total Operating Income As Reported": NaN,
        "Diluted Average Shares": NaN,
        "Basic Average Shares": NaN,
        "Diluted EPS": NaN,
        "Basic EPS": NaN,
        "Diluted NI Availto Com Stockholders": NaN,
        "Net Income Common Stockholders": NaN,
        "Net Income": NaN,
        "Net Income Including Noncontrolling Interests": NaN,
        "Net Income Discontinuous Operations": NaN,
        "Net Income Continuous Operations": NaN,
        "Tax Provision": NaN,
        "Pretax Income": NaN,
        "Other Income Expense": NaN,
        "Special Income Charges": NaN,
        "Write Off": NaN,
        "Impairment Of Capital Assets": NaN,
        "Gain On Sale Of Security": NaN,
        "Net Non Operating Interest Income Expense": NaN,
        "Total Other Finance Cost": 760000.0,
        "Interest Expense Non Operating": 1750000.0,
        "Operating Income": NaN,
        "Operating Expense": NaN,
        "Other Operating Expenses": NaN,
        "Selling General And Administration": NaN,
        "Gross Profit": NaN,
        "Cost Of Revenue": NaN,
        "Total Revenue": NaN,
        "Operating Revenue": NaN
    },
    "2023-12-31": {
        "Tax Effect Of Unusual Items": NaN,
        "Tax Rate For Calcs": NaN,
        "Normalized EBITDA": NaN,
        "Total Unusual Items": NaN,
        "Total Unusual Items Excluding Goodwill": NaN,
        "Net Income From Continuing Operation Net Minority Interest": NaN,
        "Reconciled Depreciation": NaN,
        "Reconciled Cost Of Revenue": NaN,
        "EBITDA": NaN,
        "EBIT": NaN,
        "Net Interest Income": NaN,
        "Interest Expense": 1919000.0,
        "Normalized Income": NaN,
        "Net Income From Continuing And Discontinued Operation": NaN,
        "Total Expenses": NaN,
        "Total Operating Income As Reported": NaN,
        "Diluted Average Shares": NaN,
        "Basic Average Shares": NaN,
        "Diluted EPS": NaN,
        "Basic EPS": NaN,
        "Diluted NI Availto Com Stockholders": NaN,
        "Net Income Common Stockholders": NaN,
        "Net Income": NaN,
        "Net Income Including Noncontrolling Interests": NaN,
        "Net Income Discontinuous Operations": NaN,
        "Net Income Continuous Operations": NaN,
        "Tax Provision": NaN,
        "Pretax Income": NaN,
        "Other Income Expense": NaN,
        "Special Income Charges": -3540000.0,
        "Write Off": NaN,
        "Impairment Of Capital Assets": 108000.0,
        "Gain On Sale Of Security": NaN,
        "Net Non Operating Interest Income Expense": NaN,
        "Total Other Finance Cost": NaN,
        "Interest Expense Non Operating": 1919000.0,
        "Operating Income": NaN,
        "Operating Expense": NaN,
        "Other Operating Expenses": NaN,
        "Selling General And Administration": NaN,
        "Gross Profit": NaN,
        "Cost Of Revenue": NaN,
        "Total Revenue": NaN,
        "Operating Revenue": NaN
    },
    "2023-09-30": {
        "Tax Effect Of Unusual Items": NaN,
        "Tax Rate For Calcs": NaN,
        "Normalized EBITDA": NaN,
        "Total Unusual Items": NaN,
        "Total Unusual Items Excluding Goodwill": NaN,
        "Net Income From Continuing Operation Net Minority Interest": NaN,
        "Reconciled Depreciation": NaN,
        "Reconciled Cost Of Revenue": NaN,
        "EBITDA": NaN,
        "EBIT": NaN,
        "Net Interest Income": NaN,
        "Interest Expense": NaN,
        "Normalized Income": NaN,
        "Net Income From Continuing And Discontinued Operation": NaN,
        "Total Expenses": NaN,
        "Total Operating Income As Reported": NaN,
        "Diluted Average Shares": NaN,
        "Basic Average Shares": NaN,
        "Diluted EPS": NaN,
        "Basic EPS": NaN,
        "Diluted NI Availto Com Stockholders": NaN,
        "Net Income Common Stockholders": NaN,
        "Net Income": NaN,
        "Net Income Including Noncontrolling Interests": NaN,
        "Net Income Discontinuous Operations": 4990000.0,
        "Net Income Continuous Operations": NaN,
        "Tax Provision": NaN,
        "Pretax Income": NaN,
        "Other Income Expense": NaN,
        "Special Income Charges": 0.0,
        "Write Off": NaN,
        "Impairment Of Capital Assets": 0.0,
        "Gain On Sale Of Security": NaN,
        "Net Non Operating Interest Income Expense": NaN,
        "Total Other Finance Cost": NaN,
        "Interest Expense Non Operating": NaN,
        "Operating Income": NaN,
        "Operating Expense": NaN,
        "Other Operating Expenses": NaN,
        "Selling General And Administration": NaN,
        "Gross Profit": NaN,
        "Cost Of Revenue": NaN,
        "Total Revenue": NaN,
        "Operating Revenue": NaN
    },
    "2023-06-30": {
        "Tax Effect Of Unusual Items": NaN,
        "Tax Rate For Calcs": NaN,
        "Normalized EBITDA": NaN,
        "Total Unusual Items": NaN,
        "Total Unusual Items Excluding Goodwill": NaN,
        "Net Income From Continuing Operation Net Minority Interest": NaN,
        "Reconciled Depreciation": NaN,
        "Reconciled Cost Of Revenue": NaN,
        "EBITDA": NaN,
        "EBIT": NaN,
        "Net Interest Income": NaN,
        "Interest Expense": NaN,
        "Normalized Income": NaN,
        "Net Income From Continuing And Discontinued Operation": NaN,
        "Total Expenses": NaN,
        "Total Operating Income As Reported": NaN,
        "Diluted Average Shares": NaN,
        "Basic Average Shares": NaN,
        "Diluted EPS": NaN,
        "Basic EPS": NaN,
        "Diluted NI Availto Com Stockholders": NaN,
        "Net Income Common Stockholders": NaN,
        "Net Income": NaN,
        "Net Income Including Noncontrolling Interests": NaN,
        "Net Income Discontinuous Operations": NaN,
        "Net Income Continuous Operations": NaN,
        "Tax Provision": NaN,
        "Pretax Income": NaN,
        "Other Income Expense": NaN,
        "Special Income Charges": -2816000.0,
        "Write Off": 2816000.0,
        "Impairment Of Capital Assets": 2816000.0,
        "Gain On Sale Of Security": NaN,
        "Net Non Operating Interest Income Expense": NaN,
        "Interest Expense Non Operating": NaN,
        "Operating Income": NaN,
        "Operating Expense": NaN,
        "Other Operating Expenses": NaN,
        "Selling General And Administration": NaN,
        "Gross Profit": NaN,
        "Cost Of Revenue": NaN,
        "Total Revenue": NaN,
        "Operating Revenue": NaN
    },
    "2024-12-31": {
        "Tax Effect Of Unusual Items": -184593.269934,
        "Tax Rate For Calcs": 0.264082,
        "Normalized EBITDA": 17370000.0,
        "Total Unusual Items": -699000.0,
        "Total Unusual Items Excluding Goodwill": -699000.0,
        "Net Income From Continuing Operation Net Minority Interest": 8048000.0,
        "Reconciled Depreciation": 5726000.0,
        "Reconciled Cost Of Revenue": 35001000.0,
        "EBITDA": 16671000.0,
        "EBIT": 10945000.0,
        "Net Interest Income": -9000.0,
        "Interest Expense": 9000.0,
        "Normalized Income": 8562406.730066,
        "Net Income From Continuing And Discontinued Operation": 8703000.0,
        "Total Expenses": 45880000.0,
        "Total Operating Income As Reported": 11644000.0,
        "Diluted Average Shares": 87222000.0,
        "Basic Average Shares": 86416000.0,
        "Diluted EPS": 0.1,
        "Basic EPS": 0.1,
        "Diluted NI Availto Com Stockholders": 8703000.0,
        "Net Income Common Stockholders": 8703000.0,
        "Net Income": 8703000.0,
        "Net Income Including Noncontrolling Interests": 8703000.0,
        "Net Income Discontinuous Operations": 655000.0,
        "Net Income Continuous Operations": 8048000.0,
        "Tax Provision": 2888000.0,
        "Pretax Income": 10936000.0,
        "Other Income Expense": -699000.0,
        "Special Income Charges": NaN,
        "Write Off": NaN,
        "Impairment Of Capital Assets": NaN,
        "Gain On Sale Of Security": -699000.0,
        "Net Non Operating Interest Income Expense": -9000.0,
        "Total Other Finance Cost": NaN,
        "Interest Expense Non Operating": 9000.0,
        "Operating Income": 11644000.0,
        "Operating Expense": 10879000.0,
        "Other Operating Expenses": 166000.0,
        "Selling General And Administration": 10713000.0,
        "Gross Profit": 22523000.0,
        "Cost Of Revenue": 35001000.0,
        "Total Revenue": 57524000.0,
        "Operating Revenue": 57524000.0
    },
    "2025-03-31": {
        "Tax Effect Of Unusual Items": 79460.763139,
        "Tax Rate For Calcs": 0.25306,
        "Normalized EBITDA": 19016000.0,
        "Total Unusual Items": 314000.0,
        "Total Unusual Items Excluding Goodwill": 314000.0,
        "Net Income From Continuing Operation Net Minority Interest": 10375000.0,
        "Reconciled Depreciation": 5802000.0,
        "Reconciled Cost Of Revenue": 39527000.0,
        "EBITDA": 19330000.0,
        "EBIT": 13528000.0,
        "Net Interest Income": 48000.0,
        "Interest Expense": NaN,
        "Normalized Income": 10140460.763139,
        "Net Income From Continuing And Discontinued Operation": 10003000.0,
        "Total Expenses": 51249000.0,
        "Total Operating Income As Reported": 13528000.0,
        "Diluted Average Shares": 86996000.0,
        "Basic Average Shares": 86057000.0,
        "Diluted EPS": 0.11,
        "Basic EPS": 0.12,
        "Diluted NI Availto Com Stockholders": 10003000.0,
        "Net Income Common Stockholders": 10003000.0,
        "Net Income": 10003000.0,
        "Net Income Including Noncontrolling Interests": 10003000.0,
        "Net Income Discontinuous Operations": -372000.0,
        "Net Income Continuous Operations": 10375000.0,
        "Tax Provision": 3515000.0,
        "Pretax Income": 13890000.0,
        "Other Income Expense": 314000.0,
        "Special Income Charges": NaN,
        "Write Off": NaN,
        "Impairment Of Capital Assets": NaN,
        "Gain On Sale Of Security": 314000.0,
        "Net Non Operating Interest Income Expense": 48000.0,
        "Total Other Finance Cost": -48000.0,
        "Interest Expense Non Operating": NaN,
        "Operating Income": 13528000.0,
        "Operating Expense": 11722000.0,
        "Other Operating Expenses": -24000.0,
        "Selling General And Administration": 11746000.0,
        "Gross Profit": 25250000.0,
        "Cost Of Revenue": 39527000.0,
        "Total Revenue": 64777000.0,
        "Operating Revenue": 64777000.0
    },
    "2025-06-30": {
        "Tax Effect Of Unusual Items": 177266.198792,
        "Tax Rate For Calcs": 0.283173,
        "Normalized EBITDA": 17175000.0,
        "Total Unusual Items": 626000.0,
        "Total Unusual Items Excluding Goodwill": 626000.0,
        "Net Income From Continuing Operation Net Minority Interest": 8784000.0,
        "Reconciled Depreciation": 6172000.0,
        "Reconciled Cost Of Revenue": 43052000.0,
        "EBITDA": 17801000.0,
        "EBIT": 11629000.0,
        "Net Interest Income": -1000.0,
        "Interest Expense": NaN,
        "Normalized Income": 8335266.198792,
        "Net Income From Continuing And Discontinued Operation": 8678000.0,
        "Total Expenses": 56604000.0,
        "Total Operating Income As Reported": 11629000.0,
        "Diluted Average Shares": 85423000.0,
        "Basic Average Shares": 84480000.0,
        "Diluted EPS": 0.1,
        "Basic EPS": 0.1,
        "Diluted NI Availto Com Stockholders": 8678000.0,
        "Net Income Common Stockholders": 8678000.0,
        "Net Income": 8678000.0,
        "Net Income Including Noncontrolling Interests": 8678000.0,
        "Net Income Discontinuous Operations": -106000.0,
        "Net Income Continuous Operations": 8784000.0,
        "Tax Provision": 3470000.0,
        "Pretax Income": 12254000.0,
        "Other Income Expense": 626000.0,
        "Special Income Charges": NaN,
        "Write Off": NaN,
        "Impairment Of Capital Assets": NaN,
        "Gain On Sale Of Security": 626000.0,
        "Net Non Operating Interest Income Expense": -1000.0,
        "Total Other Finance Cost": 1000.0,
        "Interest Expense Non Operating": NaN,
        "Operating Income": 11629000.0,
        "Operating Expense": 13552000.0,
        "Other Operating Expenses": -105000.0,
        "Selling General And Administration": 13657000.0,
        "Gross Profit": 25181000.0,
        "Cost Of Revenue": 43052000.0,
        "Total Revenue": 68233000.0,
        "Operating Revenue": 68233000.0
    }
}