{
    "2024-03-31": {
        "Tax Effect Of Unusual Items": NaN,
        "Tax Rate For Calcs": NaN,
        "Normalized EBITDA": NaN,
        "Total Unusual Items": NaN,
        "Total Unusual Items Excluding Goodwill": NaN,
        "Net Income From Continuing Operation Net Minority Interest": NaN,
        "Reconciled Depreciation": NaN,
        "Reconciled Cost Of Revenue": NaN,
        "EBITDA": NaN,
        "EBIT": NaN,
        "Net Interest Income": NaN,
        "Interest Income": 7690000.0,
        "Normalized Income": NaN,
        "Net Income From Continuing And Discontinued Operation": NaN,
        "Total Expenses": NaN,
        "Total Operating Income As Reported": NaN,
        "Diluted Average Shares": NaN,
        "Basic Average Shares": NaN,
        "Diluted EPS": NaN,
        "Basic EPS": NaN,
        "Diluted NI Availto Com Stockholders": NaN,
        "Net Income Common Stockholders": NaN,
        "Net Income": NaN,
        "Minority Interests": NaN,
        "Net Income Including Noncontrolling Interests": NaN,
        "Net Income Continuous Operations": NaN,
        "Tax Provision": NaN,
        "Pretax Income": NaN,
        "Other Income Expense": NaN,
        "Other Non Operating Income Expenses": NaN,
        "Special Income Charges": NaN,
        "Write Off": NaN,
        "Impairment Of Capital Assets": 0.0,
        "Restructuring And Mergern Acquisition": 14577000.0,
        "Gain On Sale Of Security": NaN,
        "Net Non Operating Interest Income Expense": NaN,
        "Total Other Finance Cost": NaN,
        "Interest Income Non Operating": 7690000.0,
        "Operating Income": NaN,
        "Operating Expense": NaN,
        "Depreciation Amortization Depletion Income Statement": NaN,
        "Depreciation And Amortization In Income Statement": NaN,
        "Research And Development": NaN,
        "Selling General And Administration": NaN,
        "Selling And Marketing Expense": NaN,
        "General And Administrative Expense": NaN,
        "Other Gand A": NaN,
        "Gross Profit": NaN,
        "Cost Of Revenue": NaN,
        "Total Revenue": NaN,
        "Operating Revenue": NaN
    },
    "2023-12-31": {
        "Tax Effect Of Unusual Items": NaN,
        "Tax Rate For Calcs": NaN,
        "Normalized EBITDA": NaN,
        "Total Unusual Items": NaN,
        "Total Unusual Items Excluding Goodwill": NaN,
        "Net Income From Continuing Operation Net Minority Interest": NaN,
        "Reconciled Depreciation": NaN,
        "Reconciled Cost Of Revenue": NaN,
        "EBITDA": NaN,
        "EBIT": NaN,
        "Net Interest Income": NaN,
        "Interest Income": NaN,
        "Normalized Income": NaN,
        "Net Income From Continuing And Discontinued Operation": NaN,
        "Total Expenses": NaN,
        "Total Operating Income As Reported": NaN,
        "Diluted Average Shares": NaN,
        "Basic Average Shares": NaN,
        "Diluted EPS": NaN,
        "Basic EPS": NaN,
        "Diluted NI Availto Com Stockholders": NaN,
        "Net Income Common Stockholders": NaN,
        "Net Income": NaN,
        "Minority Interests": NaN,
        "Net Income Including Noncontrolling Interests": NaN,
        "Net Income Continuous Operations": NaN,
        "Tax Provision": NaN,
        "Pretax Income": NaN,
        "Other Income Expense": NaN,
        "Other Non Operating Income Expenses": 61982000.0,
        "Special Income Charges": NaN,
        "Impairment Of Capital Assets": NaN,
        "Restructuring And Mergern Acquisition": NaN,
        "Gain On Sale Of Security": NaN,
        "Net Non Operating Interest Income Expense": NaN,
        "Total Other Finance Cost": -10798000.0,
        "Interest Income Non Operating": NaN,
        "Operating Income": NaN,
        "Operating Expense": NaN,
        "Depreciation Amortization Depletion Income Statement": NaN,
        "Depreciation And Amortization In Income Statement": NaN,
        "Research And Development": NaN,
        "Selling General And Administration": NaN,
        "Selling And Marketing Expense": NaN,
        "General And Administrative Expense": NaN,
        "Other Gand A": NaN,
        "Gross Profit": NaN,
        "Cost Of Revenue": NaN,
        "Total Revenue": NaN,
        "Operating Revenue": NaN
    },
    "2023-09-30": {
        "Tax Effect Of Unusual Items": NaN,
        "Tax Rate For Calcs": NaN,
        "Normalized EBITDA": NaN,
        "Total Unusual Items": NaN,
        "Total Unusual Items Excluding Goodwill": NaN,
        "Net Income From Continuing Operation Net Minority Interest": NaN,
        "Reconciled Depreciation": NaN,
        "Reconciled Cost Of Revenue": NaN,
        "EBITDA": NaN,
        "EBIT": NaN,
        "Net Interest Income": NaN,
        "Interest Income": NaN,
        "Normalized Income": NaN,
        "Net Income From Continuing And Discontinued Operation": NaN,
        "Total Expenses": NaN,
        "Total Operating Income As Reported": NaN,
        "Diluted Average Shares": 68644032.0,
        "Basic Average Shares": 68644032.0,
        "Diluted EPS": -0.96,
        "Basic EPS": -0.96,
        "Diluted NI Availto Com Stockholders": NaN,
        "Net Income Common Stockholders": NaN,
        "Net Income": NaN,
        "Minority Interests": NaN,
        "Net Income Including Noncontrolling Interests": NaN,
        "Net Income Continuous Operations": NaN,
        "Tax Provision": NaN,
        "Pretax Income": NaN,
        "Other Income Expense": NaN,
        "Other Non Operating Income Expenses": NaN,
        "Special Income Charges": NaN,
        "Impairment Of Capital Assets": NaN,
        "Restructuring And Mergern Acquisition": NaN,
        "Gain On Sale Of Security": -140029000.0,
        "Net Non Operating Interest Income Expense": NaN,
        "Total Other Finance Cost": NaN,
        "Interest Income Non Operating": NaN,
        "Operating Income": NaN,
        "Operating Expense": NaN,
        "Depreciation Amortization Depletion Income Statement": NaN,
        "Depreciation And Amortization In Income Statement": NaN,
        "Research And Development": NaN,
        "Selling General And Administration": NaN,
        "Selling And Marketing Expense": NaN,
        "General And Administrative Expense": NaN,
        "Other Gand A": NaN,
        "Gross Profit": NaN,
        "Cost Of Revenue": NaN,
        "Total Revenue": NaN,
        "Operating Revenue": NaN
    },
    "2023-03-31": {
        "Tax Effect Of Unusual Items": NaN,
        "Tax Rate For Calcs": NaN,
        "Normalized EBITDA": NaN,
        "Total Unusual Items": 0.0,
        "Total Unusual Items Excluding Goodwill": 0.0,
        "Net Income From Continuing Operation Net Minority Interest": NaN,
        "Reconciled Depreciation": NaN,
        "Reconciled Cost Of Revenue": NaN,
        "EBITDA": NaN,
        "EBIT": NaN,
        "Net Interest Income": NaN,
        "Interest Income": 3710256.0,
        "Normalized Income": NaN,
        "Net Income From Continuing And Discontinued Operation": NaN,
        "Total Expenses": NaN,
        "Total Operating Income As Reported": NaN,
        "Diluted Average Shares": 3748476.0,
        "Basic Average Shares": 3748476.0,
        "Diluted EPS": -4.55,
        "Basic EPS": -4.55,
        "Diluted NI Availto Com Stockholders": NaN,
        "Net Income Common Stockholders": NaN,
        "Net Income": NaN,
        "Minority Interests": NaN,
        "Net Income Including Noncontrolling Interests": NaN,
        "Net Income Continuous Operations": NaN,
        "Tax Provision": NaN,
        "Pretax Income": NaN,
        "Other Income Expense": NaN,
        "Other Non Operating Income Expenses": 2000.0,
        "Special Income Charges": 0.0,
        "Restructuring And Mergern Acquisition": 0.0,
        "Gain On Sale Of Security": -4445810.0,
        "Net Non Operating Interest Income Expense": NaN,
        "Total Other Finance Cost": 30000.0,
        "Interest Income Non Operating": 3710256.0,
        "Operating Income": NaN,
        "Operating Expense": NaN,
        "Depreciation Amortization Depletion Income Statement": NaN,
        "Depreciation And Amortization In Income Statement": NaN,
        "Research And Development": NaN,
        "Selling General And Administration": NaN,
        "Selling And Marketing Expense": NaN,
        "General And Administrative Expense": NaN,
        "Other Gand A": NaN,
        "Gross Profit": NaN,
        "Cost Of Revenue": NaN,
        "Total Revenue": NaN,
        "Operating Revenue": NaN
    },
    "2022-12-31": {
        "Tax Effect Of Unusual Items": NaN,
        "Tax Rate For Calcs": NaN,
        "Normalized EBITDA": NaN,
        "Total Unusual Items": -17662840.0,
        "Total Unusual Items Excluding Goodwill": -17662840.0,
        "Net Income From Continuing Operation Net Minority Interest": NaN,
        "Reconciled Depreciation": NaN,
        "Reconciled Cost Of Revenue": NaN,
        "EBITDA": NaN,
        "EBIT": NaN,
        "Net Interest Income": NaN,
        "Interest Income": 2906397.0,
        "Normalized Income": NaN,
        "Net Income From Continuing And Discontinued Operation": NaN,
        "Total Expenses": NaN,
        "Total Operating Income As Reported": NaN,
        "Diluted Average Shares": NaN,
        "Basic Average Shares": NaN,
        "Diluted EPS": NaN,
        "Basic EPS": NaN,
        "Diluted NI Availto Com Stockholders": NaN,
        "Net Income Common Stockholders": NaN,
        "Net Income": NaN,
        "Minority Interests": NaN,
        "Net Income Including Noncontrolling Interests": NaN,
        "Net Income Continuous Operations": NaN,
        "Tax Provision": NaN,
        "Pretax Income": NaN,
        "Other Income Expense": NaN,
        "Other Non Operating Income Expenses": NaN,
        "Special Income Charges": NaN,
        "Restructuring And Mergern Acquisition": NaN,
        "Gain On Sale Of Security": -17662840.0,
        "Net Non Operating Interest Income Expense": NaN,
        "Total Other Finance Cost": NaN,
        "Interest Income Non Operating": 2906397.0,
        "Operating Income": NaN,
        "Operating Expense": NaN,
        "Depreciation Amortization Depletion Income Statement": NaN,
        "Depreciation And Amortization In Income Statement": NaN,
        "Research And Development": NaN,
        "Selling General And Administration": NaN,
        "Selling And Marketing Expense": NaN,
        "General And Administrative Expense": NaN,
        "Other Gand A": NaN,
        "Gross Profit": NaN,
        "Cost Of Revenue": NaN,
        "Total Revenue": NaN,
        "Operating Revenue": NaN
    },
    "2024-06-30": {
        "Tax Effect Of Unusual Items": NaN,
        "Tax Rate For Calcs": NaN,
        "Normalized EBITDA": NaN,
        "Total Unusual Items": NaN,
        "Total Unusual Items Excluding Goodwill": NaN,
        "Net Income From Continuing Operation Net Minority Interest": NaN,
        "Reconciled Depreciation": NaN,
        "Reconciled Cost Of Revenue": NaN,
        "EBITDA": NaN,
        "EBIT": NaN,
        "Net Interest Income": NaN,
        "Interest Income": NaN,
        "Normalized Income": NaN,
        "Net Income From Continuing And Discontinued Operation": NaN,
        "Total Expenses": NaN,
        "Total Operating Income As Reported": NaN,
        "Diluted Average Shares": 72177000.0,
        "Basic Average Shares": 72177000.0,
        "Diluted EPS": -0.06,
        "Basic EPS": -0.06,
        "Diluted NI Availto Com Stockholders": NaN,
        "Net Income Common Stockholders": NaN,
        "Net Income": NaN,
        "Minority Interests": NaN,
        "Net Income Including Noncontrolling Interests": NaN,
        "Net Income Continuous Operations": NaN,
        "Tax Provision": NaN,
        "Pretax Income": NaN,
        "Other Income Expense": NaN,
        "Other Non Operating Income Expenses": NaN,
        "Special Income Charges": 0.0,
        "Write Off": NaN,
        "Impairment Of Capital Assets": 0.0,
        "Restructuring And Mergern Acquisition": NaN,
        "Gain On Sale Of Security": 16249000.0,
        "Net Non Operating Interest Income Expense": NaN,
        "Total Other Finance Cost": -9029000.0,
        "Interest Income Non Operating": NaN,
        "Operating Income": NaN,
        "Operating Expense": NaN,
        "Depreciation Amortization Depletion Income Statement": NaN,
        "Depreciation And Amortization In Income Statement": NaN,
        "Research And Development": NaN,
        "Selling General And Administration": NaN,
        "Selling And Marketing Expense": NaN,
        "General And Administrative Expense": NaN,
        "Other Gand A": NaN,
        "Gross Profit": NaN,
        "Cost Of Revenue": NaN,
        "Total Revenue": NaN,
        "Operating Revenue": NaN
    },
    "2024-09-30": {
        "Tax Effect Of Unusual Items": 5814900.0,
        "Tax Rate For Calcs": 0.21,
        "Normalized EBITDA": -54725000.0,
        "Total Unusual Items": 27690000.0,
        "Total Unusual Items Excluding Goodwill": 27690000.0,
        "Net Income From Continuing Operation Net Minority Interest": 818000.0,
        "Reconciled Depreciation": 20210000.0,
        "Reconciled Cost Of Revenue": 1000.0,
        "EBITDA": -27035000.0,
        "EBIT": -47245000.0,
        "Net Interest Income": 7992000.0,
        "Interest Income": NaN,
        "Normalized Income": -21057100.0,
        "Net Income From Continuing And Discontinued Operation": 818000.0,
        "Total Expenses": 47257000.0,
        "Total Operating Income As Reported": -47245000.0,
        "Diluted Average Shares": 73537000.0,
        "Basic Average Shares": 73537000.0,
        "Diluted EPS": 0.01,
        "Basic EPS": 0.01,
        "Diluted NI Availto Com Stockholders": 818000.0,
        "Net Income Common Stockholders": 818000.0,
        "Net Income": 818000.0,
        "Minority Interests": 7632000.0,
        "Net Income Including Noncontrolling Interests": -6814000.0,
        "Net Income Continuous Operations": -6814000.0,
        "Tax Provision": -4746000.0,
        "Pretax Income": -11560000.0,
        "Other Income Expense": 27693000.0,
        "Other Non Operating Income Expenses": 3000.0,
        "Special Income Charges": 0.0,
        "Write Off": 0.0,
        "Impairment Of Capital Assets": NaN,
        "Restructuring And Mergern Acquisition": NaN,
        "Gain On Sale Of Security": 27690000.0,
        "Net Non Operating Interest Income Expense": 7992000.0,
        "Total Other Finance Cost": -7992000.0,
        "Interest Income Non Operating": NaN,
        "Operating Income": -47245000.0,
        "Operating Expense": 47256000.0,
        "Depreciation Amortization Depletion Income Statement": 20210000.0,
        "Depreciation And Amortization In Income Statement": 20210000.0,
        "Research And Development": 17566000.0,
        "Selling General And Administration": 9480000.0,
        "Selling And Marketing Expense": 1032000.0,
        "General And Administrative Expense": 8448000.0,
        "Other Gand A": 8448000.0,
        "Gross Profit": 11000.0,
        "Cost Of Revenue": 1000.0,
        "Total Revenue": 12000.0,
        "Operating Revenue": 12000.0
    },
    "2024-12-31": {
        "Tax Effect Of Unusual Items": -11553570.0,
        "Tax Rate For Calcs": 0.21,
        "Normalized EBITDA": 25912000.0,
        "Total Unusual Items": -55017000.0,
        "Total Unusual Items Excluding Goodwill": -55017000.0,
        "Net Income From Continuing Operation Net Minority Interest": -34320000.0,
        "Reconciled Depreciation": 21334000.0,
        "Reconciled Cost Of Revenue": 0.0,
        "EBITDA": -29105000.0,
        "EBIT": -50439000.0,
        "Net Interest Income": 6677000.0,
        "Interest Income": NaN,
        "Normalized Income": 9143430.0,
        "Net Income From Continuing And Discontinued Operation": -34320000.0,
        "Total Expenses": 50439000.0,
        "Total Operating Income As Reported": -50439000.0,
        "Diluted Average Shares": NaN,
        "Basic Average Shares": NaN,
        "Diluted EPS": NaN,
        "Basic EPS": NaN,
        "Diluted NI Availto Com Stockholders": -34320000.0,
        "Net Income Common Stockholders": -34320000.0,
        "Net Income": -34320000.0,
        "Minority Interests": 64662000.0,
        "Net Income Including Noncontrolling Interests": -98982000.0,
        "Net Income Continuous Operations": -98982000.0,
        "Tax Provision": 557000.0,
        "Pretax Income": -98425000.0,
        "Other Income Expense": -54663000.0,
        "Other Non Operating Income Expenses": 354000.0,
        "Special Income Charges": NaN,
        "Write Off": NaN,
        "Impairment Of Capital Assets": NaN,
        "Restructuring And Mergern Acquisition": NaN,
        "Gain On Sale Of Security": -55017000.0,
        "Net Non Operating Interest Income Expense": 6677000.0,
        "Total Other Finance Cost": -6677000.0,
        "Interest Income Non Operating": NaN,
        "Operating Income": -50439000.0,
        "Operating Expense": 50439000.0,
        "Depreciation Amortization Depletion Income Statement": 21334000.0,
        "Depreciation And Amortization In Income Statement": 21334000.0,
        "Research And Development": 20276000.0,
        "Selling General And Administration": 8829000.0,
        "Selling And Marketing Expense": 1205000.0,
        "General And Administrative Expense": 7624000.0,
        "Other Gand A": 7624000.0,
        "Gross Profit": 0.0,
        "Cost Of Revenue": 0.0,
        "Total Revenue": 0.0,
        "Operating Revenue": 0.0
    },
    "2025-03-31": {
        "Tax Effect Of Unusual Items": -71763720.0,
        "Tax Rate For Calcs": 0.21,
        "Normalized EBITDA": 304764000.0,
        "Total Unusual Items": -341732000.0,
        "Total Unusual Items Excluding Goodwill": -341732000.0,
        "Net Income From Continuing Operation Net Minority Interest": -119350000.0,
        "Reconciled Depreciation": 21688000.0,
        "Reconciled Cost Of Revenue": 0.0,
        "EBITDA": -36968000.0,
        "EBIT": -58656000.0,
        "Net Interest Income": 5880000.0,
        "Interest Income": 5880000.0,
        "Normalized Income": 150618280.0,
        "Net Income From Continuing And Discontinued Operation": -119350000.0,
        "Total Expenses": 58656000.0,
        "Total Operating Income As Reported": -474553000.0,
        "Diluted Average Shares": 76997000.0,
        "Basic Average Shares": 76997000.0,
        "Diluted EPS": -1.55006,
        "Basic EPS": -1.55,
        "Diluted NI Availto Com Stockholders": -119350000.0,
        "Net Income Common Stockholders": -119350000.0,
        "Net Income": -119350000.0,
        "Minority Interests": 254236000.0,
        "Net Income Including Noncontrolling Interests": -373586000.0,
        "Net Income Continuous Operations": -373586000.0,
        "Tax Provision": 397000.0,
        "Pretax Income": -373189000.0,
        "Other Income Expense": -320413000.0,
        "Other Non Operating Income Expenses": 21319000.0,
        "Special Income Charges": -341732000.0,
        "Write Off": NaN,
        "Impairment Of Capital Assets": 415897000.0,
        "Restructuring And Mergern Acquisition": -74165000.0,
        "Gain On Sale Of Security": NaN,
        "Net Non Operating Interest Income Expense": 5880000.0,
        "Total Other Finance Cost": NaN,
        "Interest Income Non Operating": 5880000.0,
        "Operating Income": -58656000.0,
        "Operating Expense": 58656000.0,
        "Depreciation Amortization Depletion Income Statement": 21688000.0,
        "Depreciation And Amortization In Income Statement": 21688000.0,
        "Research And Development": 27090000.0,
        "Selling General And Administration": 9878000.0,
        "Selling And Marketing Expense": 1187000.0,
        "General And Administrative Expense": 8691000.0,
        "Other Gand A": 8691000.0,
        "Gross Profit": 0.0,
        "Cost Of Revenue": 0.0,
        "Total Revenue": 0.0,
        "Operating Revenue": 0.0
    },
    "2025-06-30": {
        "Tax Effect Of Unusual Items": 27431.067659,
        "Tax Rate For Calcs": 0.019386,
        "Normalized EBITDA": -70301000.0,
        "Total Unusual Items": 1415000.0,
        "Total Unusual Items Excluding Goodwill": 1415000.0,
        "Net Income From Continuing Operation Net Minority Interest": -28142000.0,
        "Reconciled Depreciation": 21506000.0,
        "Reconciled Cost Of Revenue": 163000.0,
        "EBITDA": -68886000.0,
        "EBIT": -90555000.0,
        "Net Interest Income": 5466000.0,
        "Interest Income": NaN,
        "Normalized Income": -29529568.932341,
        "Net Income From Continuing And Discontinued Operation": -28142000.0,
        "Total Expenses": 90555000.0,
        "Total Operating Income As Reported": -90555000.0,
        "Diluted Average Shares": 77699000.0,
        "Basic Average Shares": 77699000.0,
        "Diluted EPS": -0.36,
        "Basic EPS": -0.36,
        "Diluted NI Availto Com Stockholders": -28142000.0,
        "Net Income Common Stockholders": -28142000.0,
        "Net Income": -28142000.0,
        "Minority Interests": 53905000.0,
        "Net Income Including Noncontrolling Interests": -82047000.0,
        "Net Income Continuous Operations": -82047000.0,
        "Tax Provision": -1622000.0,
        "Pretax Income": -83669000.0,
        "Other Income Expense": 1420000.0,
        "Other Non Operating Income Expenses": 5000.0,
        "Special Income Charges": 0.0,
        "Write Off": NaN,
        "Impairment Of Capital Assets": 0.0,
        "Restructuring And Mergern Acquisition": NaN,
        "Gain On Sale Of Security": 1415000.0,
        "Net Non Operating Interest Income Expense": 5466000.0,
        "Total Other Finance Cost": -5466000.0,
        "Interest Income Non Operating": NaN,
        "Operating Income": -90555000.0,
        "Operating Expense": 90555000.0,
        "Depreciation Amortization Depletion Income Statement": 21669000.0,
        "Depreciation And Amortization In Income Statement": 21669000.0,
        "Research And Development": 53816000.0,
        "Selling General And Administration": 15070000.0,
        "Selling And Marketing Expense": 1492000.0,
        "General And Administrative Expense": 13578000.0,
        "Other Gand A": 13578000.0,
        "Gross Profit": 0.0,
        "Cost Of Revenue": 0.0,
        "Total Revenue": 0.0,
        "Operating Revenue": 0.0
    },
    "2025-09-30": {
        "Tax Effect Of Unusual Items": -1120408.889708,
        "Tax Rate For Calcs": 0.001014,
        "Normalized EBITDA": 1060246000.0,
        "Total Unusual Items": -1105162000.0,
        "Total Unusual Items Excluding Goodwill": -1105162000.0,
        "Net Income From Continuing Operation Net Minority Interest": -411498000.0,
        "Reconciled Depreciation": 15742000.0,
        "Reconciled Cost Of Revenue": 0.0,
        "EBITDA": -44916000.0,
        "EBIT": -60658000.0,
        "Net Interest Income": 4835000.0,
        "Interest Income": NaN,
        "Normalized Income": 692543591.110292,
        "Net Income From Continuing And Discontinued Operation": -411498000.0,
        "Total Expenses": 60658000.0,
        "Total Operating Income As Reported": -1156497000.0,
        "Diluted Average Shares": 77883000.0,
        "Basic Average Shares": 77883000.0,
        "Diluted EPS": -5.28,
        "Basic EPS": -5.28,
        "Diluted NI Availto Com Stockholders": -411498000.0,
        "Net Income Common Stockholders": -411498000.0,
        "Net Income": -411498000.0,
        "Minority Interests": 748308000.0,
        "Net Income Including Noncontrolling Interests": -1159806000.0,
        "Net Income Continuous Operations": -1159806000.0,
        "Tax Provision": -1177000.0,
        "Pretax Income": -1160983000.0,
        "Other Income Expense": -1105160000.0,
        "Other Non Operating Income Expenses": 2000.0,
        "Special Income Charges": -1095839000.0,
        "Write Off": 1095839000.0,
        "Impairment Of Capital Assets": NaN,
        "Restructuring And Mergern Acquisition": NaN,
        "Gain On Sale Of Security": -9323000.0,
        "Net Non Operating Interest Income Expense": 4835000.0,
        "Total Other Finance Cost": -4835000.0,
        "Interest Income Non Operating": NaN,
        "Operating Income": -60658000.0,
        "Operating Expense": 60658000.0,
        "Depreciation Amortization Depletion Income Statement": 15580000.0,
        "Depreciation And Amortization In Income Statement": 15580000.0,
        "Research And Development": 34575000.0,
        "Selling General And Administration": 10503000.0,
        "Selling And Marketing Expense": 1395000.0,
        "General And Administrative Expense": 9108000.0,
        "Other Gand A": 9108000.0,
        "Gross Profit": 0.0,
        "Cost Of Revenue": 0.0,
        "Total Revenue": 0.0,
        "Operating Revenue": 0.0
    }
}