{
    "2023-03-31": {
        "Tax Effect Of Unusual Items": NaN,
        "Tax Rate For Calcs": NaN,
        "Normalized EBITDA": NaN,
        "Total Unusual Items": NaN,
        "Total Unusual Items Excluding Goodwill": NaN,
        "Net Income From Continuing Operation Net Minority Interest": NaN,
        "Reconciled Depreciation": NaN,
        "Reconciled Cost Of Revenue": NaN,
        "EBITDA": NaN,
        "EBIT": NaN,
        "Net Interest Income": NaN,
        "Interest Expense": NaN,
        "Normalized Income": NaN,
        "Net Income From Continuing And Discontinued Operation": NaN,
        "Total Expenses": NaN,
        "Total Operating Income As Reported": NaN,
        "Diluted Average Shares": 230000000.0,
        "Basic Average Shares": 230000000.0,
        "Diluted EPS": -5.82,
        "Basic EPS": -5.82,
        "Diluted NI Availto Com Stockholders": NaN,
        "Net Income Common Stockholders": NaN,
        "Preferred Stock Dividends": NaN,
        "Net Income": NaN,
        "Net Income Including Noncontrolling Interests": NaN,
        "Net Income Continuous Operations": NaN,
        "Tax Provision": NaN,
        "Pretax Income": NaN,
        "Other Income Expense": NaN,
        "Other Non Operating Income Expenses": NaN,
        "Special Income Charges": NaN,
        "Gain On Sale Of Ppe": NaN,
        "Other Special Charges": NaN,
        "Write Off": NaN,
        "Restructuring And Mergern Acquisition": NaN,
        "Earnings From Equity Interest": NaN,
        "Net Non Operating Interest Income Expense": NaN,
        "Interest Expense Non Operating": NaN,
        "Operating Income": NaN,
        "Operating Expense": NaN,
        "Depreciation Amortization Depletion Income Statement": NaN,
        "Depreciation And Amortization In Income Statement": NaN,
        "Selling General And Administration": NaN,
        "Gross Profit": NaN,
        "Cost Of Revenue": NaN,
        "Total Revenue": NaN,
        "Operating Revenue": NaN
    },
    "2022-12-31": {
        "Tax Effect Of Unusual Items": NaN,
        "Tax Rate For Calcs": NaN,
        "Normalized EBITDA": NaN,
        "Total Unusual Items": NaN,
        "Total Unusual Items Excluding Goodwill": NaN,
        "Net Income From Continuing Operation Net Minority Interest": NaN,
        "Reconciled Depreciation": NaN,
        "Reconciled Cost Of Revenue": NaN,
        "EBITDA": NaN,
        "EBIT": NaN,
        "Net Interest Income": NaN,
        "Interest Expense": NaN,
        "Normalized Income": NaN,
        "Net Income From Continuing And Discontinued Operation": NaN,
        "Total Expenses": NaN,
        "Total Operating Income As Reported": NaN,
        "Diluted Average Shares": NaN,
        "Basic Average Shares": NaN,
        "Diluted EPS": NaN,
        "Basic EPS": NaN,
        "Diluted NI Availto Com Stockholders": NaN,
        "Net Income Common Stockholders": NaN,
        "Preferred Stock Dividends": NaN,
        "Net Income": NaN,
        "Net Income Including Noncontrolling Interests": NaN,
        "Net Income Continuous Operations": NaN,
        "Tax Provision": NaN,
        "Pretax Income": NaN,
        "Other Income Expense": NaN,
        "Other Non Operating Income Expenses": NaN,
        "Special Income Charges": NaN,
        "Gain On Sale Of Ppe": NaN,
        "Other Special Charges": NaN,
        "Write Off": -198000000.0,
        "Restructuring And Mergern Acquisition": NaN,
        "Earnings From Equity Interest": NaN,
        "Net Non Operating Interest Income Expense": NaN,
        "Interest Expense Non Operating": NaN,
        "Operating Income": NaN,
        "Operating Expense": NaN,
        "Provision For Doubtful Accounts": -92000000.0,
        "Depreciation Amortization Depletion Income Statement": NaN,
        "Depreciation And Amortization In Income Statement": NaN,
        "Selling General And Administration": NaN,
        "Gross Profit": NaN,
        "Cost Of Revenue": NaN,
        "Total Revenue": NaN,
        "Operating Revenue": NaN
    },
    "2022-09-30": {
        "Tax Effect Of Unusual Items": NaN,
        "Tax Rate For Calcs": NaN,
        "Normalized EBITDA": NaN,
        "Total Unusual Items": NaN,
        "Total Unusual Items Excluding Goodwill": NaN,
        "Net Income From Continuing Operation Net Minority Interest": NaN,
        "Reconciled Depreciation": NaN,
        "Reconciled Cost Of Revenue": NaN,
        "EBITDA": NaN,
        "EBIT": NaN,
        "Net Interest Income": NaN,
        "Interest Expense": NaN,
        "Normalized Income": NaN,
        "Net Income From Continuing And Discontinued Operation": NaN,
        "Total Expenses": NaN,
        "Total Operating Income As Reported": NaN,
        "Diluted Average Shares": 235000000.0,
        "Basic Average Shares": 235000000.0,
        "Diluted EPS": 0.29,
        "Basic EPS": 0.29,
        "Diluted NI Availto Com Stockholders": NaN,
        "Net Income Common Stockholders": NaN,
        "Preferred Stock Dividends": NaN,
        "Net Income": NaN,
        "Net Income Including Noncontrolling Interests": NaN,
        "Net Income Continuous Operations": NaN,
        "Tax Provision": NaN,
        "Pretax Income": NaN,
        "Other Income Expense": NaN,
        "Other Non Operating Income Expenses": NaN,
        "Special Income Charges": NaN,
        "Gain On Sale Of Ppe": NaN,
        "Other Special Charges": NaN,
        "Write Off": 43000000.0,
        "Restructuring And Mergern Acquisition": NaN,
        "Earnings From Equity Interest": NaN,
        "Net Non Operating Interest Income Expense": NaN,
        "Interest Expense Non Operating": NaN,
        "Operating Income": NaN,
        "Operating Expense": NaN,
        "Provision For Doubtful Accounts": 52000000.0,
        "Depreciation Amortization Depletion Income Statement": NaN,
        "Depreciation And Amortization In Income Statement": NaN,
        "Selling General And Administration": NaN,
        "Gross Profit": NaN,
        "Cost Of Revenue": NaN,
        "Total Revenue": NaN,
        "Operating Revenue": NaN
    },
    "2022-06-30": {
        "Tax Effect Of Unusual Items": -30457000.0,
        "Tax Rate For Calcs": 0.229,
        "Normalized EBITDA": 1060000000.0,
        "Total Unusual Items": -133000000.0,
        "Total Unusual Items Excluding Goodwill": -133000000.0,
        "Net Income From Continuing Operation Net Minority Interest": 513000000.0,
        "Reconciled Depreciation": 152000000.0,
        "Reconciled Cost Of Revenue": 5892000000.0,
        "EBITDA": 927000000.0,
        "EBIT": 770000000.0,
        "Net Interest Income": -105000000.0,
        "Interest Expense": 105000000.0,
        "Normalized Income": 615543000.0,
        "Net Income From Continuing And Discontinued Operation": 513000000.0,
        "Total Expenses": 6395000000.0,
        "Total Operating Income As Reported": 754000000.0,
        "Diluted Average Shares": 237000000.0,
        "Basic Average Shares": 237000000.0,
        "Diluted EPS": 2.16,
        "Basic EPS": 2.16,
        "Diluted NI Availto Com Stockholders": 513000000.0,
        "Net Income Common Stockholders": 513000000.0,
        "Preferred Stock Dividends": NaN,
        "Net Income": 513000000.0,
        "Net Income Including Noncontrolling Interests": 513000000.0,
        "Net Income Continuous Operations": 513000000.0,
        "Tax Provision": 152000000.0,
        "Pretax Income": 665000000.0,
        "Other Income Expense": -117000000.0,
        "Other Non Operating Income Expenses": 12000000.0,
        "Special Income Charges": -133000000.0,
        "Gain On Sale Of Ppe": 32000000.0,
        "Write Off": 155000000.0,
        "Restructuring And Mergern Acquisition": 10000000.0,
        "Earnings From Equity Interest": 4000000.0,
        "Net Non Operating Interest Income Expense": -105000000.0,
        "Interest Expense Non Operating": 105000000.0,
        "Operating Income": 887000000.0,
        "Operating Expense": 508000000.0,
        "Other Operating Expenses": 26000000.0,
        "Provision For Doubtful Accounts": NaN,
        "Depreciation Amortization Depletion Income Statement": 157000000.0,
        "Depreciation And Amortization In Income Statement": 157000000.0,
        "Selling General And Administration": 325000000.0,
        "Gross Profit": 1395000000.0,
        "Cost Of Revenue": 5887000000.0,
        "Total Revenue": 7282000000.0,
        "Operating Revenue": 7282000000.0
    },
    "2022-03-31": {
        "Diluted EPS": 7.17,
        "Total Revenue": NaN,
        "Gross Profit": NaN,
        "Operating Income": NaN,
        "EBIT": NaN,
        "Net Income": NaN
    },
    "2021-12-31": {
        "Diluted EPS": -1.74,
        "Total Revenue": NaN,
        "Gross Profit": 61,
        "Operating Income": -479,
        "EBIT": -233,
        "Net Income": -427
    },
    "2021-09-30": {
        "Diluted EPS": 6.6,
        "Total Revenue": NaN,
        "Gross Profit": NaN,
        "Operating Income": NaN,
        "EBIT": NaN,
        "Net Income": NaN
    },
    "2021-06-30": {
        "Diluted EPS": 4.4,
        "Total Revenue": NaN,
        "Gross Profit": NaN,
        "Operating Income": NaN,
        "EBIT": NaN,
        "Net Income": NaN
    },
    "2021-03-31": {
        "Diluted EPS": -0.33,
        "Total Revenue": NaN,
        "Gross Profit": NaN,
        "Operating Income": -56,
        "EBIT": 299,
        "Net Income": -82
    },
    "2020-12-31": {
        "Diluted EPS": -0.71,
        "Total Revenue": NaN,
        "Gross Profit": 412,
        "Operating Income": -16,
        "EBIT": 154,
        "Net Income": -173
    },
    "2020-09-30": {
        "Diluted EPS": 1.02,
        "Total Revenue": NaN,
        "Gross Profit": 775,
        "Operating Income": 393,
        "EBIT": 578,
        "Net Income": 249
    },
    "2020-06-30": {
        "Diluted EPS": 1.27,
        "Total Revenue": NaN,
        "Gross Profit": 804,
        "Operating Income": 484,
        "EBIT": 652,
        "Net Income": 313
    },
    "2020-03-31": {
        "Diluted EPS": 0.49,
        "Total Revenue": NaN,
        "Gross Profit": 562,
        "Operating Income": 244,
        "EBIT": 395,
        "Net Income": 121
    },
    "2019-12-31": {
        "Diluted EPS": 12.89,
        "Total Revenue": NaN,
        "Gross Profit": 541,
        "Operating Income": 209,
        "EBIT": 408,
        "Net Income": NaN
    },
    "2019-09-30": {
        "Diluted EPS": 1.45,
        "Total Revenue": NaN,
        "Gross Profit": 843,
        "Operating Income": 540,
        "EBIT": 687,
        "Net Income": 372
    },
    "2019-06-30": {
        "Diluted EPS": 0.75,
        "Total Revenue": NaN,
        "Gross Profit": 620,
        "Operating Income": 320,
        "EBIT": 446,
        "Net Income": 201
    },
    "2019-03-31": {
        "Diluted EPS": 1.72,
        "Total Revenue": NaN,
        "Gross Profit": 514,
        "Operating Income": 221,
        "EBIT": 343,
        "Net Income": 482
    },
    "2018-12-31": {
        "Diluted EPS": 0.01,
        "Total Revenue": NaN,
        "Gross Profit": 396,
        "Operating Income": 49,
        "EBIT": 216,
        "Net Income": -11
    },
    "2018-09-30": {
        "Diluted EPS": -0.24,
        "Total Revenue": NaN,
        "Gross Profit": 722,
        "Operating Income": 398,
        "EBIT": 539,
        "Net Income": -72
    },
    "2018-06-30": {
        "Diluted EPS": 0.23,
        "Total Revenue": NaN,
        "Gross Profit": 572,
        "Operating Income": 174,
        "EBIT": 333,
        "Net Income": 72
    },
    "2018-03-31": {
        "Diluted EPS": 0.87,
        "Total Revenue": NaN,
        "Gross Profit": 680,
        "Operating Income": 361,
        "EBIT": 526,
        "Net Income": 279
    },
    "2017-12-31": {
        "Diluted EPS": -4.82,
        "Total Revenue": NaN,
        "Gross Profit": 140,
        "Operating Income": NaN,
        "EBIT": NaN,
        "Net Income": NaN
    },
    "2017-09-30": {
        "Diluted EPS": 0.53,
        "Total Revenue": NaN,
        "Gross Profit": 668,
        "Operating Income": 297,
        "EBIT": 308,
        "Net Income": 171
    },
    "2017-06-30": {
        "Diluted EPS": -1.98,
        "Total Revenue": NaN,
        "Gross Profit": 860,
        "Operating Income": 339,
        "EBIT": 654,
        "Net Income": -626
    },
    "2017-03-31": {
        "Diluted EPS": -0.52,
        "Total Revenue": NaN,
        "Gross Profit": 520,
        "Operating Income": 36,
        "EBIT": 358,
        "Net Income": -163
    },
    "2016-12-31": {
        "Diluted EPS": -3.12,
        "Total Revenue": 17,
        "Gross Profit": -582,
        "Operating Income": NaN,
        "EBIT": NaN,
        "Net Income": -987
    },
    "2016-09-30": {
        "Diluted EPS": 1.27,
        "Total Revenue": NaN,
        "Gross Profit": 981,
        "Operating Income": 428,
        "EBIT": 808,
        "Net Income": 402
    },
    "2016-06-30": {
        "Diluted EPS": -0.61,
        "Total Revenue": NaN,
        "Gross Profit": 805,
        "Operating Income": 163,
        "EBIT": 483,
        "Net Income": -193
    },
    "2016-03-31": {
        "Diluted EPS": 0.24,
        "Total Revenue": NaN,
        "Gross Profit": NaN,
        "Operating Income": 476,
        "EBIT": 837,
        "Net Income": 77
    },
    "2015-12-31": {
        "Diluted EPS": -19.21,
        "Total Revenue": 665,
        "Gross Profit": 206,
        "Operating Income": NaN,
        "EBIT": NaN,
        "Net Income": NaN
    },
    "2015-09-30": {
        "Diluted EPS": 0.18,
        "Total Revenue": NaN,
        "Gross Profit": NaN,
        "Operating Income": 379,
        "EBIT": 821,
        "Net Income": 61
    },
    "2015-06-30": {
        "Diluted EPS": -0.06,
        "Total Revenue": NaN,
        "Gross Profit": 964,
        "Operating Income": 232,
        "EBIT": 661,
        "Net Income": -19
    },
    "2015-03-31": {
        "Diluted EPS": -0.37,
        "Total Revenue": NaN,
        "Gross Profit": 766,
        "Operating Income": 76,
        "EBIT": 510,
        "Net Income": -125
    },
    "2014-12-31": {
        "Diluted EPS": 0.23,
        "Total Revenue": NaN,
        "Gross Profit": NaN,
        "Operating Income": 453,
        "EBIT": 937,
        "Net Income": 70
    },
    "2014-09-30": {
        "Diluted EPS": 0.48,
        "Total Revenue": NaN,
        "Gross Profit": NaN,
        "Operating Income": 549,
        "EBIT": 975,
        "Net Income": 166
    },
    "2014-06-30": {
        "Diluted EPS": -0.3,
        "Total Revenue": NaN,
        "Gross Profit": 793,
        "Operating Income": 89,
        "EBIT": 505,
        "Net Income": -100
    },
    "2014-03-31": {
        "Diluted EPS": -0.18,
        "Total Revenue": NaN,
        "Gross Profit": 749,
        "Operating Income": 180,
        "EBIT": 542,
        "Net Income": -58
    },
    "2013-12-31": {
        "Diluted EPS": -0.92,
        "Total Revenue": NaN,
        "Gross Profit": 842,
        "Operating Income": -205,
        "EBIT": 67,
        "Net Income": -299
    },
    "2013-09-30": {
        "Diluted EPS": 0.36,
        "Total Revenue": NaN,
        "Gross Profit": NaN,
        "Operating Income": 527,
        "EBIT": 802,
        "Net Income": 117
    },
    "2013-06-30": {
        "Diluted EPS": 0.37,
        "Total Revenue": NaN,
        "Gross Profit": 878,
        "Operating Income": 287,
        "EBIT": 722,
        "Net Income": 121
    },
    "2013-03-31": {
        "Diluted EPS": -1.03,
        "Total Revenue": NaN,
        "Gross Profit": 328,
        "Operating Income": -266,
        "EBIT": 83,
        "Net Income": -334
    },
    "2012-12-31": {
        "Diluted EPS": 1.07,
        "Total Revenue": NaN,
        "Gross Profit": 583,
        "Operating Income": 37,
        "EBIT": 352,
        "Net Income": 250
    },
    "2012-09-30": {
        "Diluted EPS": -0.01,
        "Total Revenue": NaN,
        "Gross Profit": 591,
        "Operating Income": 86,
        "EBIT": 382,
        "Net Income": -3
    },
    "2012-06-30": {
        "Diluted EPS": 1.08,
        "Total Revenue": NaN,
        "Gross Profit": 829,
        "Operating Income": 397,
        "EBIT": 707,
        "Net Income": 248
    },
    "2012-03-31": {
        "Diluted EPS": -0.92,
        "Total Revenue": NaN,
        "Gross Profit": 279,
        "Operating Income": -170,
        "EBIT": 116,
        "Net Income": -209
    },
    "2011-12-31": {
        "Diluted EPS": -0.45,
        "Total Revenue": NaN,
        "Gross Profit": 372,
        "Operating Income": 9,
        "EBIT": 318,
        "Net Income": -111
    },
    "2011-09-30": {
        "Diluted EPS": -0.24,
        "Total Revenue": NaN,
        "Gross Profit": 621,
        "Operating Income": 43,
        "EBIT": 327,
        "Net Income": -57
    },
    "2011-06-30": {
        "Diluted EPS": 2.53,
        "Total Revenue": NaN,
        "Gross Profit": 670,
        "Operating Income": 269,
        "EBIT": 566,
        "Net Income": 618
    },
    "2011-03-31": {
        "Diluted EPS": -1.06,
        "Total Revenue": NaN,
        "Gross Profit": 671,
        "Operating Income": 314,
        "EBIT": 586,
        "Net Income": -262
    },
    "2010-12-31": {
        "Diluted EPS": -0.06,
        "Total Revenue": NaN,
        "Gross Profit": 546,
        "Operating Income": 152,
        "EBIT": 440,
        "Net Income": -17
    },
    "2010-09-30": {
        "Diluted EPS": 0.87,
        "Total Revenue": NaN,
        "Gross Profit": 850,
        "Operating Income": 454,
        "EBIT": 665,
        "Net Income": 221
    },
    "2010-06-30": {
        "Diluted EPS": 0.81,
        "Total Revenue": NaN,
        "Gross Profit": 804,
        "Operating Income": 444,
        "EBIT": 669,
        "Net Income": 208
    },
    "2010-03-31": {
        "Diluted EPS": 0.22,
        "Total Revenue": NaN,
        "Gross Profit": 576,
        "Operating Income": 258,
        "EBIT": 478,
        "Net Income": 56
    },
    "2009-12-31": {
        "Diluted EPS": 0.16,
        "Total Revenue": NaN,
        "Gross Profit": 719,
        "Operating Income": 314,
        "EBIT": 635,
        "Net Income": 21
    },
    "2009-09-30": {
        "Diluted EPS": 1.02,
        "Total Revenue": NaN,
        "Gross Profit": NaN,
        "Operating Income": 611,
        "EBIT": 917,
        "Net Income": 278
    },
    "2009-06-30": {
        "Diluted EPS": 1.56,
        "Total Revenue": NaN,
        "Gross Profit": 995,
        "Operating Income": 619,
        "EBIT": 908,
        "Net Income": 426
    },
    "2009-03-31": {
        "Diluted EPS": 0.7,
        "Total Revenue": NaN,
        "Gross Profit": 892,
        "Operating Income": 615,
        "EBIT": 776,
        "Net Income": 184
    },
    "2023-06-30": {
        "Tax Effect Of Unusual Items": NaN,
        "Tax Rate For Calcs": NaN,
        "Normalized EBITDA": NaN,
        "Total Unusual Items": NaN,
        "Total Unusual Items Excluding Goodwill": NaN,
        "Net Income From Continuing Operation Net Minority Interest": NaN,
        "Reconciled Depreciation": NaN,
        "Reconciled Cost Of Revenue": NaN,
        "EBITDA": NaN,
        "EBIT": NaN,
        "Net Interest Income": NaN,
        "Interest Expense": NaN,
        "Normalized Income": NaN,
        "Net Income From Continuing And Discontinued Operation": NaN,
        "Total Expenses": NaN,
        "Total Operating Income As Reported": NaN,
        "Diluted Average Shares": 232000000.0,
        "Basic Average Shares": 231000000.0,
        "Diluted EPS": 1.25,
        "Basic EPS": 1.26,
        "Diluted NI Availto Com Stockholders": NaN,
        "Net Income Common Stockholders": NaN,
        "Preferred Stock Dividends": NaN,
        "Net Income": NaN,
        "Net Income Including Noncontrolling Interests": NaN,
        "Net Income Continuous Operations": NaN,
        "Tax Provision": NaN,
        "Pretax Income": NaN,
        "Other Income Expense": NaN,
        "Other Non Operating Income Expenses": NaN,
        "Special Income Charges": NaN,
        "Gain On Sale Of Ppe": NaN,
        "Other Special Charges": NaN,
        "Write Off": NaN,
        "Restructuring And Mergern Acquisition": NaN,
        "Earnings From Equity Interest": NaN,
        "Net Non Operating Interest Income Expense": NaN,
        "Interest Expense Non Operating": NaN,
        "Operating Income": NaN,
        "Operating Expense": NaN,
        "Depreciation Amortization Depletion Income Statement": NaN,
        "Depreciation And Amortization In Income Statement": NaN,
        "Selling General And Administration": NaN,
        "Gross Profit": NaN,
        "Cost Of Revenue": NaN,
        "Total Revenue": NaN,
        "Operating Revenue": NaN
    },
    "2023-09-30": {
        "Tax Effect Of Unusual Items": NaN,
        "Tax Rate For Calcs": NaN,
        "Normalized EBITDA": NaN,
        "Total Unusual Items": NaN,
        "Total Unusual Items Excluding Goodwill": NaN,
        "Net Income From Continuing Operation Net Minority Interest": NaN,
        "Reconciled Depreciation": NaN,
        "Reconciled Cost Of Revenue": NaN,
        "EBITDA": NaN,
        "EBIT": NaN,
        "Net Interest Income": NaN,
        "Interest Expense": NaN,
        "Normalized Income": NaN,
        "Net Income From Continuing And Discontinued Operation": NaN,
        "Total Expenses": NaN,
        "Total Operating Income As Reported": NaN,
        "Diluted Average Shares": 232000000.0,
        "Basic Average Shares": 230000000.0,
        "Diluted EPS": 1.41,
        "Basic EPS": 1.42,
        "Diluted NI Availto Com Stockholders": NaN,
        "Net Income Common Stockholders": NaN,
        "Preferred Stock Dividends": NaN,
        "Net Income": NaN,
        "Net Income Including Noncontrolling Interests": NaN,
        "Net Income Continuous Operations": NaN,
        "Tax Provision": NaN,
        "Pretax Income": NaN,
        "Other Income Expense": NaN,
        "Other Non Operating Income Expenses": NaN,
        "Special Income Charges": NaN,
        "Gain On Sale Of Ppe": NaN,
        "Other Special Charges": NaN,
        "Write Off": 0.0,
        "Restructuring And Mergern Acquisition": NaN,
        "Earnings From Equity Interest": NaN,
        "Net Non Operating Interest Income Expense": NaN,
        "Interest Expense Non Operating": NaN,
        "Operating Income": NaN,
        "Operating Expense": NaN,
        "Depreciation Amortization Depletion Income Statement": NaN,
        "Depreciation And Amortization In Income Statement": NaN,
        "Selling General And Administration": NaN,
        "Gross Profit": NaN,
        "Cost Of Revenue": NaN,
        "Total Revenue": NaN,
        "Operating Revenue": NaN
    },
    "2023-12-31": {
        "Tax Effect Of Unusual Items": NaN,
        "Tax Rate For Calcs": NaN,
        "Normalized EBITDA": NaN,
        "Total Unusual Items": NaN,
        "Total Unusual Items Excluding Goodwill": NaN,
        "Net Income From Continuing Operation Net Minority Interest": NaN,
        "Reconciled Depreciation": NaN,
        "Reconciled Cost Of Revenue": NaN,
        "EBITDA": NaN,
        "EBIT": NaN,
        "Net Interest Income": NaN,
        "Interest Expense": NaN,
        "Normalized Income": NaN,
        "Net Income From Continuing And Discontinued Operation": NaN,
        "Total Expenses": NaN,
        "Total Operating Income As Reported": NaN,
        "Diluted Average Shares": NaN,
        "Basic Average Shares": NaN,
        "Diluted EPS": NaN,
        "Basic EPS": NaN,
        "Diluted NI Availto Com Stockholders": NaN,
        "Net Income Common Stockholders": NaN,
        "Preferred Stock Dividends": NaN,
        "Net Income": NaN,
        "Net Income Including Noncontrolling Interests": NaN,
        "Net Income Continuous Operations": NaN,
        "Tax Provision": NaN,
        "Pretax Income": NaN,
        "Other Income Expense": NaN,
        "Other Non Operating Income Expenses": NaN,
        "Special Income Charges": NaN,
        "Gain On Sale Of Ppe": NaN,
        "Other Special Charges": NaN,
        "Write Off": 102000000.0,
        "Restructuring And Mergern Acquisition": NaN,
        "Earnings From Equity Interest": NaN,
        "Net Non Operating Interest Income Expense": NaN,
        "Interest Expense Non Operating": NaN,
        "Operating Income": NaN,
        "Operating Expense": NaN,
        "Depreciation Amortization Depletion Income Statement": NaN,
        "Depreciation And Amortization In Income Statement": NaN,
        "Selling General And Administration": NaN,
        "Gross Profit": NaN,
        "Cost Of Revenue": NaN,
        "Total Revenue": NaN,
        "Operating Revenue": NaN
    },
    "2024-03-31": {
        "Tax Effect Of Unusual Items": NaN,
        "Tax Rate For Calcs": NaN,
        "Normalized EBITDA": NaN,
        "Total Unusual Items": NaN,
        "Total Unusual Items Excluding Goodwill": NaN,
        "Net Income From Continuing Operation Net Minority Interest": NaN,
        "Reconciled Depreciation": NaN,
        "Reconciled Cost Of Revenue": NaN,
        "EBITDA": NaN,
        "EBIT": NaN,
        "Net Interest Income": NaN,
        "Interest Expense": NaN,
        "Normalized Income": NaN,
        "Net Income From Continuing And Discontinued Operation": NaN,
        "Total Expenses": NaN,
        "Total Operating Income As Reported": NaN,
        "Diluted Average Shares": 214000000.0,
        "Basic Average Shares": 209000000.0,
        "Diluted EPS": 2.31,
        "Basic EPS": 2.36,
        "Diluted NI Availto Com Stockholders": NaN,
        "Net Income Common Stockholders": NaN,
        "Preferred Stock Dividends": NaN,
        "Net Income": NaN,
        "Net Income Including Noncontrolling Interests": NaN,
        "Net Income Continuous Operations": NaN,
        "Tax Provision": NaN,
        "Pretax Income": NaN,
        "Other Income Expense": NaN,
        "Other Non Operating Income Expenses": NaN,
        "Special Income Charges": NaN,
        "Gain On Sale Of Ppe": NaN,
        "Other Special Charges": 58000000.0,
        "Write Off": NaN,
        "Restructuring And Mergern Acquisition": NaN,
        "Earnings From Equity Interest": NaN,
        "Net Non Operating Interest Income Expense": NaN,
        "Interest Expense Non Operating": NaN,
        "Operating Income": NaN,
        "Operating Expense": NaN,
        "Depreciation Amortization Depletion Income Statement": NaN,
        "Depreciation And Amortization In Income Statement": NaN,
        "Selling General And Administration": NaN,
        "Gross Profit": NaN,
        "Cost Of Revenue": NaN,
        "Total Revenue": NaN,
        "Operating Revenue": NaN
    },
    "2024-06-30": {
        "Tax Effect Of Unusual Items": -64964000.0,
        "Tax Rate For Calcs": 0.298,
        "Normalized EBITDA": 1793000000.0,
        "Total Unusual Items": -218000000.0,
        "Total Unusual Items Excluding Goodwill": -218000000.0,
        "Net Income From Continuing Operation Net Minority Interest": 738000000.0,
        "Reconciled Depreciation": 285000000.0,
        "Reconciled Cost Of Revenue": 4403000000.0,
        "EBITDA": 1575000000.0,
        "EBIT": 1215000000.0,
        "Net Interest Income": -163000000.0,
        "Interest Expense": 163000000.0,
        "Normalized Income": 891036000.0,
        "Net Income From Continuing And Discontinued Operation": 738000000.0,
        "Total Expenses": 5233000000.0,
        "Total Operating Income As Reported": 1410000000.0,
        "Diluted Average Shares": 214000000.0,
        "Basic Average Shares": 208000000.0,
        "Diluted EPS": 3.37,
        "Basic EPS": 3.47,
        "Diluted NI Availto Com Stockholders": 721000000.0,
        "Net Income Common Stockholders": 721000000.0,
        "Preferred Stock Dividends": 17000000.0,
        "Net Income": 738000000.0,
        "Net Income Including Noncontrolling Interests": 738000000.0,
        "Net Income Continuous Operations": 738000000.0,
        "Tax Provision": 314000000.0,
        "Pretax Income": 1052000000.0,
        "Other Income Expense": -211000000.0,
        "Other Non Operating Income Expenses": 3000000.0,
        "Special Income Charges": -218000000.0,
        "Gain On Sale Of Ppe": 5000000.0,
        "Other Special Charges": 202000000.0,
        "Write Off": 15000000.0,
        "Restructuring And Mergern Acquisition": 6000000.0,
        "Earnings From Equity Interest": 4000000.0,
        "Net Non Operating Interest Income Expense": -163000000.0,
        "Interest Expense Non Operating": 163000000.0,
        "Operating Income": 1426000000.0,
        "Operating Expense": 905000000.0,
        "Depreciation Amortization Depletion Income Statement": 360000000.0,
        "Depreciation And Amortization In Income Statement": 360000000.0,
        "Selling General And Administration": 545000000.0,
        "Gross Profit": 2331000000.0,
        "Cost Of Revenue": 4328000000.0,
        "Total Revenue": 6659000000.0,
        "Operating Revenue": 6582000000.0
    },
    "2024-09-30": {
        "Tax Effect Of Unusual Items": 49044000.0,
        "Tax Rate For Calcs": 0.244,
        "Normalized EBITDA": -650000000.0,
        "Total Unusual Items": 201000000.0,
        "Total Unusual Items Excluding Goodwill": 201000000.0,
        "Net Income From Continuing Operation Net Minority Interest": -767000000.0,
        "Reconciled Depreciation": 261000000.0,
        "Reconciled Cost Of Revenue": 7330000000.0,
        "EBITDA": -449000000.0,
        "EBIT": -801000000.0,
        "Net Interest Income": -213000000.0,
        "Interest Expense": 213000000.0,
        "Normalized Income": -918956000.0,
        "Net Income From Continuing And Discontinued Operation": -767000000.0,
        "Total Expenses": 8236000000.0,
        "Total Operating Income As Reported": -812000000.0,
        "Diluted Average Shares": 207000000.0,
        "Basic Average Shares": 207000000.0,
        "Diluted EPS": -3.79,
        "Basic EPS": -3.79,
        "Diluted NI Availto Com Stockholders": -784000000.0,
        "Net Income Common Stockholders": -784000000.0,
        "Preferred Stock Dividends": 17000000.0,
        "Net Income": -767000000.0,
        "Net Income Including Noncontrolling Interests": -767000000.0,
        "Net Income Continuous Operations": -767000000.0,
        "Tax Provision": -247000000.0,
        "Pretax Income": -1014000000.0,
        "Other Income Expense": 212000000.0,
        "Other Non Operating Income Expenses": 5000000.0,
        "Special Income Charges": 201000000.0,
        "Gain On Sale Of Ppe": 208000000.0,
        "Other Special Charges": NaN,
        "Write Off": 0.0,
        "Restructuring And Mergern Acquisition": 7000000.0,
        "Earnings From Equity Interest": 6000000.0,
        "Net Non Operating Interest Income Expense": -213000000.0,
        "Interest Expense Non Operating": 213000000.0,
        "Operating Income": -1013000000.0,
        "Operating Expense": 997000000.0,
        "Depreciation Amortization Depletion Income Statement": 352000000.0,
        "Depreciation And Amortization In Income Statement": 352000000.0,
        "Selling General And Administration": 645000000.0,
        "Gross Profit": -16000000.0,
        "Cost Of Revenue": 7239000000.0,
        "Total Revenue": 7223000000.0,
        "Operating Revenue": 7137000000.0
    },
    "2024-12-31": {
        "Tax Effect Of Unusual Items": -16011188.811189,
        "Tax Rate For Calcs": 0.100699,
        "Normalized EBITDA": 1355000000.0,
        "Total Unusual Items": -159000000.0,
        "Total Unusual Items Excluding Goodwill": -159000000.0,
        "Net Income From Continuing Operation Net Minority Interest": 643000000.0,
        "Reconciled Depreciation": 257000000.0,
        "Reconciled Cost Of Revenue": 4972000000.0,
        "EBITDA": 1196000000.0,
        "EBIT": 838000000.0,
        "Net Interest Income": -123000000.0,
        "Interest Expense": 123000000.0,
        "Normalized Income": 785988811.188811,
        "Net Income From Continuing And Discontinued Operation": 643000000.0,
        "Total Expenses": 5835000000.0,
        "Total Operating Income As Reported": 954000000.0,
        "Diluted Average Shares": NaN,
        "Basic Average Shares": NaN,
        "Diluted EPS": NaN,
        "Basic EPS": NaN,
        "Diluted NI Availto Com Stockholders": 627000000.0,
        "Net Income Common Stockholders": 627000000.0,
        "Preferred Stock Dividends": 16000000.0,
        "Net Income": 643000000.0,
        "Net Income Including Noncontrolling Interests": 643000000.0,
        "Net Income Continuous Operations": 643000000.0,
        "Tax Provision": 72000000.0,
        "Pretax Income": 715000000.0,
        "Other Income Expense": -146000000.0,
        "Other Non Operating Income Expenses": 6000000.0,
        "Special Income Charges": -159000000.0,
        "Gain On Sale Of Ppe": -1000000.0,
        "Other Special Charges": 122000000.0,
        "Write Off": -8000000.0,
        "Restructuring And Mergern Acquisition": 8000000.0,
        "Earnings From Equity Interest": 7000000.0,
        "Net Non Operating Interest Income Expense": -123000000.0,
        "Interest Expense Non Operating": 123000000.0,
        "Operating Income": 984000000.0,
        "Operating Expense": 964000000.0,
        "Depreciation Amortization Depletion Income Statement": 358000000.0,
        "Depreciation And Amortization In Income Statement": 358000000.0,
        "Selling General And Administration": 292000000.0,
        "Gross Profit": 1948000000.0,
        "Cost Of Revenue": 4871000000.0,
        "Total Revenue": 6819000000.0,
        "Operating Revenue": 6741000000.0
    },
    "2025-03-31": {
        "Tax Effect Of Unusual Items": -3585000.0,
        "Tax Rate For Calcs": 0.239,
        "Normalized EBITDA": 1489000000.0,
        "Total Unusual Items": -15000000.0,
        "Total Unusual Items Excluding Goodwill": -15000000.0,
        "Net Income From Continuing Operation Net Minority Interest": 750000000.0,
        "Reconciled Depreciation": 218000000.0,
        "Reconciled Cost Of Revenue": 6669000000.0,
        "EBITDA": 1474000000.0,
        "EBIT": 1148000000.0,
        "Net Interest Income": -163000000.0,
        "Interest Expense": 163000000.0,
        "Normalized Income": 761415000.0,
        "Net Income From Continuing And Discontinued Operation": 750000000.0,
        "Total Expenses": 7436000000.0,
        "Total Operating Income As Reported": 1134000000.0,
        "Diluted Average Shares": 203000000.0,
        "Basic Average Shares": 198000000.0,
        "Diluted EPS": 3.61,
        "Basic EPS": 3.7,
        "Diluted NI Availto Com Stockholders": 733000000.0,
        "Net Income Common Stockholders": 733000000.0,
        "Preferred Stock Dividends": 17000000.0,
        "Net Income": 750000000.0,
        "Net Income Including Noncontrolling Interests": 750000000.0,
        "Net Income Continuous Operations": 750000000.0,
        "Tax Provision": 235000000.0,
        "Pretax Income": 985000000.0,
        "Other Income Expense": -1000000.0,
        "Other Non Operating Income Expenses": 12000000.0,
        "Special Income Charges": -15000000.0,
        "Gain On Sale Of Ppe": -7000000.0,
        "Other Special Charges": NaN,
        "Write Off": NaN,
        "Restructuring And Mergern Acquisition": 8000000.0,
        "Earnings From Equity Interest": 2000000.0,
        "Net Non Operating Interest Income Expense": -163000000.0,
        "Interest Expense Non Operating": 163000000.0,
        "Operating Income": 1149000000.0,
        "Operating Expense": 875000000.0,
        "Depreciation Amortization Depletion Income Statement": 326000000.0,
        "Depreciation And Amortization In Income Statement": 326000000.0,
        "Selling General And Administration": 549000000.0,
        "Gross Profit": 2024000000.0,
        "Cost Of Revenue": 6561000000.0,
        "Total Revenue": 8585000000.0,
        "Operating Revenue": 8493000000.0
    },
    "2025-06-30": {
        "Tax Effect Of Unusual Items": -16960000.0,
        "Tax Rate For Calcs": 0.32,
        "Normalized EBITDA": 392000000.0,
        "Total Unusual Items": -53000000.0,
        "Total Unusual Items Excluding Goodwill": -53000000.0,
        "Net Income From Continuing Operation Net Minority Interest": -104000000.0,
        "Reconciled Depreciation": 226000000.0,
        "Reconciled Cost Of Revenue": 5747000000.0,
        "EBITDA": 339000000.0,
        "EBIT": -5000000.0,
        "Net Interest Income": -148000000.0,
        "Interest Expense": 148000000.0,
        "Normalized Income": -67960000.0,
        "Net Income From Continuing And Discontinued Operation": -104000000.0,
        "Total Expenses": 6697000000.0,
        "Total Operating Income As Reported": 0.0,
        "Diluted Average Shares": 196000000.0,
        "Basic Average Shares": 196000000.0,
        "Diluted EPS": -0.62,
        "Basic EPS": -0.62,
        "Diluted NI Availto Com Stockholders": -121000000.0,
        "Net Income Common Stockholders": -121000000.0,
        "Preferred Stock Dividends": 17000000.0,
        "Net Income": -104000000.0,
        "Net Income Including Noncontrolling Interests": -104000000.0,
        "Net Income Continuous Operations": -104000000.0,
        "Tax Provision": -49000000.0,
        "Pretax Income": -153000000.0,
        "Other Income Expense": -48000000.0,
        "Other Non Operating Income Expenses": 4000000.0,
        "Special Income Charges": -53000000.0,
        "Gain On Sale Of Ppe": 0.0,
        "Other Special Charges": 10000000.0,
        "Write Off": 0.0,
        "Restructuring And Mergern Acquisition": 43000000.0,
        "Earnings From Equity Interest": 1000000.0,
        "Net Non Operating Interest Income Expense": -148000000.0,
        "Interest Expense Non Operating": 148000000.0,
        "Operating Income": 43000000.0,
        "Operating Expense": 1068000000.0,
        "Depreciation Amortization Depletion Income Statement": 344000000.0,
        "Depreciation And Amortization In Income Statement": 344000000.0,
        "Selling General And Administration": 724000000.0,
        "Gross Profit": 1111000000.0,
        "Cost Of Revenue": 5629000000.0,
        "Total Revenue": 6740000000.0,
        "Operating Revenue": 6678000000.0
    }
}