{
    "2023-03-31": {
        "Tax Effect Of Unusual Items": NaN,
        "Tax Rate For Calcs": NaN,
        "Normalized EBITDA": NaN,
        "Total Unusual Items": NaN,
        "Total Unusual Items Excluding Goodwill": NaN,
        "Net Income From Continuing Operation Net Minority Interest": NaN,
        "Reconciled Depreciation": NaN,
        "Reconciled Cost Of Revenue": NaN,
        "EBITDA": NaN,
        "EBIT": NaN,
        "Net Interest Income": NaN,
        "Interest Expense": NaN,
        "Interest Income": NaN,
        "Normalized Income": NaN,
        "Net Income From Continuing And Discontinued Operation": NaN,
        "Total Expenses": NaN,
        "Total Operating Income As Reported": NaN,
        "Diluted Average Shares": NaN,
        "Basic Average Shares": NaN,
        "Diluted EPS": NaN,
        "Basic EPS": NaN,
        "Diluted NI Availto Com Stockholders": NaN,
        "Net Income Common Stockholders": NaN,
        "Net Income": NaN,
        "Minority Interests": NaN,
        "Net Income Including Noncontrolling Interests": NaN,
        "Net Income Continuous Operations": NaN,
        "Tax Provision": NaN,
        "Pretax Income": NaN,
        "Other Income Expense": NaN,
        "Other Non Operating Income Expenses": NaN,
        "Special Income Charges": NaN,
        "Write Off": NaN,
        "Impairment Of Capital Assets": NaN,
        "Restructuring And Mergern Acquisition": 0.0,
        "Net Non Operating Interest Income Expense": NaN,
        "Interest Expense Non Operating": NaN,
        "Interest Income Non Operating": NaN,
        "Operating Income": NaN,
        "Operating Expense": NaN,
        "Depreciation Amortization Depletion Income Statement": NaN,
        "Depreciation And Amortization In Income Statement": NaN,
        "Research And Development": NaN,
        "Selling General And Administration": NaN,
        "Selling And Marketing Expense": NaN,
        "General And Administrative Expense": NaN,
        "Other Gand A": NaN,
        "Gross Profit": NaN,
        "Cost Of Revenue": NaN,
        "Total Revenue": NaN,
        "Operating Revenue": NaN
    },
    "2022-12-31": {
        "Tax Effect Of Unusual Items": NaN,
        "Tax Rate For Calcs": NaN,
        "Normalized EBITDA": NaN,
        "Total Unusual Items": NaN,
        "Total Unusual Items Excluding Goodwill": NaN,
        "Net Income From Continuing Operation Net Minority Interest": NaN,
        "Reconciled Depreciation": NaN,
        "Reconciled Cost Of Revenue": NaN,
        "EBITDA": NaN,
        "EBIT": NaN,
        "Net Interest Income": NaN,
        "Interest Expense": NaN,
        "Interest Income": NaN,
        "Normalized Income": NaN,
        "Net Income From Continuing And Discontinued Operation": NaN,
        "Total Expenses": NaN,
        "Total Operating Income As Reported": NaN,
        "Diluted Average Shares": NaN,
        "Basic Average Shares": NaN,
        "Diluted EPS": NaN,
        "Basic EPS": NaN,
        "Diluted NI Availto Com Stockholders": NaN,
        "Net Income Common Stockholders": NaN,
        "Net Income": NaN,
        "Net Income Including Noncontrolling Interests": NaN,
        "Net Income Continuous Operations": NaN,
        "Tax Provision": NaN,
        "Pretax Income": NaN,
        "Other Income Expense": NaN,
        "Other Non Operating Income Expenses": NaN,
        "Special Income Charges": NaN,
        "Write Off": 0.0,
        "Impairment Of Capital Assets": 0.0,
        "Restructuring And Mergern Acquisition": 0.0,
        "Gain On Sale Of Security": 269000.0,
        "Net Non Operating Interest Income Expense": NaN,
        "Interest Expense Non Operating": NaN,
        "Interest Income Non Operating": NaN,
        "Operating Income": NaN,
        "Operating Expense": NaN,
        "Depreciation Amortization Depletion Income Statement": NaN,
        "Depreciation And Amortization In Income Statement": NaN,
        "Research And Development": NaN,
        "Selling General And Administration": NaN,
        "Selling And Marketing Expense": NaN,
        "General And Administrative Expense": NaN,
        "Other Gand A": NaN,
        "Gross Profit": NaN,
        "Cost Of Revenue": NaN,
        "Total Revenue": NaN,
        "Operating Revenue": NaN
    },
    "2022-09-30": {
        "Tax Effect Of Unusual Items": NaN,
        "Tax Rate For Calcs": NaN,
        "Normalized EBITDA": NaN,
        "Total Unusual Items": NaN,
        "Total Unusual Items Excluding Goodwill": NaN,
        "Net Income From Continuing Operation Net Minority Interest": NaN,
        "Reconciled Depreciation": NaN,
        "Reconciled Cost Of Revenue": NaN,
        "EBITDA": NaN,
        "EBIT": NaN,
        "Net Interest Income": NaN,
        "Interest Expense": NaN,
        "Interest Income": 1024000.0,
        "Normalized Income": NaN,
        "Net Income From Continuing And Discontinued Operation": NaN,
        "Total Expenses": NaN,
        "Total Operating Income As Reported": NaN,
        "Diluted Average Shares": NaN,
        "Basic Average Shares": NaN,
        "Diluted EPS": NaN,
        "Basic EPS": NaN,
        "Diluted NI Availto Com Stockholders": NaN,
        "Net Income Common Stockholders": NaN,
        "Net Income": NaN,
        "Net Income Including Noncontrolling Interests": NaN,
        "Net Income Continuous Operations": NaN,
        "Tax Provision": NaN,
        "Pretax Income": NaN,
        "Other Income Expense": NaN,
        "Other Non Operating Income Expenses": NaN,
        "Special Income Charges": NaN,
        "Write Off": 2828000.0,
        "Impairment Of Capital Assets": 2828000.0,
        "Restructuring And Mergern Acquisition": NaN,
        "Gain On Sale Of Security": 6706000.0,
        "Net Non Operating Interest Income Expense": NaN,
        "Interest Expense Non Operating": NaN,
        "Interest Income Non Operating": 1024000.0,
        "Operating Income": NaN,
        "Operating Expense": NaN,
        "Depreciation Amortization Depletion Income Statement": NaN,
        "Depreciation And Amortization In Income Statement": NaN,
        "Research And Development": NaN,
        "Selling General And Administration": NaN,
        "Selling And Marketing Expense": NaN,
        "General And Administrative Expense": NaN,
        "Other Gand A": NaN,
        "Gross Profit": NaN,
        "Cost Of Revenue": NaN,
        "Total Revenue": NaN,
        "Operating Revenue": NaN
    },
    "2022-06-30": {
        "Tax Effect Of Unusual Items": 6236800.0,
        "Tax Rate For Calcs": 0.4,
        "Normalized EBITDA": -20539000.0,
        "Total Unusual Items": 15592000.0,
        "Total Unusual Items Excluding Goodwill": 15592000.0,
        "Net Income From Continuing Operation Net Minority Interest": -6178000.0,
        "Reconciled Depreciation": 1186000.0,
        "Reconciled Cost Of Revenue": 571000.0,
        "EBITDA": -4947000.0,
        "EBIT": -6133000.0,
        "Net Interest Income": 0.0,
        "Interest Expense": 0.0,
        "Normalized Income": -15533200.0,
        "Net Income From Continuing And Discontinued Operation": -6178000.0,
        "Total Expenses": 22951000.0,
        "Total Operating Income As Reported": -21974000.0,
        "Diluted Average Shares": 133777000.0,
        "Basic Average Shares": 133777000.0,
        "Diluted EPS": -0.05,
        "Basic EPS": -0.05,
        "Diluted NI Availto Com Stockholders": -6178000.0,
        "Net Income Common Stockholders": -6178000.0,
        "Net Income": -6178000.0,
        "Net Income Including Noncontrolling Interests": -6178000.0,
        "Net Income Continuous Operations": -6178000.0,
        "Tax Provision": 45000.0,
        "Pretax Income": -6133000.0,
        "Other Income Expense": 15841000.0,
        "Other Non Operating Income Expenses": 249000.0,
        "Special Income Charges": 0.0,
        "Write Off": 0.0,
        "Impairment Of Capital Assets": NaN,
        "Restructuring And Mergern Acquisition": 0.0,
        "Gain On Sale Of Security": 15592000.0,
        "Net Non Operating Interest Income Expense": 0.0,
        "Interest Expense Non Operating": 0.0,
        "Operating Income": -21974000.0,
        "Operating Expense": 22380000.0,
        "Depreciation Amortization Depletion Income Statement": NaN,
        "Depreciation And Amortization In Income Statement": NaN,
        "Research And Development": 9763000.0,
        "Selling General And Administration": 12617000.0,
        "Selling And Marketing Expense": 1949000.0,
        "General And Administrative Expense": 10668000.0,
        "Other Gand A": 10668000.0,
        "Gross Profit": 406000.0,
        "Cost Of Revenue": 571000.0,
        "Total Revenue": 977000.0,
        "Operating Revenue": 977000.0
    },
    "2022-03-31": {
        "Diluted EPS": -0.25,
        "Total Revenue": 43,
        "Gross Profit": 43,
        "Operating Income": 21,
        "EBIT": 22,
        "Net Income": -20
    },
    "2021-12-31": {
        "Diluted EPS": 0.51,
        "Total Revenue": NaN,
        "Gross Profit": NaN,
        "Operating Income": -13,
        "EBIT": -11,
        "Net Income": -13
    },
    "2021-09-30": {
        "Diluted EPS": -0.45,
        "Total Revenue": NaN,
        "Gross Profit": NaN,
        "Operating Income": -6,
        "EBIT": -5,
        "Net Income": -6
    },
    "2021-06-30": {
        "Diluted EPS": 0.16,
        "Total Revenue": NaN,
        "Gross Profit": NaN,
        "Operating Income": -8,
        "EBIT": -8,
        "Net Income": 17
    },
    "2021-03-31": {
        "Diluted EPS": -2.67,
        "Total Revenue": NaN,
        "Gross Profit": NaN,
        "Operating Income": -3,
        "EBIT": -3,
        "Net Income": -29
    },
    "2020-12-31": {
        "Diluted EPS": 0.0,
        "Total Revenue": NaN,
        "Gross Profit": NaN,
        "Operating Income": NaN,
        "EBIT": NaN,
        "Net Income": NaN
    },
    "2020-06-30": {
        "Diluted EPS": -0.19,
        "Total Revenue": NaN,
        "Gross Profit": NaN,
        "Operating Income": 0,
        "EBIT": 0,
        "Net Income": -2
    },
    "2023-06-30": {
        "Tax Effect Of Unusual Items": NaN,
        "Tax Rate For Calcs": NaN,
        "Normalized EBITDA": NaN,
        "Total Unusual Items": 0.0,
        "Total Unusual Items Excluding Goodwill": 0.0,
        "Net Income From Continuing Operation Net Minority Interest": NaN,
        "Reconciled Depreciation": NaN,
        "Reconciled Cost Of Revenue": NaN,
        "EBITDA": NaN,
        "EBIT": NaN,
        "Net Interest Income": NaN,
        "Interest Expense": NaN,
        "Interest Income": NaN,
        "Normalized Income": NaN,
        "Net Income From Continuing And Discontinued Operation": NaN,
        "Total Expenses": NaN,
        "Total Operating Income As Reported": NaN,
        "Diluted Average Shares": NaN,
        "Basic Average Shares": NaN,
        "Diluted EPS": NaN,
        "Basic EPS": NaN,
        "Diluted NI Availto Com Stockholders": NaN,
        "Net Income Common Stockholders": NaN,
        "Net Income": NaN,
        "Minority Interests": NaN,
        "Net Income Including Noncontrolling Interests": NaN,
        "Net Income Continuous Operations": NaN,
        "Tax Provision": NaN,
        "Pretax Income": NaN,
        "Other Income Expense": NaN,
        "Other Non Operating Income Expenses": NaN,
        "Special Income Charges": 0.0,
        "Write Off": 0.0,
        "Impairment Of Capital Assets": NaN,
        "Restructuring And Mergern Acquisition": 0.0,
        "Net Non Operating Interest Income Expense": NaN,
        "Interest Expense Non Operating": NaN,
        "Interest Income Non Operating": NaN,
        "Operating Income": NaN,
        "Operating Expense": NaN,
        "Depreciation Amortization Depletion Income Statement": NaN,
        "Depreciation And Amortization In Income Statement": NaN,
        "Research And Development": NaN,
        "Selling General And Administration": NaN,
        "Selling And Marketing Expense": NaN,
        "General And Administrative Expense": NaN,
        "Other Gand A": NaN,
        "Gross Profit": NaN,
        "Cost Of Revenue": NaN,
        "Total Revenue": NaN,
        "Operating Revenue": NaN
    },
    "2023-09-30": {
        "Tax Effect Of Unusual Items": NaN,
        "Tax Rate For Calcs": NaN,
        "Normalized EBITDA": NaN,
        "Total Unusual Items": 0.0,
        "Total Unusual Items Excluding Goodwill": 0.0,
        "Net Income From Continuing Operation Net Minority Interest": NaN,
        "Reconciled Depreciation": NaN,
        "Reconciled Cost Of Revenue": NaN,
        "EBITDA": NaN,
        "EBIT": NaN,
        "Net Interest Income": NaN,
        "Interest Expense": NaN,
        "Interest Income": NaN,
        "Normalized Income": NaN,
        "Net Income From Continuing And Discontinued Operation": NaN,
        "Total Expenses": NaN,
        "Total Operating Income As Reported": NaN,
        "Diluted Average Shares": NaN,
        "Basic Average Shares": NaN,
        "Diluted EPS": NaN,
        "Basic EPS": NaN,
        "Diluted NI Availto Com Stockholders": NaN,
        "Net Income Common Stockholders": NaN,
        "Net Income": NaN,
        "Minority Interests": 0.0,
        "Net Income Including Noncontrolling Interests": NaN,
        "Net Income Continuous Operations": NaN,
        "Tax Provision": NaN,
        "Pretax Income": NaN,
        "Other Income Expense": NaN,
        "Other Non Operating Income Expenses": NaN,
        "Special Income Charges": 0.0,
        "Write Off": 0.0,
        "Impairment Of Capital Assets": 0.0,
        "Restructuring And Mergern Acquisition": 0.0,
        "Net Non Operating Interest Income Expense": NaN,
        "Interest Expense Non Operating": NaN,
        "Interest Income Non Operating": NaN,
        "Operating Income": NaN,
        "Operating Expense": NaN,
        "Provision For Doubtful Accounts": NaN,
        "Depreciation Amortization Depletion Income Statement": NaN,
        "Depreciation And Amortization In Income Statement": NaN,
        "Research And Development": NaN,
        "Selling General And Administration": NaN,
        "Selling And Marketing Expense": NaN,
        "General And Administrative Expense": NaN,
        "Other Gand A": NaN,
        "Gross Profit": NaN,
        "Cost Of Revenue": NaN,
        "Total Revenue": NaN,
        "Operating Revenue": NaN
    },
    "2023-12-31": {
        "Tax Effect Of Unusual Items": NaN,
        "Tax Rate For Calcs": NaN,
        "Normalized EBITDA": NaN,
        "Total Unusual Items": 0.0,
        "Total Unusual Items Excluding Goodwill": 0.0,
        "Net Income From Continuing Operation Net Minority Interest": NaN,
        "Reconciled Depreciation": NaN,
        "Reconciled Cost Of Revenue": NaN,
        "EBITDA": NaN,
        "EBIT": NaN,
        "Net Interest Income": NaN,
        "Interest Expense": NaN,
        "Interest Income": NaN,
        "Normalized Income": NaN,
        "Net Income From Continuing And Discontinued Operation": NaN,
        "Total Expenses": NaN,
        "Total Operating Income As Reported": NaN,
        "Diluted Average Shares": NaN,
        "Basic Average Shares": NaN,
        "Diluted EPS": NaN,
        "Basic EPS": NaN,
        "Diluted NI Availto Com Stockholders": NaN,
        "Net Income Common Stockholders": NaN,
        "Net Income": NaN,
        "Minority Interests": NaN,
        "Net Income Including Noncontrolling Interests": NaN,
        "Net Income Continuous Operations": NaN,
        "Tax Provision": NaN,
        "Pretax Income": NaN,
        "Other Income Expense": NaN,
        "Other Non Operating Income Expenses": NaN,
        "Special Income Charges": 0.0,
        "Write Off": 0.0,
        "Impairment Of Capital Assets": 0.0,
        "Restructuring And Mergern Acquisition": 0.0,
        "Net Non Operating Interest Income Expense": NaN,
        "Interest Expense Non Operating": NaN,
        "Interest Income Non Operating": NaN,
        "Operating Income": NaN,
        "Operating Expense": NaN,
        "Provision For Doubtful Accounts": NaN,
        "Depreciation Amortization Depletion Income Statement": NaN,
        "Depreciation And Amortization In Income Statement": NaN,
        "Research And Development": NaN,
        "Selling General And Administration": NaN,
        "Selling And Marketing Expense": NaN,
        "General And Administrative Expense": NaN,
        "Other Gand A": NaN,
        "Gross Profit": NaN,
        "Cost Of Revenue": NaN,
        "Total Revenue": NaN,
        "Operating Revenue": NaN
    },
    "2024-03-31": {
        "Tax Effect Of Unusual Items": 0.0,
        "Tax Rate For Calcs": 0.0,
        "Normalized EBITDA": -20836000.0,
        "Total Unusual Items": NaN,
        "Total Unusual Items Excluding Goodwill": NaN,
        "Net Income From Continuing Operation Net Minority Interest": -21139000.0,
        "Reconciled Depreciation": 295000.0,
        "Reconciled Cost Of Revenue": 5691000.0,
        "EBITDA": -20836000.0,
        "EBIT": -21131000.0,
        "Net Interest Income": 1818000.0,
        "Interest Expense": 8000.0,
        "Interest Income": 1826000.0,
        "Normalized Income": -21139000.0,
        "Net Income From Continuing And Discontinued Operation": -21139000.0,
        "Total Expenses": 32386000.0,
        "Total Operating Income As Reported": -24627000.0,
        "Diluted Average Shares": 147019000.0,
        "Basic Average Shares": 147019000.0,
        "Diluted EPS": -0.14,
        "Basic EPS": -0.14,
        "Diluted NI Availto Com Stockholders": -21139000.0,
        "Net Income Common Stockholders": -21139000.0,
        "Net Income": -21139000.0,
        "Minority Interests": 0.0,
        "Net Income Including Noncontrolling Interests": -21139000.0,
        "Net Income Continuous Operations": -21139000.0,
        "Tax Provision": 0.0,
        "Pretax Income": -21139000.0,
        "Other Income Expense": 1670000.0,
        "Other Non Operating Income Expenses": 1670000.0,
        "Special Income Charges": NaN,
        "Write Off": NaN,
        "Impairment Of Capital Assets": NaN,
        "Restructuring And Mergern Acquisition": NaN,
        "Net Non Operating Interest Income Expense": 1818000.0,
        "Interest Expense Non Operating": 8000.0,
        "Interest Income Non Operating": 1826000.0,
        "Operating Income": -24627000.0,
        "Operating Expense": 26695000.0,
        "Provision For Doubtful Accounts": -89000.0,
        "Depreciation Amortization Depletion Income Statement": 295000.0,
        "Depreciation And Amortization In Income Statement": 295000.0,
        "Research And Development": 6966000.0,
        "Selling General And Administration": 19523000.0,
        "Selling And Marketing Expense": 4170000.0,
        "General And Administrative Expense": 15353000.0,
        "Other Gand A": 15353000.0,
        "Gross Profit": 2068000.0,
        "Cost Of Revenue": 5691000.0,
        "Total Revenue": 7759000.0,
        "Operating Revenue": 7759000.0
    },
    "2024-06-30": {
        "Tax Effect Of Unusual Items": 0.0,
        "Tax Rate For Calcs": 0.0,
        "Normalized EBITDA": -25317000.0,
        "Total Unusual Items": -565000.0,
        "Total Unusual Items Excluding Goodwill": -565000.0,
        "Net Income From Continuing Operation Net Minority Interest": -26199000.0,
        "Reconciled Depreciation": 279000.0,
        "Reconciled Cost Of Revenue": 2721000.0,
        "EBITDA": -25882000.0,
        "EBIT": -26161000.0,
        "Net Interest Income": 1708000.0,
        "Interest Expense": 38000.0,
        "Interest Income": 1746000.0,
        "Normalized Income": -25634000.0,
        "Net Income From Continuing And Discontinued Operation": -26199000.0,
        "Total Expenses": 31090000.0,
        "Total Operating Income As Reported": -27885000.0,
        "Diluted Average Shares": 149143000.0,
        "Basic Average Shares": 149143000.0,
        "Diluted EPS": -0.18,
        "Basic EPS": -0.18,
        "Diluted NI Availto Com Stockholders": -26199000.0,
        "Net Income Common Stockholders": -26199000.0,
        "Net Income": -26199000.0,
        "Minority Interests": NaN,
        "Net Income Including Noncontrolling Interests": -26199000.0,
        "Net Income Continuous Operations": -26199000.0,
        "Tax Provision": 0.0,
        "Pretax Income": -26199000.0,
        "Other Income Expense": -587000.0,
        "Other Non Operating Income Expenses": -22000.0,
        "Special Income Charges": -565000.0,
        "Write Off": 565000.0,
        "Impairment Of Capital Assets": NaN,
        "Restructuring And Mergern Acquisition": NaN,
        "Net Non Operating Interest Income Expense": 1708000.0,
        "Interest Expense Non Operating": 38000.0,
        "Interest Income Non Operating": 1746000.0,
        "Operating Income": -27320000.0,
        "Operating Expense": 28369000.0,
        "Provision For Doubtful Accounts": NaN,
        "Depreciation Amortization Depletion Income Statement": 279000.0,
        "Depreciation And Amortization In Income Statement": 279000.0,
        "Research And Development": 6951000.0,
        "Selling General And Administration": 21139000.0,
        "Selling And Marketing Expense": 4861000.0,
        "General And Administrative Expense": 16278000.0,
        "Other Gand A": 16278000.0,
        "Gross Profit": 1049000.0,
        "Cost Of Revenue": 2721000.0,
        "Total Revenue": 3770000.0,
        "Operating Revenue": 3770000.0
    },
    "2024-09-30": {
        "Tax Effect Of Unusual Items": 0.0,
        "Tax Rate For Calcs": 0.0,
        "Normalized EBITDA": -26336000.0,
        "Total Unusual Items": 14000.0,
        "Total Unusual Items Excluding Goodwill": 14000.0,
        "Net Income From Continuing Operation Net Minority Interest": -26593000.0,
        "Reconciled Depreciation": 251000.0,
        "Reconciled Cost Of Revenue": 716000.0,
        "EBITDA": -26322000.0,
        "EBIT": -26573000.0,
        "Net Interest Income": 1396000.0,
        "Interest Expense": 43000.0,
        "Interest Income": 1439000.0,
        "Normalized Income": -26607000.0,
        "Net Income From Continuing And Discontinued Operation": -26593000.0,
        "Total Expenses": 28288000.0,
        "Total Operating Income As Reported": -27075000.0,
        "Diluted Average Shares": 150812000.0,
        "Basic Average Shares": 150812000.0,
        "Diluted EPS": -0.18,
        "Basic EPS": -0.18,
        "Diluted NI Availto Com Stockholders": -26593000.0,
        "Net Income Common Stockholders": -26593000.0,
        "Net Income": -26593000.0,
        "Minority Interests": 23000.0,
        "Net Income Including Noncontrolling Interests": -26616000.0,
        "Net Income Continuous Operations": -26616000.0,
        "Tax Provision": 0.0,
        "Pretax Income": -26616000.0,
        "Other Income Expense": -923000.0,
        "Other Non Operating Income Expenses": -937000.0,
        "Special Income Charges": 14000.0,
        "Write Off": -14000.0,
        "Impairment Of Capital Assets": NaN,
        "Restructuring And Mergern Acquisition": NaN,
        "Net Non Operating Interest Income Expense": 1396000.0,
        "Interest Expense Non Operating": 43000.0,
        "Interest Income Non Operating": 1439000.0,
        "Operating Income": -27089000.0,
        "Operating Expense": 27572000.0,
        "Provision For Doubtful Accounts": NaN,
        "Depreciation Amortization Depletion Income Statement": 251000.0,
        "Depreciation And Amortization In Income Statement": 251000.0,
        "Research And Development": 5704000.0,
        "Selling General And Administration": 21617000.0,
        "Selling And Marketing Expense": 4347000.0,
        "General And Administrative Expense": 17270000.0,
        "Other Gand A": 17270000.0,
        "Gross Profit": 483000.0,
        "Cost Of Revenue": 716000.0,
        "Total Revenue": 1199000.0,
        "Operating Revenue": 1199000.0
    },
    "2024-12-31": {
        "Tax Effect Of Unusual Items": -2418150.0,
        "Tax Rate For Calcs": 0.21,
        "Normalized EBITDA": -50010000.0,
        "Total Unusual Items": -11515000.0,
        "Total Unusual Items Excluding Goodwill": -11515000.0,
        "Net Income From Continuing Operation Net Minority Interest": -61830000.0,
        "Reconciled Depreciation": 233000.0,
        "Reconciled Cost Of Revenue": 30884000.0,
        "EBITDA": -61525000.0,
        "EBIT": -61758000.0,
        "Net Interest Income": 492000.0,
        "Interest Expense": 34000.0,
        "Interest Income": 526000.0,
        "Normalized Income": -52733150.0,
        "Net Income From Continuing And Discontinued Operation": -61830000.0,
        "Total Expenses": 84095000.0,
        "Total Operating Income As Reported": -50409000.0,
        "Diluted Average Shares": 145299000.0,
        "Basic Average Shares": 145299000.0,
        "Diluted EPS": -0.43,
        "Basic EPS": -0.43,
        "Diluted NI Availto Com Stockholders": -61830000.0,
        "Net Income Common Stockholders": -61830000.0,
        "Net Income": -61830000.0,
        "Minority Interests": 29000.0,
        "Net Income Including Noncontrolling Interests": -61859000.0,
        "Net Income Continuous Operations": -61859000.0,
        "Tax Provision": 67000.0,
        "Pretax Income": -61792000.0,
        "Other Income Expense": -11660000.0,
        "Other Non Operating Income Expenses": -145000.0,
        "Special Income Charges": -11515000.0,
        "Write Off": 11179000.0,
        "Impairment Of Capital Assets": NaN,
        "Restructuring And Mergern Acquisition": NaN,
        "Net Non Operating Interest Income Expense": 492000.0,
        "Interest Expense Non Operating": 34000.0,
        "Interest Income Non Operating": 526000.0,
        "Operating Income": -50624000.0,
        "Operating Expense": 53211000.0,
        "Provision For Doubtful Accounts": NaN,
        "Depreciation Amortization Depletion Income Statement": 233000.0,
        "Depreciation And Amortization In Income Statement": 233000.0,
        "Research And Development": 6378000.0,
        "Selling General And Administration": 16620000.0,
        "Selling And Marketing Expense": 2461000.0,
        "General And Administrative Expense": 14159000.0,
        "Other Gand A": 14159000.0,
        "Gross Profit": 2587000.0,
        "Cost Of Revenue": 30884000.0,
        "Total Revenue": 33471000.0,
        "Operating Revenue": 33471000.0
    },
    "2025-03-31": {
        "Tax Effect Of Unusual Items": 0.0,
        "Tax Rate For Calcs": 0.21,
        "Normalized EBITDA": -20391000.0,
        "Total Unusual Items": NaN,
        "Total Unusual Items Excluding Goodwill": NaN,
        "Net Income From Continuing Operation Net Minority Interest": -21136000.0,
        "Reconciled Depreciation": 305000.0,
        "Reconciled Cost Of Revenue": 3658000.0,
        "EBITDA": -20391000.0,
        "EBIT": -20696000.0,
        "Net Interest Income": 220000.0,
        "Interest Expense": 95000.0,
        "Interest Income": 315000.0,
        "Normalized Income": -21136000.0,
        "Net Income From Continuing And Discontinued Operation": -21136000.0,
        "Total Expenses": 29427000.0,
        "Total Operating Income As Reported": -20893000.0,
        "Diluted Average Shares": 153723000.0,
        "Basic Average Shares": 153723000.0,
        "Diluted EPS": -0.14,
        "Basic EPS": -0.14,
        "Diluted NI Availto Com Stockholders": -21136000.0,
        "Net Income Common Stockholders": -21136000.0,
        "Net Income": -21136000.0,
        "Minority Interests": 38000.0,
        "Net Income Including Noncontrolling Interests": -21174000.0,
        "Net Income Continuous Operations": -21174000.0,
        "Tax Provision": 383000.0,
        "Pretax Income": -20791000.0,
        "Other Income Expense": -118000.0,
        "Other Non Operating Income Expenses": -118000.0,
        "Special Income Charges": NaN,
        "Write Off": NaN,
        "Impairment Of Capital Assets": NaN,
        "Restructuring And Mergern Acquisition": NaN,
        "Net Non Operating Interest Income Expense": 220000.0,
        "Interest Expense Non Operating": 95000.0,
        "Interest Income Non Operating": 315000.0,
        "Operating Income": -20893000.0,
        "Operating Expense": 25769000.0,
        "Provision For Doubtful Accounts": -11000.0,
        "Depreciation Amortization Depletion Income Statement": 305000.0,
        "Depreciation And Amortization In Income Statement": 305000.0,
        "Research And Development": 3824000.0,
        "Selling General And Administration": 21651000.0,
        "Selling And Marketing Expense": 4145000.0,
        "General And Administrative Expense": 17506000.0,
        "Other Gand A": 17506000.0,
        "Gross Profit": 4876000.0,
        "Cost Of Revenue": 3658000.0,
        "Total Revenue": 8534000.0,
        "Operating Revenue": 8534000.0
    }
}