{
    "2023-03-31": {
        "Tax Effect Of Unusual Items": -951691.0,
        "Tax Rate For Calcs": 0.247,
        "Normalized EBITDA": 95225000.0,
        "Total Unusual Items": -3853000.0,
        "Total Unusual Items Excluding Goodwill": -3853000.0,
        "Net Income From Continuing Operation Net Minority Interest": 49972000.0,
        "Reconciled Depreciation": 14663000.0,
        "Reconciled Cost Of Revenue": 1932632000.0,
        "EBITDA": 91372000.0,
        "EBIT": 76709000.0,
        "Net Interest Income": -10348000.0,
        "Interest Expense": 10348000.0,
        "Normalized Income": 52873309.0,
        "Net Income From Continuing And Discontinued Operation": 49972000.0,
        "Total Expenses": 2242633000.0,
        "Total Operating Income As Reported": 77461000.0,
        "Diluted Average Shares": 37207000.0,
        "Basic Average Shares": 33706000.0,
        "Diluted EPS": 1.34,
        "Basic EPS": 1.48,
        "Diluted NI Availto Com Stockholders": 49972000.0,
        "Net Income Common Stockholders": 49972000.0,
        "Net Income": 49972000.0,
        "Net Income Including Noncontrolling Interests": 49972000.0,
        "Net Income Continuous Operations": 49972000.0,
        "Tax Provision": 16389000.0,
        "Pretax Income": 66361000.0,
        "Other Income Expense": -4605000.0,
        "Other Non Operating Income Expenses": -752000.0,
        "Special Income Charges": -3853000.0,
        "Restructuring And Mergern Acquisition": 3853000.0,
        "Net Non Operating Interest Income Expense": -10348000.0,
        "Interest Expense Non Operating": 10348000.0,
        "Operating Income": 81314000.0,
        "Operating Expense": 310001000.0,
        "Selling General And Administration": 310001000.0,
        "Gross Profit": 391315000.0,
        "Cost Of Revenue": 1932632000.0,
        "Total Revenue": 2323947000.0,
        "Operating Revenue": 2323947000.0
    },
    "2022-12-31": {
        "Tax Effect Of Unusual Items": -442562.080797,
        "Tax Rate For Calcs": 0.24905,
        "Normalized EBITDA": 129692000.0,
        "Total Unusual Items": -1777000.0,
        "Total Unusual Items Excluding Goodwill": -1777000.0,
        "Net Income From Continuing Operation Net Minority Interest": 77477000.0,
        "Reconciled Depreciation": 14410000.0,
        "Reconciled Cost Of Revenue": 2082051000.0,
        "EBITDA": 127915000.0,
        "EBIT": 113505000.0,
        "Net Interest Income": -10333000.0,
        "Interest Expense": 10333000.0,
        "Normalized Income": 78811437.919203,
        "Net Income From Continuing And Discontinued Operation": 77477000.0,
        "Total Expenses": 2386817000.0,
        "Total Operating Income As Reported": 114016000.0,
        "Diluted Average Shares": 36336000.0,
        "Basic Average Shares": 34604000.0,
        "Diluted EPS": 2.13,
        "Basic EPS": 2.24,
        "Diluted NI Availto Com Stockholders": 77477000.0,
        "Net Income Common Stockholders": 77477000.0,
        "Net Income": 77477000.0,
        "Net Income Including Noncontrolling Interests": 77477000.0,
        "Net Income Continuous Operations": 77477000.0,
        "Tax Provision": 25695000.0,
        "Pretax Income": 103172000.0,
        "Other Income Expense": -2288000.0,
        "Other Non Operating Income Expenses": -511000.0,
        "Special Income Charges": -1777000.0,
        "Restructuring And Mergern Acquisition": 1777000.0,
        "Net Non Operating Interest Income Expense": -10333000.0,
        "Interest Expense Non Operating": 10333000.0,
        "Operating Income": 115793000.0,
        "Operating Expense": 304766000.0,
        "Selling General And Administration": 304766000.0,
        "Gross Profit": 420559000.0,
        "Cost Of Revenue": 2082051000.0,
        "Total Revenue": 2502610000.0,
        "Operating Revenue": 2502610000.0
    },
    "2022-09-30": {
        "Tax Effect Of Unusual Items": -183678.0,
        "Tax Rate For Calcs": 0.253,
        "Normalized EBITDA": 104650000.0,
        "Total Unusual Items": -726000.0,
        "Total Unusual Items Excluding Goodwill": -726000.0,
        "Net Income From Continuing Operation Net Minority Interest": 57316000.0,
        "Reconciled Depreciation": 15435000.0,
        "Reconciled Cost Of Revenue": 2135096000.0,
        "EBITDA": 103924000.0,
        "EBIT": 88489000.0,
        "Net Interest Income": -11713000.0,
        "Interest Expense": 11713000.0,
        "Normalized Income": 57858322.0,
        "Net Income From Continuing And Discontinued Operation": 57316000.0,
        "Total Expenses": 2443349000.0,
        "Total Operating Income As Reported": 90279000.0,
        "Diluted Average Shares": 36340000.0,
        "Basic Average Shares": 34952000.0,
        "Diluted EPS": 1.58,
        "Basic EPS": 1.64,
        "Diluted NI Availto Com Stockholders": 57316000.0,
        "Net Income Common Stockholders": 57316000.0,
        "Net Income": 57316000.0,
        "Net Income Including Noncontrolling Interests": 57316000.0,
        "Net Income Continuous Operations": 57316000.0,
        "Tax Provision": 19460000.0,
        "Pretax Income": 76776000.0,
        "Other Income Expense": -2516000.0,
        "Other Non Operating Income Expenses": -1790000.0,
        "Special Income Charges": -726000.0,
        "Restructuring And Mergern Acquisition": 726000.0,
        "Net Non Operating Interest Income Expense": -11713000.0,
        "Interest Expense Non Operating": 11713000.0,
        "Operating Income": 91005000.0,
        "Operating Expense": 308253000.0,
        "Selling General And Administration": 308253000.0,
        "Gross Profit": 399258000.0,
        "Cost Of Revenue": 2135096000.0,
        "Total Revenue": 2534354000.0,
        "Operating Revenue": 2534354000.0
    },
    "2022-06-30": {
        "Tax Effect Of Unusual Items": -596992.0,
        "Tax Rate For Calcs": 0.256,
        "Normalized EBITDA": 145031000.0,
        "Total Unusual Items": -2332000.0,
        "Total Unusual Items Excluding Goodwill": -2332000.0,
        "Net Income From Continuing Operation Net Minority Interest": 89184000.0,
        "Reconciled Depreciation": 13455000.0,
        "Reconciled Cost Of Revenue": 2305488000.0,
        "EBITDA": 142699000.0,
        "EBIT": 129244000.0,
        "Net Interest Income": -9383000.0,
        "Interest Expense": 9383000.0,
        "Normalized Income": 90919008.0,
        "Net Income From Continuing And Discontinued Operation": 89184000.0,
        "Total Expenses": 2611489000.0,
        "Total Operating Income As Reported": 129556000.0,
        "Diluted Average Shares": 36821000.0,
        "Basic Average Shares": 35083000.0,
        "Diluted EPS": 2.42,
        "Basic EPS": 2.54,
        "Diluted NI Availto Com Stockholders": 89184000.0,
        "Net Income Common Stockholders": 89184000.0,
        "Net Income": 89184000.0,
        "Net Income Including Noncontrolling Interests": 89184000.0,
        "Net Income Continuous Operations": 89184000.0,
        "Tax Provision": 30677000.0,
        "Pretax Income": 119861000.0,
        "Other Income Expense": -2644000.0,
        "Other Non Operating Income Expenses": -312000.0,
        "Special Income Charges": -2332000.0,
        "Restructuring And Mergern Acquisition": 2332000.0,
        "Net Non Operating Interest Income Expense": -9383000.0,
        "Interest Expense Non Operating": 9383000.0,
        "Operating Income": 131888000.0,
        "Operating Expense": 306001000.0,
        "Selling General And Administration": 306001000.0,
        "Gross Profit": 437889000.0,
        "Cost Of Revenue": 2305488000.0,
        "Total Revenue": 2743377000.0,
        "Operating Revenue": 2743377000.0
    },
    "2023-06-30": {
        "Tax Effect Of Unusual Items": 963632.0,
        "Tax Rate For Calcs": 0.263,
        "Normalized EBITDA": 129492000.0,
        "Total Unusual Items": 3664000.0,
        "Total Unusual Items Excluding Goodwill": 3664000.0,
        "Net Income From Continuing Operation Net Minority Interest": 80482000.0,
        "Reconciled Depreciation": 14485000.0,
        "Reconciled Cost Of Revenue": 1916406000.0,
        "EBITDA": 133156000.0,
        "EBIT": 118671000.0,
        "Net Interest Income": -9405000.0,
        "Interest Expense": 9405000.0,
        "Normalized Income": 77781632.0,
        "Net Income From Continuing And Discontinued Operation": 80482000.0,
        "Total Expenses": 2234649000.0,
        "Total Operating Income As Reported": 118611000.0,
        "Diluted Average Shares": 37039000.0,
        "Basic Average Shares": 33101000.0,
        "Diluted EPS": 2.17,
        "Basic EPS": 2.43,
        "Diluted NI Availto Com Stockholders": 80482000.0,
        "Net Income Common Stockholders": 80482000.0,
        "Net Income": 80482000.0,
        "Net Income Including Noncontrolling Interests": 80482000.0,
        "Net Income Continuous Operations": 80482000.0,
        "Tax Provision": 28784000.0,
        "Pretax Income": 109266000.0,
        "Other Income Expense": 3724000.0,
        "Other Non Operating Income Expenses": 60000.0,
        "Special Income Charges": 3664000.0,
        "Restructuring And Mergern Acquisition": -3664000.0,
        "Net Non Operating Interest Income Expense": -9405000.0,
        "Interest Expense Non Operating": 9405000.0,
        "Operating Income": 114947000.0,
        "Operating Expense": 318243000.0,
        "Selling General And Administration": 318243000.0,
        "Gross Profit": 433190000.0,
        "Cost Of Revenue": 1916406000.0,
        "Total Revenue": 2349596000.0,
        "Operating Revenue": 2349596000.0
    },
    "2022-03-31": {
        "Diluted EPS": 1.53,
        "Total Revenue": NaN,
        "Gross Profit": 379,
        "Operating Income": 80,
        "EBIT": 95,
        "Net Income": 57
    },
    "2021-12-31": {
        "Diluted EPS": 1.68,
        "Total Revenue": NaN,
        "Gross Profit": 385,
        "Operating Income": 93,
        "EBIT": 111,
        "Net Income": 62
    },
    "2021-09-30": {
        "Diluted EPS": 1.51,
        "Total Revenue": NaN,
        "Gross Profit": 365,
        "Operating Income": 83,
        "EBIT": 101,
        "Net Income": 55
    },
    "2021-06-30": {
        "Diluted EPS": 1.58,
        "Total Revenue": NaN,
        "Gross Profit": 367,
        "Operating Income": 88,
        "EBIT": 107,
        "Net Income": 59
    },
    "2021-03-31": {
        "Diluted EPS": 1.18,
        "Total Revenue": NaN,
        "Gross Profit": 331,
        "Operating Income": 67,
        "EBIT": 85,
        "Net Income": 43
    },
    "2020-12-31": {
        "Diluted EPS": 1.5,
        "Total Revenue": NaN,
        "Gross Profit": 343,
        "Operating Income": 83,
        "EBIT": 101,
        "Net Income": 53
    },
    "2020-09-30": {
        "Diluted EPS": 1.1,
        "Total Revenue": NaN,
        "Gross Profit": 308,
        "Operating Income": 61,
        "EBIT": 82,
        "Net Income": 39
    },
    "2020-06-30": {
        "Diluted EPS": 1.32,
        "Total Revenue": NaN,
        "Gross Profit": 324,
        "Operating Income": 74,
        "EBIT": 95,
        "Net Income": 46
    },
    "2020-03-31": {
        "Diluted EPS": 0.95,
        "Total Revenue": NaN,
        "Gross Profit": 325,
        "Operating Income": 53,
        "EBIT": 74,
        "Net Income": 34
    },
    "2019-12-31": {
        "Diluted EPS": 1.2,
        "Total Revenue": NaN,
        "Gross Profit": 338,
        "Operating Income": 67,
        "EBIT": 88,
        "Net Income": 43
    },
    "2019-09-30": {
        "Diluted EPS": 0.76,
        "Total Revenue": NaN,
        "Gross Profit": 276,
        "Operating Income": 44,
        "EBIT": 58,
        "Net Income": 27
    },
    "2019-06-30": {
        "Diluted EPS": 1.38,
        "Total Revenue": NaN,
        "Gross Profit": 275,
        "Operating Income": 72,
        "EBIT": 81,
        "Net Income": 50
    },
    "2019-03-31": {
        "Diluted EPS": 1.09,
        "Total Revenue": NaN,
        "Gross Profit": 248,
        "Operating Income": 57,
        "EBIT": 66,
        "Net Income": 39
    },
    "2018-12-31": {
        "Diluted EPS": 1.31,
        "Total Revenue": NaN,
        "Gross Profit": 254,
        "Operating Income": 59,
        "EBIT": 69,
        "Net Income": 47
    },
    "2018-09-30": {
        "Diluted EPS": 0.89,
        "Total Revenue": NaN,
        "Gross Profit": 235,
        "Operating Income": 50,
        "EBIT": 59,
        "Net Income": 32
    },
    "2018-06-30": {
        "Diluted EPS": 1.44,
        "Total Revenue": NaN,
        "Gross Profit": 264,
        "Operating Income": 74,
        "EBIT": 83,
        "Net Income": 51
    },
    "2018-03-31": {
        "Diluted EPS": 0.91,
        "Total Revenue": NaN,
        "Gross Profit": 240,
        "Operating Income": 50,
        "EBIT": 59,
        "Net Income": 33
    },
    "2017-12-31": {
        "Diluted EPS": 0.39,
        "Total Revenue": NaN,
        "Gross Profit": 233,
        "Operating Income": 46,
        "EBIT": 56,
        "Net Income": 14
    },
    "2017-09-30": {
        "Diluted EPS": 0.62,
        "Total Revenue": NaN,
        "Gross Profit": 226,
        "Operating Income": 41,
        "EBIT": 52,
        "Net Income": 22
    },
    "2017-06-30": {
        "Diluted EPS": 1.11,
        "Total Revenue": NaN,
        "Gross Profit": 251,
        "Operating Income": 69,
        "EBIT": 79,
        "Net Income": 40
    },
    "2017-03-31": {
        "Diluted EPS": 0.38,
        "Total Revenue": NaN,
        "Gross Profit": 208,
        "Operating Income": 23,
        "EBIT": 34,
        "Net Income": 14
    },
    "2016-12-31": {
        "Diluted EPS": 0.58,
        "Total Revenue": NaN,
        "Gross Profit": 191,
        "Operating Income": 41,
        "EBIT": 49,
        "Net Income": 21
    },
    "2016-09-30": {
        "Diluted EPS": 0.6,
        "Total Revenue": NaN,
        "Gross Profit": 182,
        "Operating Income": 36,
        "EBIT": 46,
        "Net Income": 22
    },
    "2016-06-30": {
        "Diluted EPS": 0.96,
        "Total Revenue": NaN,
        "Gross Profit": 209,
        "Operating Income": 58,
        "EBIT": 68,
        "Net Income": 35
    },
    "2016-03-31": {
        "Diluted EPS": 0.18,
        "Total Revenue": NaN,
        "Gross Profit": 161,
        "Operating Income": 14,
        "EBIT": 24,
        "Net Income": 7
    },
    "2015-12-31": {
        "Diluted EPS": 0.48,
        "Total Revenue": NaN,
        "Gross Profit": 181,
        "Operating Income": 31,
        "EBIT": 40,
        "Net Income": 19
    },
    "2015-09-30": {
        "Diluted EPS": 0.56,
        "Total Revenue": NaN,
        "Gross Profit": 182,
        "Operating Income": 33,
        "EBIT": 42,
        "Net Income": 21
    },
    "2015-06-30": {
        "Diluted EPS": 0.67,
        "Total Revenue": NaN,
        "Gross Profit": 191,
        "Operating Income": 43,
        "EBIT": 52,
        "Net Income": 25
    },
    "2015-03-31": {
        "Diluted EPS": 0.27,
        "Total Revenue": NaN,
        "Gross Profit": 162,
        "Operating Income": 20,
        "EBIT": 30,
        "Net Income": 11
    },
    "2014-12-31": {
        "Diluted EPS": 0.47,
        "Total Revenue": NaN,
        "Gross Profit": 182,
        "Operating Income": 35,
        "EBIT": 45,
        "Net Income": 19
    },
    "2014-09-30": {
        "Diluted EPS": 0.42,
        "Total Revenue": NaN,
        "Gross Profit": 172,
        "Operating Income": 28,
        "EBIT": 38,
        "Net Income": 17
    },
    "2014-06-30": {
        "Diluted EPS": 0.66,
        "Total Revenue": NaN,
        "Gross Profit": 195,
        "Operating Income": 46,
        "EBIT": 57,
        "Net Income": 27
    },
    "2014-03-31": {
        "Diluted EPS": 0.28,
        "Total Revenue": NaN,
        "Gross Profit": 164,
        "Operating Income": 21,
        "EBIT": 31,
        "Net Income": 12
    },
    "2013-12-31": {
        "Diluted EPS": 0.47,
        "Total Revenue": NaN,
        "Gross Profit": 181,
        "Operating Income": 36,
        "EBIT": 46,
        "Net Income": 20
    },
    "2013-09-30": {
        "Diluted EPS": 0.35,
        "Total Revenue": NaN,
        "Gross Profit": 169,
        "Operating Income": 26,
        "EBIT": 37,
        "Net Income": 15
    },
    "2013-06-30": {
        "Diluted EPS": 0.62,
        "Total Revenue": NaN,
        "Gross Profit": 191,
        "Operating Income": 45,
        "EBIT": 55,
        "Net Income": 27
    },
    "2013-03-31": {
        "Diluted EPS": 0.2,
        "Total Revenue": NaN,
        "Gross Profit": 158,
        "Operating Income": 14,
        "EBIT": 25,
        "Net Income": 9
    },
    "2012-12-31": {
        "Diluted EPS": 0.46,
        "Total Revenue": NaN,
        "Gross Profit": 180,
        "Operating Income": 37,
        "EBIT": 47,
        "Net Income": 21
    },
    "2012-09-30": {
        "Diluted EPS": 0.43,
        "Total Revenue": NaN,
        "Gross Profit": 168,
        "Operating Income": 31,
        "EBIT": 41,
        "Net Income": 19
    },
    "2012-06-30": {
        "Diluted EPS": 0.79,
        "Total Revenue": NaN,
        "Gross Profit": 201,
        "Operating Income": 55,
        "EBIT": 66,
        "Net Income": 35
    },
    "2012-03-31": {
        "Diluted EPS": 0.39,
        "Total Revenue": NaN,
        "Gross Profit": 170,
        "Operating Income": 26,
        "EBIT": 36,
        "Net Income": 17
    },
    "2011-12-31": {
        "Diluted EPS": 0.77,
        "Total Revenue": NaN,
        "Gross Profit": 179,
        "Operating Income": 42,
        "EBIT": 52,
        "Net Income": 35
    },
    "2011-09-30": {
        "Diluted EPS": 0.38,
        "Total Revenue": NaN,
        "Gross Profit": 164,
        "Operating Income": 28,
        "EBIT": 38,
        "Net Income": 17
    },
    "2011-06-30": {
        "Diluted EPS": 0.75,
        "Total Revenue": NaN,
        "Gross Profit": 204,
        "Operating Income": 54,
        "EBIT": 64,
        "Net Income": 35
    },
    "2011-03-31": {
        "Diluted EPS": 0.28,
        "Total Revenue": NaN,
        "Gross Profit": 162,
        "Operating Income": 23,
        "EBIT": 32,
        "Net Income": 13
    },
    "2010-12-31": {
        "Diluted EPS": 0.52,
        "Total Revenue": NaN,
        "Gross Profit": 173,
        "Operating Income": 37,
        "EBIT": 47,
        "Net Income": 25
    },
    "2010-09-30": {
        "Diluted EPS": 0.31,
        "Total Revenue": NaN,
        "Gross Profit": 155,
        "Operating Income": 25,
        "EBIT": 34,
        "Net Income": 14
    },
    "2010-06-30": {
        "Diluted EPS": 0.58,
        "Total Revenue": NaN,
        "Gross Profit": 174,
        "Operating Income": 45,
        "EBIT": 54,
        "Net Income": 27
    },
    "2010-03-31": {
        "Diluted EPS": 0.2,
        "Total Revenue": NaN,
        "Gross Profit": 145,
        "Operating Income": 17,
        "EBIT": 27,
        "Net Income": 9
    },
    "2009-12-31": {
        "Diluted EPS": 0.38,
        "Total Revenue": NaN,
        "Gross Profit": 156,
        "Operating Income": 27,
        "EBIT": 39,
        "Net Income": 17
    },
    "2009-09-30": {
        "Diluted EPS": 0.16,
        "Total Revenue": 970,
        "Gross Profit": 133,
        "Operating Income": 12,
        "EBIT": 22,
        "Net Income": 7
    },
    "2009-06-30": {
        "Diluted EPS": 0.34,
        "Total Revenue": NaN,
        "Gross Profit": 148,
        "Operating Income": 22,
        "EBIT": 31,
        "Net Income": 16
    },
    "2009-03-31": {
        "Diluted EPS": -0.15,
        "Total Revenue": 951,
        "Gross Profit": 132,
        "Operating Income": -8,
        "EBIT": 2,
        "Net Income": -7
    },
    "2023-09-30": {
        "Tax Effect Of Unusual Items": NaN,
        "Tax Rate For Calcs": NaN,
        "Normalized EBITDA": NaN,
        "Total Unusual Items": NaN,
        "Total Unusual Items Excluding Goodwill": NaN,
        "Net Income From Continuing Operation Net Minority Interest": NaN,
        "Reconciled Depreciation": NaN,
        "Reconciled Cost Of Revenue": NaN,
        "EBITDA": NaN,
        "EBIT": NaN,
        "Net Interest Income": NaN,
        "Interest Expense": NaN,
        "Normalized Income": NaN,
        "Net Income From Continuing And Discontinued Operation": NaN,
        "Total Expenses": NaN,
        "Total Operating Income As Reported": NaN,
        "Diluted Average Shares": 37203000.0,
        "Basic Average Shares": 32574000.0,
        "Diluted EPS": 1.62,
        "Basic EPS": 1.85,
        "Diluted NI Availto Com Stockholders": NaN,
        "Net Income Common Stockholders": NaN,
        "Net Income": NaN,
        "Net Income Including Noncontrolling Interests": NaN,
        "Net Income Continuous Operations": NaN,
        "Tax Provision": NaN,
        "Pretax Income": NaN,
        "Other Income Expense": NaN,
        "Other Non Operating Income Expenses": NaN,
        "Special Income Charges": NaN,
        "Restructuring And Mergern Acquisition": NaN,
        "Net Non Operating Interest Income Expense": NaN,
        "Interest Expense Non Operating": NaN,
        "Operating Income": NaN,
        "Operating Expense": NaN,
        "Selling General And Administration": NaN,
        "Gross Profit": NaN,
        "Cost Of Revenue": NaN,
        "Total Revenue": NaN,
        "Operating Revenue": NaN
    },
    "2023-12-31": {
        "Tax Effect Of Unusual Items": -1571696.836505,
        "Tax Rate For Calcs": 0.258375,
        "Normalized EBITDA": 155394000.0,
        "Total Unusual Items": -6083000.0,
        "Total Unusual Items Excluding Goodwill": -6083000.0,
        "Net Income From Continuing Operation Net Minority Interest": 90608000.0,
        "Reconciled Depreciation": 17778000.0,
        "Reconciled Cost Of Revenue": 1799861000.0,
        "EBITDA": 149311000.0,
        "EBIT": 131533000.0,
        "Net Interest Income": -9358000.0,
        "Interest Expense": 9358000.0,
        "Normalized Income": 95119303.163495,
        "Net Income From Continuing And Discontinued Operation": 90608000.0,
        "Total Expenses": 2098067000.0,
        "Total Operating Income As Reported": 131861000.0,
        "Diluted Average Shares": 37513000.0,
        "Basic Average Shares": 32583000.0,
        "Diluted EPS": 2.42,
        "Basic EPS": 2.78,
        "Diluted NI Availto Com Stockholders": 90608000.0,
        "Net Income Common Stockholders": 90608000.0,
        "Net Income": 90608000.0,
        "Net Income Including Noncontrolling Interests": 90608000.0,
        "Net Income Continuous Operations": 90608000.0,
        "Tax Provision": 31567000.0,
        "Pretax Income": 122175000.0,
        "Other Income Expense": -6411000.0,
        "Other Non Operating Income Expenses": -328000.0,
        "Special Income Charges": -6083000.0,
        "Restructuring And Mergern Acquisition": 6083000.0,
        "Net Non Operating Interest Income Expense": -9358000.0,
        "Interest Expense Non Operating": 9358000.0,
        "Operating Income": 137944000.0,
        "Operating Expense": 298206000.0,
        "Selling General And Administration": 298206000.0,
        "Gross Profit": 436150000.0,
        "Cost Of Revenue": 1799861000.0,
        "Total Revenue": 2236011000.0,
        "Operating Revenue": 2236011000.0
    },
    "2024-03-31": {
        "Tax Effect Of Unusual Items": -841920.0,
        "Tax Rate For Calcs": 0.24,
        "Normalized EBITDA": 126143000.0,
        "Total Unusual Items": -3508000.0,
        "Total Unusual Items Excluding Goodwill": -3508000.0,
        "Net Income From Continuing Operation Net Minority Interest": 67027000.0,
        "Reconciled Depreciation": 21886000.0,
        "Reconciled Cost Of Revenue": 1938557000.0,
        "EBITDA": 122635000.0,
        "EBIT": 100749000.0,
        "Net Interest Income": -12557000.0,
        "Interest Expense": 12557000.0,
        "Normalized Income": 69693080.0,
        "Net Income From Continuing And Discontinued Operation": 67027000.0,
        "Total Expenses": 2275991000.0,
        "Total Operating Income As Reported": 99986000.0,
        "Diluted Average Shares": 38435000.0,
        "Basic Average Shares": 32596000.0,
        "Diluted EPS": 1.74,
        "Basic EPS": 2.06,
        "Diluted NI Availto Com Stockholders": 67027000.0,
        "Net Income Common Stockholders": 67027000.0,
        "Net Income": 67027000.0,
        "Net Income Including Noncontrolling Interests": 67027000.0,
        "Net Income Continuous Operations": 67027000.0,
        "Tax Provision": 21165000.0,
        "Pretax Income": 88192000.0,
        "Other Income Expense": -2745000.0,
        "Other Non Operating Income Expenses": 763000.0,
        "Special Income Charges": -3508000.0,
        "Restructuring And Mergern Acquisition": 3508000.0,
        "Net Non Operating Interest Income Expense": -12557000.0,
        "Interest Expense Non Operating": 12557000.0,
        "Operating Income": 103494000.0,
        "Operating Expense": 337434000.0,
        "Selling General And Administration": 337434000.0,
        "Gross Profit": 440928000.0,
        "Cost Of Revenue": 1938557000.0,
        "Total Revenue": 2379485000.0,
        "Operating Revenue": 2379485000.0
    },
    "2024-06-30": {
        "Tax Effect Of Unusual Items": -1289790.0,
        "Tax Rate For Calcs": 0.255,
        "Normalized EBITDA": 161165000.0,
        "Total Unusual Items": -5058000.0,
        "Total Unusual Items Excluding Goodwill": -5058000.0,
        "Net Income From Continuing Operation Net Minority Interest": 87444000.0,
        "Reconciled Depreciation": 24565000.0,
        "Reconciled Cost Of Revenue": 1708297000.0,
        "EBITDA": 156107000.0,
        "EBIT": 131542000.0,
        "Net Interest Income": -14190000.0,
        "Interest Expense": 14190000.0,
        "Normalized Income": 91212210.0,
        "Net Income From Continuing And Discontinued Operation": 87444000.0,
        "Total Expenses": 2025531000.0,
        "Total Operating Income As Reported": 131073000.0,
        "Diluted Average Shares": 38567000.0,
        "Basic Average Shares": 32565000.0,
        "Diluted EPS": 2.27,
        "Basic EPS": 2.69,
        "Diluted NI Availto Com Stockholders": 87444000.0,
        "Net Income Common Stockholders": 87444000.0,
        "Net Income": 87444000.0,
        "Net Income Including Noncontrolling Interests": 87444000.0,
        "Net Income Continuous Operations": 87444000.0,
        "Tax Provision": 29908000.0,
        "Pretax Income": 117352000.0,
        "Other Income Expense": -4589000.0,
        "Other Non Operating Income Expenses": 469000.0,
        "Special Income Charges": -5058000.0,
        "Restructuring And Mergern Acquisition": 5058000.0,
        "Net Non Operating Interest Income Expense": -14190000.0,
        "Interest Expense Non Operating": 14190000.0,
        "Operating Income": 136131000.0,
        "Operating Expense": 317234000.0,
        "Selling General And Administration": 317234000.0,
        "Gross Profit": 453365000.0,
        "Cost Of Revenue": 1708297000.0,
        "Total Revenue": 2161662000.0,
        "Operating Revenue": 2161662000.0
    },
    "2024-09-30": {
        "Tax Effect Of Unusual Items": -2078550.0,
        "Tax Rate For Calcs": 0.225,
        "Normalized EBITDA": 126891000.0,
        "Total Unusual Items": -9238000.0,
        "Total Unusual Items Excluding Goodwill": -9238000.0,
        "Net Income From Continuing Operation Net Minority Interest": 58208000.0,
        "Reconciled Depreciation": 25906000.0,
        "Reconciled Cost Of Revenue": 1655801000.0,
        "EBITDA": 117653000.0,
        "EBIT": 91747000.0,
        "Net Interest Income": -16629000.0,
        "Interest Expense": 16629000.0,
        "Normalized Income": 65367450.0,
        "Net Income From Continuing And Discontinued Operation": 58208000.0,
        "Total Expenses": 1985797000.0,
        "Total Operating Income As Reported": 92851000.0,
        "Diluted Average Shares": 38331000.0,
        "Basic Average Shares": 32216000.0,
        "Diluted EPS": 1.52,
        "Basic EPS": 1.81,
        "Diluted NI Availto Com Stockholders": 58208000.0,
        "Net Income Common Stockholders": 58208000.0,
        "Net Income": 58208000.0,
        "Net Income Including Noncontrolling Interests": 58208000.0,
        "Net Income Continuous Operations": 58208000.0,
        "Tax Provision": 16910000.0,
        "Pretax Income": 75118000.0,
        "Other Income Expense": -10342000.0,
        "Other Non Operating Income Expenses": -1104000.0,
        "Special Income Charges": -9238000.0,
        "Restructuring And Mergern Acquisition": 9238000.0,
        "Net Non Operating Interest Income Expense": -16629000.0,
        "Interest Expense Non Operating": 16629000.0,
        "Operating Income": 102089000.0,
        "Operating Expense": 329996000.0,
        "Selling General And Administration": 329996000.0,
        "Gross Profit": 432085000.0,
        "Cost Of Revenue": 1655801000.0,
        "Total Revenue": 2087886000.0,
        "Operating Revenue": 2087886000.0
    },
    "2024-12-31": {
        "Tax Effect Of Unusual Items": -4805515.741326,
        "Tax Rate For Calcs": 0.29165,
        "Normalized EBITDA": 109168000.0,
        "Total Unusual Items": -16477000.0,
        "Total Unusual Items Excluding Goodwill": -16477000.0,
        "Net Income From Continuing Operation Net Minority Interest": 37012000.0,
        "Reconciled Depreciation": 25780000.0,
        "Reconciled Cost Of Revenue": 1633027000.0,
        "EBITDA": 92691000.0,
        "EBIT": 66911000.0,
        "Net Interest Income": -14660000.0,
        "Interest Expense": 14660000.0,
        "Normalized Income": 48683484.258674,
        "Net Income From Continuing And Discontinued Operation": 37012000.0,
        "Total Expenses": 1991514000.0,
        "Total Operating Income As Reported": 64674000.0,
        "Diluted Average Shares": 37212000.0,
        "Basic Average Shares": 31769000.0,
        "Diluted EPS": 0.99,
        "Basic EPS": 1.17,
        "Diluted NI Availto Com Stockholders": 37012000.0,
        "Net Income Common Stockholders": 37012000.0,
        "Net Income": 37012000.0,
        "Net Income Including Noncontrolling Interests": 37012000.0,
        "Net Income Continuous Operations": 37012000.0,
        "Tax Provision": 15239000.0,
        "Pretax Income": 52251000.0,
        "Other Income Expense": -14240000.0,
        "Other Non Operating Income Expenses": 2237000.0,
        "Special Income Charges": -16477000.0,
        "Restructuring And Mergern Acquisition": 16477000.0,
        "Net Non Operating Interest Income Expense": -14660000.0,
        "Interest Expense Non Operating": 14660000.0,
        "Operating Income": 81151000.0,
        "Operating Expense": 358487000.0,
        "Selling General And Administration": 358487000.0,
        "Gross Profit": 439638000.0,
        "Cost Of Revenue": 1633027000.0,
        "Total Revenue": 2072665000.0,
        "Operating Revenue": 2072665000.0
    }
}