{
    "2023-04-30": {
        "Tax Effect Of Unusual Items": -3076433.121019,
        "Tax Rate For Calcs": 0.219745,
        "Normalized EBITDA": 410000000.0,
        "Total Unusual Items": -14000000.0,
        "Total Unusual Items Excluding Goodwill": -14000000.0,
        "Net Income From Continuing Operation Net Minority Interest": 245000000.0,
        "Reconciled Depreciation": 66000000.0,
        "Reconciled Cost Of Revenue": 506000000.0,
        "EBITDA": 396000000.0,
        "EBIT": 330000000.0,
        "Net Interest Income": 11000000.0,
        "Interest Expense": 16000000.0,
        "Interest Income": 27000000.0,
        "Normalized Income": 255923566.878981,
        "Net Income From Continuing And Discontinued Operation": 245000000.0,
        "Total Expenses": 1258000000.0,
        "Total Operating Income As Reported": 309000000.0,
        "Diluted Average Shares": 217000000.0,
        "Basic Average Shares": 213000000.0,
        "Diluted EPS": 1.13,
        "Basic EPS": 1.15,
        "Diluted NI Availto Com Stockholders": 245000000.0,
        "Net Income Common Stockholders": 245000000.0,
        "Net Income": 245000000.0,
        "Net Income Including Noncontrolling Interests": 245000000.0,
        "Net Income Continuous Operations": 245000000.0,
        "Tax Provision": 69000000.0,
        "Pretax Income": 314000000.0,
        "Other Income Expense": -20000000.0,
        "Other Non Operating Income Expenses": -6000000.0,
        "Special Income Charges": -14000000.0,
        "Restructuring And Mergern Acquisition": 14000000.0,
        "Net Non Operating Interest Income Expense": 11000000.0,
        "Interest Expense Non Operating": 16000000.0,
        "Interest Income Non Operating": 27000000.0,
        "Operating Income": 323000000.0,
        "Operating Expense": 752000000.0,
        "Research And Development": 243000000.0,
        "Selling General And Administration": 509000000.0,
        "Selling And Marketing Expense": 442000000.0,
        "General And Administrative Expense": 67000000.0,
        "Other Gand A": 67000000.0,
        "Gross Profit": 1075000000.0,
        "Cost Of Revenue": 506000000.0,
        "Total Revenue": 1581000000.0,
        "Operating Revenue": 1581000000.0
    },
    "2023-01-31": {
        "Tax Effect Of Unusual Items": NaN,
        "Tax Rate For Calcs": NaN,
        "Normalized EBITDA": NaN,
        "Total Unusual Items": NaN,
        "Total Unusual Items Excluding Goodwill": NaN,
        "Net Income From Continuing Operation Net Minority Interest": NaN,
        "Reconciled Depreciation": NaN,
        "Reconciled Cost Of Revenue": NaN,
        "EBITDA": NaN,
        "EBIT": NaN,
        "Net Interest Income": NaN,
        "Interest Expense": NaN,
        "Interest Income": NaN,
        "Normalized Income": NaN,
        "Net Income From Continuing And Discontinued Operation": NaN,
        "Total Expenses": NaN,
        "Total Operating Income As Reported": NaN,
        "Diluted Average Shares": 219000000.0,
        "Basic Average Shares": 216000000.0,
        "Diluted EPS": 0.3,
        "Basic EPS": 0.3,
        "Diluted NI Availto Com Stockholders": NaN,
        "Net Income Common Stockholders": NaN,
        "Net Income": NaN,
        "Net Income Including Noncontrolling Interests": NaN,
        "Net Income Continuous Operations": NaN,
        "Tax Provision": NaN,
        "Pretax Income": NaN,
        "Other Income Expense": NaN,
        "Other Non Operating Income Expenses": NaN,
        "Special Income Charges": NaN,
        "Restructuring And Mergern Acquisition": NaN,
        "Net Non Operating Interest Income Expense": NaN,
        "Interest Expense Non Operating": NaN,
        "Interest Income Non Operating": NaN,
        "Operating Income": NaN,
        "Operating Expense": NaN,
        "Research And Development": NaN,
        "Selling General And Administration": NaN,
        "Selling And Marketing Expense": NaN,
        "General And Administrative Expense": NaN,
        "Other Gand A": NaN,
        "Gross Profit": NaN,
        "Cost Of Revenue": NaN,
        "Total Revenue": NaN,
        "Operating Revenue": NaN
    },
    "2022-10-31": {
        "Tax Effect Of Unusual Items": NaN,
        "Tax Rate For Calcs": NaN,
        "Normalized EBITDA": NaN,
        "Total Unusual Items": NaN,
        "Total Unusual Items Excluding Goodwill": NaN,
        "Net Income From Continuing Operation Net Minority Interest": NaN,
        "Reconciled Depreciation": NaN,
        "Reconciled Cost Of Revenue": NaN,
        "EBITDA": NaN,
        "EBIT": NaN,
        "Net Interest Income": NaN,
        "Interest Expense": NaN,
        "Interest Income": NaN,
        "Normalized Income": NaN,
        "Net Income From Continuing And Discontinued Operation": NaN,
        "Total Expenses": NaN,
        "Total Operating Income As Reported": NaN,
        "Diluted Average Shares": NaN,
        "Basic Average Shares": NaN,
        "Diluted EPS": NaN,
        "Basic EPS": NaN,
        "Diluted NI Availto Com Stockholders": NaN,
        "Net Income Common Stockholders": NaN,
        "Net Income": NaN,
        "Net Income Including Noncontrolling Interests": NaN,
        "Net Income Continuous Operations": NaN,
        "Tax Provision": NaN,
        "Pretax Income": NaN,
        "Other Income Expense": NaN,
        "Other Non Operating Income Expenses": 26000000.0,
        "Special Income Charges": NaN,
        "Restructuring And Mergern Acquisition": NaN,
        "Net Non Operating Interest Income Expense": NaN,
        "Interest Expense Non Operating": NaN,
        "Interest Income Non Operating": NaN,
        "Operating Income": NaN,
        "Operating Expense": NaN,
        "Research And Development": NaN,
        "Selling General And Administration": NaN,
        "Selling And Marketing Expense": NaN,
        "General And Administrative Expense": NaN,
        "Other Gand A": NaN,
        "Gross Profit": NaN,
        "Cost Of Revenue": NaN,
        "Total Revenue": NaN,
        "Operating Revenue": NaN
    },
    "2022-07-31": {
        "Tax Effect Of Unusual Items": -4536000.0,
        "Tax Rate For Calcs": 0.216,
        "Normalized EBITDA": 355000000.0,
        "Total Unusual Items": -21000000.0,
        "Total Unusual Items Excluding Goodwill": -21000000.0,
        "Net Income From Continuing Operation Net Minority Interest": 214000000.0,
        "Reconciled Depreciation": 58000000.0,
        "Reconciled Cost Of Revenue": 546000000.0,
        "EBITDA": 334000000.0,
        "EBIT": 276000000.0,
        "Net Interest Income": -11000000.0,
        "Interest Expense": 18000000.0,
        "Interest Income": 7000000.0,
        "Normalized Income": 230464000.0,
        "Net Income From Continuing And Discontinued Operation": 214000000.0,
        "Total Expenses": 1316000000.0,
        "Total Operating Income As Reported": 255000000.0,
        "Diluted Average Shares": 224000000.0,
        "Basic Average Shares": 220000000.0,
        "Diluted EPS": 0.96,
        "Basic EPS": 0.97,
        "Diluted NI Availto Com Stockholders": 214000000.0,
        "Net Income Common Stockholders": 214000000.0,
        "Net Income": 214000000.0,
        "Net Income Including Noncontrolling Interests": 214000000.0,
        "Net Income Continuous Operations": 214000000.0,
        "Tax Provision": 56000000.0,
        "Pretax Income": 270000000.0,
        "Other Income Expense": -6000000.0,
        "Other Non Operating Income Expenses": 15000000.0,
        "Special Income Charges": -21000000.0,
        "Restructuring And Mergern Acquisition": 21000000.0,
        "Net Non Operating Interest Income Expense": -11000000.0,
        "Interest Expense Non Operating": 18000000.0,
        "Interest Income Non Operating": 7000000.0,
        "Operating Income": 276000000.0,
        "Operating Expense": 770000000.0,
        "Research And Development": 240000000.0,
        "Selling General And Administration": 530000000.0,
        "Selling And Marketing Expense": 458000000.0,
        "General And Administrative Expense": 72000000.0,
        "Other Gand A": 72000000.0,
        "Gross Profit": 1046000000.0,
        "Cost Of Revenue": 546000000.0,
        "Total Revenue": 1592000000.0,
        "Operating Revenue": 1592000000.0
    },
    "2022-04-30": {
        "Diluted EPS": 1.13,
        "Total Revenue": NaN,
        "Gross Profit": NaN,
        "Operating Income": 293,
        "EBIT": 344,
        "Net Income": 259
    },
    "2022-01-31": {
        "Diluted EPS": 1.1,
        "Total Revenue": NaN,
        "Gross Profit": NaN,
        "Operating Income": 321,
        "EBIT": 372,
        "Net Income": 252
    },
    "2021-10-31": {
        "Diluted EPS": 0.98,
        "Total Revenue": NaN,
        "Gross Profit": NaN,
        "Operating Income": 294,
        "EBIT": 340,
        "Net Income": 224
    },
    "2021-07-31": {
        "Diluted EPS": 0.88,
        "Total Revenue": NaN,
        "Gross Profit": 999,
        "Operating Income": 249,
        "EBIT": 295,
        "Net Income": 202
    },
    "2021-04-30": {
        "Diluted EPS": 1.47,
        "Total Revenue": NaN,
        "Gross Profit": NaN,
        "Operating Income": 455,
        "EBIT": 503,
        "Net Income": 334
    },
    "2021-01-31": {
        "Diluted EPS": 0.8,
        "Total Revenue": NaN,
        "Gross Profit": 975,
        "Operating Income": 258,
        "EBIT": 312,
        "Net Income": 182
    },
    "2020-10-31": {
        "Diluted EPS": 0.61,
        "Total Revenue": NaN,
        "Gross Profit": 933,
        "Operating Income": 182,
        "EBIT": 238,
        "Net Income": 137
    },
    "2020-07-31": {
        "Diluted EPS": 0.35,
        "Total Revenue": NaN,
        "Gross Profit": 872,
        "Operating Income": 136,
        "EBIT": 185,
        "Net Income": 77
    },
    "2020-04-30": {
        "Diluted EPS": 0.86,
        "Total Revenue": NaN,
        "Gross Profit": 941,
        "Operating Income": 277,
        "EBIT": 324,
        "Net Income": 196
    },
    "2020-01-31": {
        "Diluted EPS": 1.21,
        "Total Revenue": NaN,
        "Gross Profit": 941,
        "Operating Income": 268,
        "EBIT": 315,
        "Net Income": 277
    },
    "2019-10-31": {
        "Diluted EPS": 1.03,
        "Total Revenue": NaN,
        "Gross Profit": 925,
        "Operating Income": 296,
        "EBIT": 346,
        "Net Income": 243
    },
    "2019-07-31": {
        "Diluted EPS": 0.42,
        "Total Revenue": NaN,
        "Gross Profit": 816,
        "Operating Income": 104,
        "EBIT": 153,
        "Net Income": 103
    },
    "2019-04-30": {
        "Diluted EPS": 1.57,
        "Total Revenue": NaN,
        "Gross Profit": NaN,
        "Operating Income": 370,
        "EBIT": 418,
        "Net Income": 396
    },
    "2019-01-31": {
        "Diluted EPS": 0.98,
        "Total Revenue": NaN,
        "Gross Profit": 982,
        "Operating Income": 311,
        "EBIT": 362,
        "Net Income": 249
    },
    "2018-10-31": {
        "Diluted EPS": 0.91,
        "Total Revenue": NaN,
        "Gross Profit": 974,
        "Operating Income": 286,
        "EBIT": 335,
        "Net Income": 241
    },
    "2018-07-31": {
        "Diluted EPS": 1.05,
        "Total Revenue": NaN,
        "Gross Profit": 963,
        "Operating Income": 254,
        "EBIT": 303,
        "Net Income": 283
    },
    "2018-04-30": {
        "Diluted EPS": 1.11,
        "Total Revenue": NaN,
        "Gross Profit": NaN,
        "Operating Income": 312,
        "EBIT": 360,
        "Net Income": 290
    },
    "2018-01-31": {
        "Diluted EPS": -1.79,
        "Total Revenue": NaN,
        "Gross Profit": 956,
        "Operating Income": 490,
        "EBIT": 538,
        "Net Income": -479
    },
    "2017-10-31": {
        "Diluted EPS": 0.63,
        "Total Revenue": NaN,
        "Gross Profit": 900,
        "Operating Income": 216,
        "EBIT": 267,
        "Net Income": 174
    },
    "2017-07-31": {
        "Diluted EPS": 0.47,
        "Total Revenue": NaN,
        "Gross Profit": 824,
        "Operating Income": 140,
        "EBIT": 191,
        "Net Income": 131
    },
    "2017-04-30": {
        "Diluted EPS": 0.58,
        "Total Revenue": NaN,
        "Gross Profit": 887,
        "Operating Income": 203,
        "EBIT": 256,
        "Net Income": 162
    },
    "2017-01-31": {
        "Diluted EPS": 0.52,
        "Total Revenue": NaN,
        "Gross Profit": 851,
        "Operating Income": 183,
        "EBIT": 239,
        "Net Income": 146
    },
    "2016-10-31": {
        "Diluted EPS": 0.38,
        "Total Revenue": NaN,
        "Gross Profit": 829,
        "Operating Income": 142,
        "EBIT": 199,
        "Net Income": 109
    },
    "2016-07-31": {
        "Diluted EPS": 0.23,
        "Total Revenue": NaN,
        "Gross Profit": 797,
        "Operating Income": 93,
        "EBIT": 153,
        "Net Income": 64
    },
    "2016-04-30": {
        "Diluted EPS": -0.04,
        "Total Revenue": NaN,
        "Gross Profit": 818,
        "Operating Income": 64,
        "EBIT": 141,
        "Net Income": -8
    },
    "2016-01-31": {
        "Diluted EPS": 0.52,
        "Total Revenue": NaN,
        "Gross Profit": 855,
        "Operating Income": 165,
        "EBIT": 231,
        "Net Income": 153
    },
    "2015-10-31": {
        "Diluted EPS": 0.39,
        "Total Revenue": NaN,
        "Gross Profit": 884,
        "Operating Income": 145,
        "EBIT": 212,
        "Net Income": 114
    },
    "2015-07-31": {
        "Diluted EPS": -0.1,
        "Total Revenue": NaN,
        "Gross Profit": 816,
        "Operating Income": -26,
        "EBIT": 43,
        "Net Income": -30
    },
    "2015-04-30": {
        "Diluted EPS": 0.43,
        "Total Revenue": NaN,
        "Gross Profit": 935,
        "Operating Income": 161,
        "EBIT": 233,
        "Net Income": 135
    },
    "2015-01-31": {
        "Diluted EPS": 0.56,
        "Total Revenue": NaN,
        "Gross Profit": 977,
        "Operating Income": 202,
        "EBIT": 282,
        "Net Income": 177
    },
    "2014-10-31": {
        "Diluted EPS": 0.49,
        "Total Revenue": NaN,
        "Gross Profit": 983,
        "Operating Income": 193,
        "EBIT": 270,
        "Net Income": 160
    },
    "2014-07-31": {
        "Diluted EPS": 0.27,
        "Total Revenue": NaN,
        "Gross Profit": 938,
        "Operating Income": 160,
        "EBIT": 238,
        "Net Income": 88
    },
    "2014-04-30": {
        "Diluted EPS": 0.57,
        "Total Revenue": NaN,
        "Gross Profit": NaN,
        "Operating Income": 224,
        "EBIT": 306,
        "Net Income": 198
    },
    "2014-01-31": {
        "Diluted EPS": 0.55,
        "Total Revenue": NaN,
        "Gross Profit": NaN,
        "Operating Income": 227,
        "EBIT": 310,
        "Net Income": 192
    },
    "2013-10-31": {
        "Diluted EPS": 0.48,
        "Total Revenue": NaN,
        "Gross Profit": 965,
        "Operating Income": 187,
        "EBIT": 261,
        "Net Income": 167
    },
    "2013-07-31": {
        "Diluted EPS": 0.23,
        "Total Revenue": NaN,
        "Gross Profit": 910,
        "Operating Income": 97,
        "EBIT": 191,
        "Net Income": 82
    },
    "2013-04-30": {
        "Diluted EPS": 0.47,
        "Total Revenue": NaN,
        "Gross Profit": NaN,
        "Operating Income": 204,
        "EBIT": 310,
        "Net Income": 174
    },
    "2013-01-31": {
        "Diluted EPS": 0.43,
        "Total Revenue": NaN,
        "Gross Profit": 965,
        "Operating Income": 188,
        "EBIT": 290,
        "Net Income": 158
    },
    "2012-10-31": {
        "Diluted EPS": 0.3,
        "Total Revenue": NaN,
        "Gross Profit": 914,
        "Operating Income": 135,
        "EBIT": 236,
        "Net Income": 110
    },
    "2012-07-31": {
        "Diluted EPS": 0.17,
        "Total Revenue": NaN,
        "Gross Profit": 850,
        "Operating Income": 80,
        "EBIT": 177,
        "Net Income": 64
    },
    "2012-04-30": {
        "Diluted EPS": 0.48,
        "Total Revenue": NaN,
        "Gross Profit": 995,
        "Operating Income": 221,
        "EBIT": 318,
        "Net Income": 181
    },
    "2012-01-31": {
        "Diluted EPS": 0.32,
        "Total Revenue": NaN,
        "Gross Profit": 909,
        "Operating Income": 157,
        "EBIT": 244,
        "Net Income": 120
    },
    "2011-10-31": {
        "Diluted EPS": 0.44,
        "Total Revenue": NaN,
        "Gross Profit": 913,
        "Operating Income": 192,
        "EBIT": 272,
        "Net Income": 166
    },
    "2011-07-31": {
        "Diluted EPS": 0.34,
        "Total Revenue": NaN,
        "Gross Profit": 897,
        "Operating Income": 176,
        "EBIT": 258,
        "Net Income": 140
    },
    "2011-04-30": {
        "Diluted EPS": 0.4,
        "Total Revenue": NaN,
        "Gross Profit": 928,
        "Operating Income": 213,
        "EBIT": 269,
        "Net Income": 161
    },
    "2011-01-31": {
        "Diluted EPS": 0.46,
        "Total Revenue": NaN,
        "Gross Profit": 846,
        "Operating Income": 221,
        "EBIT": 275,
        "Net Income": 186
    },
    "2010-10-31": {
        "Diluted EPS": 0.45,
        "Total Revenue": NaN,
        "Gross Profit": 817,
        "Operating Income": 213,
        "EBIT": 267,
        "Net Income": 175
    },
    "2010-07-31": {
        "Diluted EPS": 0.4,
        "Total Revenue": NaN,
        "Gross Profit": 738,
        "Operating Income": 178,
        "EBIT": 231,
        "Net Income": 151
    },
    "2010-04-30": {
        "Diluted EPS": 0.41,
        "Total Revenue": NaN,
        "Gross Profit": 749,
        "Operating Income": 173,
        "EBIT": 226,
        "Net Income": 145
    },
    "2010-01-31": {
        "Diluted EPS": 0.3,
        "Total Revenue": NaN,
        "Gross Profit": 642,
        "Operating Income": 129,
        "EBIT": 183,
        "Net Income": 108
    },
    "2009-10-31": {
        "Diluted EPS": 0.27,
        "Total Revenue": 910,
        "Gross Profit": 607,
        "Operating Income": 115,
        "EBIT": 170,
        "Net Income": 96
    },
    "2009-07-31": {
        "Diluted EPS": 0.15,
        "Total Revenue": 838,
        "Gross Profit": 523,
        "Operating Income": 71,
        "EBIT": 127,
        "Net Income": 52
    },
    "2009-04-30": {
        "Diluted EPS": 0.21,
        "Total Revenue": 880,
        "Gross Profit": 534,
        "Operating Income": 34,
        "EBIT": 87,
        "Net Income": 68
    },
    "2009-01-31": {
        "Diluted EPS": -0.25,
        "Total Revenue": 746,
        "Gross Profit": 393,
        "Operating Income": -91,
        "EBIT": -35,
        "Net Income": -82
    },
    "2023-07-31": {
        "Tax Effect Of Unusual Items": -5771000.0,
        "Tax Rate For Calcs": 0.199,
        "Normalized EBITDA": 295000000.0,
        "Total Unusual Items": -29000000.0,
        "Total Unusual Items Excluding Goodwill": -29000000.0,
        "Net Income From Continuing Operation Net Minority Interest": 149000000.0,
        "Reconciled Depreciation": 64000000.0,
        "Reconciled Cost Of Revenue": 436000000.0,
        "EBITDA": 266000000.0,
        "EBIT": 202000000.0,
        "Net Interest Income": 12000000.0,
        "Interest Expense": 16000000.0,
        "Interest Income": 28000000.0,
        "Normalized Income": 172229000.0,
        "Net Income From Continuing And Discontinued Operation": 149000000.0,
        "Total Expenses": 1225000000.0,
        "Total Operating Income As Reported": 178000000.0,
        "Diluted Average Shares": 216000000.0,
        "Basic Average Shares": 212000000.0,
        "Diluted EPS": 0.69,
        "Basic EPS": 0.7,
        "Diluted NI Availto Com Stockholders": 149000000.0,
        "Net Income Common Stockholders": 149000000.0,
        "Net Income": 149000000.0,
        "Net Income Including Noncontrolling Interests": 149000000.0,
        "Net Income Continuous Operations": 149000000.0,
        "Tax Provision": 37000000.0,
        "Pretax Income": 186000000.0,
        "Other Income Expense": -33000000.0,
        "Other Non Operating Income Expenses": -4000000.0,
        "Special Income Charges": -29000000.0,
        "Restructuring And Mergern Acquisition": 29000000.0,
        "Net Non Operating Interest Income Expense": 12000000.0,
        "Interest Expense Non Operating": 16000000.0,
        "Interest Income Non Operating": 28000000.0,
        "Operating Income": 207000000.0,
        "Operating Expense": 789000000.0,
        "Research And Development": 247000000.0,
        "Selling General And Administration": 542000000.0,
        "Selling And Marketing Expense": 468000000.0,
        "General And Administrative Expense": 74000000.0,
        "Other Gand A": 74000000.0,
        "Gross Profit": 996000000.0,
        "Cost Of Revenue": 436000000.0,
        "Total Revenue": 1432000000.0,
        "Operating Revenue": 1432000000.0
    },
    "2023-10-31": {
        "Tax Effect Of Unusual Items": NaN,
        "Tax Rate For Calcs": NaN,
        "Normalized EBITDA": NaN,
        "Total Unusual Items": NaN,
        "Total Unusual Items Excluding Goodwill": NaN,
        "Net Income From Continuing Operation Net Minority Interest": NaN,
        "Reconciled Depreciation": NaN,
        "Reconciled Cost Of Revenue": NaN,
        "EBITDA": NaN,
        "EBIT": NaN,
        "Net Interest Income": NaN,
        "Interest Expense": NaN,
        "Interest Income": NaN,
        "Normalized Income": NaN,
        "Net Income From Continuing And Discontinued Operation": NaN,
        "Total Expenses": NaN,
        "Total Operating Income As Reported": NaN,
        "Diluted Average Shares": NaN,
        "Basic Average Shares": NaN,
        "Diluted EPS": NaN,
        "Basic EPS": NaN,
        "Diluted NI Availto Com Stockholders": NaN,
        "Net Income Common Stockholders": NaN,
        "Net Income": NaN,
        "Net Income Including Noncontrolling Interests": NaN,
        "Net Income Continuous Operations": NaN,
        "Tax Provision": NaN,
        "Pretax Income": NaN,
        "Other Income Expense": NaN,
        "Other Non Operating Income Expenses": 1000000.0,
        "Special Income Charges": NaN,
        "Restructuring And Mergern Acquisition": NaN,
        "Net Non Operating Interest Income Expense": NaN,
        "Interest Expense Non Operating": NaN,
        "Interest Income Non Operating": NaN,
        "Operating Income": NaN,
        "Operating Expense": NaN,
        "Research And Development": NaN,
        "Selling General And Administration": NaN,
        "Selling And Marketing Expense": NaN,
        "General And Administrative Expense": NaN,
        "Other Gand A": NaN,
        "Gross Profit": NaN,
        "Cost Of Revenue": NaN,
        "Total Revenue": NaN,
        "Operating Revenue": NaN
    },
    "2024-01-31": {
        "Tax Effect Of Unusual Items": NaN,
        "Tax Rate For Calcs": NaN,
        "Normalized EBITDA": NaN,
        "Total Unusual Items": NaN,
        "Total Unusual Items Excluding Goodwill": NaN,
        "Net Income From Continuing Operation Net Minority Interest": NaN,
        "Reconciled Depreciation": NaN,
        "Reconciled Cost Of Revenue": NaN,
        "EBITDA": NaN,
        "EBIT": NaN,
        "Net Interest Income": NaN,
        "Interest Expense": NaN,
        "Interest Income": NaN,
        "Normalized Income": NaN,
        "Net Income From Continuing And Discontinued Operation": NaN,
        "Total Expenses": NaN,
        "Total Operating Income As Reported": NaN,
        "Diluted Average Shares": NaN,
        "Basic Average Shares": NaN,
        "Diluted EPS": NaN,
        "Basic EPS": NaN,
        "Diluted NI Availto Com Stockholders": NaN,
        "Net Income Common Stockholders": NaN,
        "Net Income": NaN,
        "Net Income Including Noncontrolling Interests": NaN,
        "Net Income Continuous Operations": NaN,
        "Tax Provision": NaN,
        "Pretax Income": NaN,
        "Other Income Expense": NaN,
        "Other Non Operating Income Expenses": 6000000.0,
        "Special Income Charges": NaN,
        "Restructuring And Mergern Acquisition": NaN,
        "Net Non Operating Interest Income Expense": NaN,
        "Interest Expense Non Operating": NaN,
        "Interest Income Non Operating": NaN,
        "Operating Income": NaN,
        "Operating Expense": NaN,
        "Research And Development": NaN,
        "Selling General And Administration": NaN,
        "Selling And Marketing Expense": NaN,
        "General And Administrative Expense": NaN,
        "Other Gand A": NaN,
        "Gross Profit": NaN,
        "Cost Of Revenue": NaN,
        "Total Revenue": NaN,
        "Operating Revenue": NaN
    },
    "2024-04-30": {
        "Tax Effect Of Unusual Items": NaN,
        "Tax Rate For Calcs": NaN,
        "Normalized EBITDA": NaN,
        "Total Unusual Items": NaN,
        "Total Unusual Items Excluding Goodwill": NaN,
        "Net Income From Continuing Operation Net Minority Interest": NaN,
        "Reconciled Depreciation": NaN,
        "Reconciled Cost Of Revenue": NaN,
        "EBITDA": NaN,
        "EBIT": NaN,
        "Net Interest Income": NaN,
        "Interest Expense": NaN,
        "Interest Income": NaN,
        "Normalized Income": NaN,
        "Net Income From Continuing And Discontinued Operation": NaN,
        "Total Expenses": NaN,
        "Total Operating Income As Reported": NaN,
        "Diluted Average Shares": NaN,
        "Basic Average Shares": NaN,
        "Diluted EPS": NaN,
        "Basic EPS": NaN,
        "Diluted NI Availto Com Stockholders": NaN,
        "Net Income Common Stockholders": NaN,
        "Net Income": NaN,
        "Net Income Including Noncontrolling Interests": NaN,
        "Net Income Continuous Operations": NaN,
        "Tax Provision": NaN,
        "Pretax Income": NaN,
        "Other Income Expense": NaN,
        "Other Non Operating Income Expenses": -2000000.0,
        "Special Income Charges": NaN,
        "Restructuring And Mergern Acquisition": NaN,
        "Net Non Operating Interest Income Expense": NaN,
        "Interest Expense Non Operating": NaN,
        "Interest Income Non Operating": NaN,
        "Operating Income": NaN,
        "Operating Expense": NaN,
        "Research And Development": NaN,
        "Selling General And Administration": NaN,
        "Selling And Marketing Expense": NaN,
        "General And Administrative Expense": NaN,
        "Other Gand A": NaN,
        "Gross Profit": NaN,
        "Cost Of Revenue": NaN,
        "Total Revenue": NaN,
        "Operating Revenue": NaN
    },
    "2024-07-31": {
        "Tax Effect Of Unusual Items": -3070234.113712,
        "Tax Rate For Calcs": 0.170569,
        "Normalized EBITDA": 396000000.0,
        "Total Unusual Items": -18000000.0,
        "Total Unusual Items Excluding Goodwill": -18000000.0,
        "Net Income From Continuing Operation Net Minority Interest": 248000000.0,
        "Reconciled Depreciation": 63000000.0,
        "Reconciled Cost Of Revenue": 443000000.0,
        "EBITDA": 378000000.0,
        "EBIT": 315000000.0,
        "Net Interest Income": 20000000.0,
        "Interest Expense": 16000000.0,
        "Interest Income": 36000000.0,
        "Normalized Income": 262929765.886288,
        "Net Income From Continuing And Discontinued Operation": 248000000.0,
        "Total Expenses": 1241000000.0,
        "Total Operating Income As Reported": 282000000.0,
        "Diluted Average Shares": 212000000.0,
        "Basic Average Shares": 206000000.0,
        "Diluted EPS": 1.17,
        "Basic EPS": 1.2,
        "Diluted NI Availto Com Stockholders": 248000000.0,
        "Net Income Common Stockholders": 248000000.0,
        "Net Income": 248000000.0,
        "Net Income Including Noncontrolling Interests": 248000000.0,
        "Net Income Continuous Operations": 248000000.0,
        "Tax Provision": 51000000.0,
        "Pretax Income": 299000000.0,
        "Other Income Expense": -21000000.0,
        "Other Non Operating Income Expenses": -3000000.0,
        "Special Income Charges": -18000000.0,
        "Restructuring And Mergern Acquisition": 18000000.0,
        "Net Non Operating Interest Income Expense": 20000000.0,
        "Interest Expense Non Operating": 16000000.0,
        "Interest Income Non Operating": 36000000.0,
        "Operating Income": 300000000.0,
        "Operating Expense": 798000000.0,
        "Research And Development": 252000000.0,
        "Selling General And Administration": 546000000.0,
        "Selling And Marketing Expense": 471000000.0,
        "General And Administrative Expense": 75000000.0,
        "Other Gand A": 75000000.0,
        "Gross Profit": 1098000000.0,
        "Cost Of Revenue": 443000000.0,
        "Total Revenue": 1541000000.0,
        "Operating Revenue": 1541000000.0
    },
    "2024-10-31": {
        "Tax Effect Of Unusual Items": -2202777.777778,
        "Tax Rate For Calcs": 0.169444,
        "Normalized EBITDA": 451000000.0,
        "Total Unusual Items": -13000000.0,
        "Total Unusual Items Excluding Goodwill": -13000000.0,
        "Net Income From Continuing Operation Net Minority Interest": 299000000.0,
        "Reconciled Depreciation": 63000000.0,
        "Reconciled Cost Of Revenue": 481000000.0,
        "EBITDA": 438000000.0,
        "EBIT": 375000000.0,
        "Net Interest Income": 12000000.0,
        "Interest Expense": 15000000.0,
        "Interest Income": 27000000.0,
        "Normalized Income": 309797222.222222,
        "Net Income From Continuing And Discontinued Operation": 299000000.0,
        "Total Expenses": 1300000000.0,
        "Total Operating Income As Reported": 345000000.0,
        "Diluted Average Shares": 210000000.0,
        "Basic Average Shares": 204000000.0,
        "Diluted EPS": 1.42,
        "Basic EPS": 1.47,
        "Diluted NI Availto Com Stockholders": 299000000.0,
        "Net Income Common Stockholders": 299000000.0,
        "Net Income": 299000000.0,
        "Net Income Including Noncontrolling Interests": 299000000.0,
        "Net Income Continuous Operations": 299000000.0,
        "Tax Provision": 61000000.0,
        "Pretax Income": 360000000.0,
        "Other Income Expense": -10000000.0,
        "Other Non Operating Income Expenses": 3000000.0,
        "Special Income Charges": -13000000.0,
        "Restructuring And Mergern Acquisition": 13000000.0,
        "Net Non Operating Interest Income Expense": 12000000.0,
        "Interest Expense Non Operating": 15000000.0,
        "Interest Income Non Operating": 27000000.0,
        "Operating Income": 358000000.0,
        "Operating Expense": 819000000.0,
        "Research And Development": 257000000.0,
        "Selling General And Administration": 562000000.0,
        "Selling And Marketing Expense": 485000000.0,
        "General And Administrative Expense": 77000000.0,
        "Other Gand A": 77000000.0,
        "Gross Profit": 1177000000.0,
        "Cost Of Revenue": 481000000.0,
        "Total Revenue": 1658000000.0,
        "Operating Revenue": 1658000000.0
    },
    "2025-01-31": {
        "Tax Effect Of Unusual Items": -2110810.810811,
        "Tax Rate For Calcs": 0.191892,
        "Normalized EBITDA": 457000000.0,
        "Total Unusual Items": -11000000.0,
        "Total Unusual Items Excluding Goodwill": -11000000.0,
        "Net Income From Continuing Operation Net Minority Interest": 299000000.0,
        "Reconciled Depreciation": 64000000.0,
        "Reconciled Cost Of Revenue": 496000000.0,
        "EBITDA": 446000000.0,
        "EBIT": 382000000.0,
        "Net Interest Income": 8000000.0,
        "Interest Expense": 12000000.0,
        "Interest Income": 20000000.0,
        "Normalized Income": 307889189.189189,
        "Net Income From Continuing And Discontinued Operation": 299000000.0,
        "Total Expenses": 1268000000.0,
        "Total Operating Income As Reported": 362000000.0,
        "Diluted Average Shares": 208000000.0,
        "Basic Average Shares": 204000000.0,
        "Diluted EPS": 1.44,
        "Basic EPS": 1.47,
        "Diluted NI Availto Com Stockholders": 299000000.0,
        "Net Income Common Stockholders": 299000000.0,
        "Net Income": 299000000.0,
        "Net Income Including Noncontrolling Interests": 299000000.0,
        "Net Income Continuous Operations": 299000000.0,
        "Tax Provision": 71000000.0,
        "Pretax Income": 370000000.0,
        "Other Income Expense": -11000000.0,
        "Other Non Operating Income Expenses": NaN,
        "Special Income Charges": -11000000.0,
        "Restructuring And Mergern Acquisition": 11000000.0,
        "Net Non Operating Interest Income Expense": 8000000.0,
        "Interest Expense Non Operating": 12000000.0,
        "Interest Income Non Operating": 20000000.0,
        "Operating Income": 373000000.0,
        "Operating Expense": 772000000.0,
        "Research And Development": 247000000.0,
        "Selling General And Administration": 525000000.0,
        "Selling And Marketing Expense": 451000000.0,
        "General And Administrative Expense": 74000000.0,
        "Other Gand A": 74000000.0,
        "Gross Profit": 1145000000.0,
        "Cost Of Revenue": 496000000.0,
        "Total Revenue": 1641000000.0,
        "Operating Revenue": 1641000000.0
    },
    "2025-04-30": {
        "Tax Effect Of Unusual Items": -1819209.039548,
        "Tax Rate For Calcs": 0.039548,
        "Normalized EBITDA": 474000000.0,
        "Total Unusual Items": -46000000.0,
        "Total Unusual Items Excluding Goodwill": -46000000.0,
        "Net Income From Continuing Operation Net Minority Interest": 340000000.0,
        "Reconciled Depreciation": 53000000.0,
        "Reconciled Cost Of Revenue": 539000000.0,
        "EBITDA": 428000000.0,
        "EBIT": 375000000.0,
        "Net Interest Income": 8000000.0,
        "Interest Expense": 21000000.0,
        "Interest Income": 29000000.0,
        "Normalized Income": 384180790.960452,
        "Net Income From Continuing And Discontinued Operation": 340000000.0,
        "Total Expenses": 1338000000.0,
        "Total Operating Income As Reported": 348000000.0,
        "Diluted Average Shares": 206000000.0,
        "Basic Average Shares": 203000000.0,
        "Diluted EPS": 1.65,
        "Basic EPS": 1.67,
        "Diluted NI Availto Com Stockholders": 340000000.0,
        "Net Income Common Stockholders": 340000000.0,
        "Net Income": 340000000.0,
        "Net Income Including Noncontrolling Interests": 340000000.0,
        "Net Income Continuous Operations": 340000000.0,
        "Tax Provision": 14000000.0,
        "Pretax Income": 354000000.0,
        "Other Income Expense": -48000000.0,
        "Other Non Operating Income Expenses": NaN,
        "Special Income Charges": -46000000.0,
        "Restructuring And Mergern Acquisition": 46000000.0,
        "Net Non Operating Interest Income Expense": 8000000.0,
        "Interest Expense Non Operating": 21000000.0,
        "Interest Income Non Operating": 29000000.0,
        "Operating Income": 394000000.0,
        "Operating Expense": 799000000.0,
        "Research And Development": 256000000.0,
        "Selling General And Administration": 543000000.0,
        "Selling And Marketing Expense": 458000000.0,
        "General And Administrative Expense": 85000000.0,
        "Other Gand A": 85000000.0,
        "Gross Profit": 1193000000.0,
        "Cost Of Revenue": 539000000.0,
        "Total Revenue": 1732000000.0,
        "Operating Revenue": 1732000000.0
    },
    "2025-07-31": {
        "Tax Effect Of Unusual Items": -467105.263158,
        "Tax Rate For Calcs": 0.233553,
        "Normalized EBITDA": 386000000.0,
        "Total Unusual Items": -2000000.0,
        "Total Unusual Items Excluding Goodwill": -2000000.0,
        "Net Income From Continuing Operation Net Minority Interest": 233000000.0,
        "Reconciled Depreciation": 51000000.0,
        "Reconciled Cost Of Revenue": 461000000.0,
        "EBITDA": 384000000.0,
        "EBIT": 333000000.0,
        "Net Interest Income": 7000000.0,
        "Interest Expense": 29000000.0,
        "Interest Income": 36000000.0,
        "Normalized Income": 234532894.736842,
        "Net Income From Continuing And Discontinued Operation": 233000000.0,
        "Total Expenses": 1248000000.0,
        "Total Operating Income As Reported": 309000000.0,
        "Diluted Average Shares": 203000000.0,
        "Basic Average Shares": 201000000.0,
        "Diluted EPS": 1.15,
        "Basic EPS": 1.16,
        "Diluted NI Availto Com Stockholders": 233000000.0,
        "Net Income Common Stockholders": 233000000.0,
        "Net Income": 233000000.0,
        "Net Income Including Noncontrolling Interests": 233000000.0,
        "Net Income Continuous Operations": 233000000.0,
        "Tax Provision": 71000000.0,
        "Pretax Income": 304000000.0,
        "Other Income Expense": -14000000.0,
        "Other Non Operating Income Expenses": -12000000.0,
        "Special Income Charges": -2000000.0,
        "Restructuring And Mergern Acquisition": 2000000.0,
        "Net Non Operating Interest Income Expense": 7000000.0,
        "Interest Expense Non Operating": 29000000.0,
        "Interest Income Non Operating": 36000000.0,
        "Operating Income": 311000000.0,
        "Operating Expense": 787000000.0,
        "Research And Development": 242000000.0,
        "Selling General And Administration": 545000000.0,
        "Selling And Marketing Expense": 461000000.0,
        "General And Administrative Expense": 84000000.0,
        "Other Gand A": 84000000.0,
        "Gross Profit": 1098000000.0,
        "Cost Of Revenue": 461000000.0,
        "Total Revenue": 1559000000.0,
        "Operating Revenue": 1559000000.0
    }
}