{
    "2023-03-31": {
        "Tax Effect Of Unusual Items": NaN,
        "Tax Rate For Calcs": NaN,
        "Normalized EBITDA": NaN,
        "Total Unusual Items": NaN,
        "Total Unusual Items Excluding Goodwill": NaN,
        "Net Income From Continuing Operation Net Minority Interest": NaN,
        "Reconciled Depreciation": NaN,
        "Reconciled Cost Of Revenue": NaN,
        "EBITDA": NaN,
        "EBIT": NaN,
        "Net Interest Income": NaN,
        "Interest Expense": NaN,
        "Normalized Income": NaN,
        "Net Income From Continuing And Discontinued Operation": NaN,
        "Total Expenses": NaN,
        "Total Operating Income As Reported": 939000000.0,
        "Diluted Average Shares": NaN,
        "Basic Average Shares": NaN,
        "Diluted EPS": NaN,
        "Basic EPS": NaN,
        "Diluted NI Availto Com Stockholders": NaN,
        "Net Income Common Stockholders": NaN,
        "Net Income": NaN,
        "Minority Interests": NaN,
        "Net Income Including Noncontrolling Interests": NaN,
        "Net Income Continuous Operations": NaN,
        "Tax Provision": NaN,
        "Pretax Income": NaN,
        "Other Income Expense": NaN,
        "Other Non Operating Income Expenses": NaN,
        "Special Income Charges": NaN,
        "Other Special Charges": -80000000.0,
        "Write Off": NaN,
        "Impairment Of Capital Assets": NaN,
        "Restructuring And Mergern Acquisition": NaN,
        "Earnings From Equity Interest": NaN,
        "Gain On Sale Of Security": NaN,
        "Net Non Operating Interest Income Expense": NaN,
        "Interest Expense Non Operating": NaN,
        "Operating Income": NaN,
        "Operating Expense": NaN,
        "Other Operating Expenses": 13000000.0,
        "Other Taxes": NaN,
        "Selling General And Administration": NaN,
        "Selling And Marketing Expense": NaN,
        "General And Administrative Expense": NaN,
        "Other Gand A": NaN,
        "Salaries And Wages": NaN,
        "Gross Profit": NaN,
        "Cost Of Revenue": NaN,
        "Total Revenue": NaN,
        "Operating Revenue": NaN
    },
    "2022-12-31": {
        "Tax Effect Of Unusual Items": NaN,
        "Tax Rate For Calcs": NaN,
        "Normalized EBITDA": NaN,
        "Total Unusual Items": NaN,
        "Total Unusual Items Excluding Goodwill": NaN,
        "Net Income From Continuing Operation Net Minority Interest": NaN,
        "Reconciled Depreciation": NaN,
        "Reconciled Cost Of Revenue": NaN,
        "EBITDA": NaN,
        "EBIT": NaN,
        "Net Interest Income": NaN,
        "Interest Expense": NaN,
        "Normalized Income": NaN,
        "Net Income From Continuing And Discontinued Operation": NaN,
        "Total Expenses": NaN,
        "Total Operating Income As Reported": NaN,
        "Diluted Average Shares": NaN,
        "Basic Average Shares": NaN,
        "Diluted EPS": NaN,
        "Basic EPS": NaN,
        "Diluted NI Availto Com Stockholders": NaN,
        "Net Income Common Stockholders": NaN,
        "Net Income": NaN,
        "Minority Interests": NaN,
        "Net Income Including Noncontrolling Interests": NaN,
        "Net Income Continuous Operations": NaN,
        "Tax Provision": NaN,
        "Pretax Income": NaN,
        "Other Income Expense": NaN,
        "Other Non Operating Income Expenses": NaN,
        "Special Income Charges": NaN,
        "Other Special Charges": 21000000.0,
        "Write Off": NaN,
        "Impairment Of Capital Assets": NaN,
        "Restructuring And Mergern Acquisition": NaN,
        "Earnings From Equity Interest": NaN,
        "Gain On Sale Of Security": NaN,
        "Net Non Operating Interest Income Expense": NaN,
        "Interest Expense Non Operating": NaN,
        "Operating Income": NaN,
        "Operating Expense": NaN,
        "Other Operating Expenses": NaN,
        "Other Taxes": NaN,
        "Selling General And Administration": NaN,
        "Selling And Marketing Expense": NaN,
        "General And Administrative Expense": NaN,
        "Other Gand A": NaN,
        "Salaries And Wages": NaN,
        "Gross Profit": NaN,
        "Cost Of Revenue": NaN,
        "Total Revenue": NaN,
        "Operating Revenue": NaN
    },
    "2022-09-30": {
        "Tax Effect Of Unusual Items": NaN,
        "Tax Rate For Calcs": NaN,
        "Normalized EBITDA": NaN,
        "Total Unusual Items": NaN,
        "Total Unusual Items Excluding Goodwill": NaN,
        "Net Income From Continuing Operation Net Minority Interest": NaN,
        "Reconciled Depreciation": NaN,
        "Reconciled Cost Of Revenue": NaN,
        "EBITDA": NaN,
        "EBIT": NaN,
        "Net Interest Income": NaN,
        "Interest Expense": NaN,
        "Normalized Income": NaN,
        "Net Income From Continuing And Discontinued Operation": NaN,
        "Total Expenses": NaN,
        "Total Operating Income As Reported": NaN,
        "Diluted Average Shares": NaN,
        "Basic Average Shares": NaN,
        "Diluted EPS": NaN,
        "Basic EPS": NaN,
        "Diluted NI Availto Com Stockholders": NaN,
        "Net Income Common Stockholders": NaN,
        "Net Income": NaN,
        "Minority Interests": NaN,
        "Net Income Including Noncontrolling Interests": NaN,
        "Net Income Continuous Operations": NaN,
        "Tax Provision": NaN,
        "Pretax Income": NaN,
        "Other Income Expense": NaN,
        "Other Non Operating Income Expenses": NaN,
        "Special Income Charges": NaN,
        "Other Special Charges": NaN,
        "Write Off": NaN,
        "Impairment Of Capital Assets": -330000000.0,
        "Restructuring And Mergern Acquisition": NaN,
        "Earnings From Equity Interest": NaN,
        "Gain On Sale Of Security": NaN,
        "Net Non Operating Interest Income Expense": NaN,
        "Interest Expense Non Operating": NaN,
        "Operating Income": NaN,
        "Operating Expense": NaN,
        "Other Operating Expenses": NaN,
        "Other Taxes": NaN,
        "Selling General And Administration": NaN,
        "Selling And Marketing Expense": NaN,
        "General And Administrative Expense": NaN,
        "Other Gand A": NaN,
        "Salaries And Wages": NaN,
        "Gross Profit": NaN,
        "Cost Of Revenue": NaN,
        "Total Revenue": NaN,
        "Operating Revenue": NaN
    },
    "2022-06-30": {
        "Tax Effect Of Unusual Items": 98582346.832814,
        "Tax Rate For Calcs": 0.252129,
        "Normalized EBITDA": 5059000000.0,
        "Total Unusual Items": 391000000.0,
        "Total Unusual Items Excluding Goodwill": 391000000.0,
        "Net Income From Continuing Operation Net Minority Interest": 3593000000.0,
        "Reconciled Depreciation": 505000000.0,
        "Reconciled Cost Of Revenue": 8507000000.0,
        "EBITDA": 5450000000.0,
        "EBIT": 4945000000.0,
        "Net Interest Income": -130000000.0,
        "Interest Expense": 130000000.0,
        "Normalized Income": 3300582346.832814,
        "Net Income From Continuing And Discontinued Operation": 3593000000.0,
        "Total Expenses": 9974000000.0,
        "Total Operating Income As Reported": 4945000000.0,
        "Diluted Average Shares": 551659000.0,
        "Basic Average Shares": 550048000.0,
        "Diluted EPS": 6.51,
        "Basic EPS": 6.53,
        "Diluted NI Availto Com Stockholders": 3593000000.0,
        "Net Income Common Stockholders": 3593000000.0,
        "Net Income": 3593000000.0,
        "Minority Interests": -8000000.0,
        "Net Income Including Noncontrolling Interests": 3601000000.0,
        "Net Income Continuous Operations": 3601000000.0,
        "Tax Provision": 1214000000.0,
        "Pretax Income": 4815000000.0,
        "Other Income Expense": 413000000.0,
        "Other Non Operating Income Expenses": -55000000.0,
        "Special Income Charges": 422000000.0,
        "Other Special Charges": 3000000.0,
        "Write Off": -436000000.0,
        "Impairment Of Capital Assets": NaN,
        "Restructuring And Mergern Acquisition": 11000000.0,
        "Earnings From Equity Interest": 77000000.0,
        "Gain On Sale Of Security": -31000000.0,
        "Net Non Operating Interest Income Expense": -130000000.0,
        "Interest Expense Non Operating": 130000000.0,
        "Operating Income": 4532000000.0,
        "Operating Expense": 1467000000.0,
        "Other Operating Expenses": NaN,
        "Other Taxes": 362000000.0,
        "Selling General And Administration": 1105000000.0,
        "Selling And Marketing Expense": 1017000000.0,
        "General And Administrative Expense": 88000000.0,
        "Other Gand A": 140000000.0,
        "Salaries And Wages": -52000000.0,
        "Gross Profit": 5999000000.0,
        "Cost Of Revenue": 8507000000.0,
        "Total Revenue": 14506000000.0,
        "Operating Revenue": 14506000000.0
    },
    "2023-06-30": {
        "Tax Effect Of Unusual Items": NaN,
        "Tax Rate For Calcs": NaN,
        "Normalized EBITDA": NaN,
        "Total Unusual Items": NaN,
        "Total Unusual Items Excluding Goodwill": NaN,
        "Net Income From Continuing Operation Net Minority Interest": NaN,
        "Reconciled Depreciation": NaN,
        "Reconciled Cost Of Revenue": NaN,
        "EBITDA": NaN,
        "EBIT": NaN,
        "Net Interest Income": NaN,
        "Interest Expense": NaN,
        "Normalized Income": NaN,
        "Net Income From Continuing And Discontinued Operation": NaN,
        "Total Expenses": NaN,
        "Total Operating Income As Reported": NaN,
        "Diluted Average Shares": NaN,
        "Basic Average Shares": NaN,
        "Diluted EPS": NaN,
        "Basic EPS": NaN,
        "Diluted NI Availto Com Stockholders": NaN,
        "Net Income Common Stockholders": NaN,
        "Net Income": NaN,
        "Minority Interests": NaN,
        "Net Income Including Noncontrolling Interests": NaN,
        "Net Income Continuous Operations": NaN,
        "Tax Provision": NaN,
        "Pretax Income": NaN,
        "Other Income Expense": NaN,
        "Other Non Operating Income Expenses": NaN,
        "Special Income Charges": NaN,
        "Other Special Charges": NaN,
        "Write Off": NaN,
        "Impairment Of Capital Assets": 698000000.0,
        "Restructuring And Mergern Acquisition": NaN,
        "Earnings From Equity Interest": NaN,
        "Gain On Sale Of Security": NaN,
        "Net Non Operating Interest Income Expense": NaN,
        "Interest Expense Non Operating": NaN,
        "Operating Income": NaN,
        "Operating Expense": NaN,
        "Other Operating Expenses": NaN,
        "Other Taxes": NaN,
        "Selling General And Administration": NaN,
        "Selling And Marketing Expense": NaN,
        "General And Administrative Expense": NaN,
        "Other Gand A": NaN,
        "Salaries And Wages": NaN,
        "Gross Profit": NaN,
        "Cost Of Revenue": NaN,
        "Total Revenue": NaN,
        "Operating Revenue": NaN
    },
    "2022-03-31": {
        "Diluted EPS": 2.49,
        "Total Revenue": NaN,
        "Gross Profit": NaN,
        "Operating Income": NaN,
        "EBIT": NaN,
        "Net Income": NaN
    },
    "2021-12-31": {
        "Diluted EPS": 2.11,
        "Total Revenue": NaN,
        "Gross Profit": NaN,
        "Operating Income": NaN,
        "EBIT": NaN,
        "Net Income": NaN
    },
    "2021-09-30": {
        "Diluted EPS": 1.25,
        "Total Revenue": NaN,
        "Gross Profit": NaN,
        "Operating Income": NaN,
        "EBIT": NaN,
        "Net Income": 717
    },
    "2021-06-30": {
        "Diluted EPS": 1.94,
        "Total Revenue": NaN,
        "Gross Profit": NaN,
        "Operating Income": NaN,
        "EBIT": NaN,
        "Net Income": NaN
    },
    "2021-03-31": {
        "Diluted EPS": 0.22,
        "Total Revenue": NaN,
        "Gross Profit": NaN,
        "Operating Income": 278,
        "EBIT": 758,
        "Net Income": 127
    },
    "2020-12-31": {
        "Diluted EPS": 0.56,
        "Total Revenue": NaN,
        "Gross Profit": NaN,
        "Operating Income": 403,
        "EBIT": 902,
        "Net Income": 316
    },
    "2020-09-30": {
        "Diluted EPS": -1.03,
        "Total Revenue": NaN,
        "Gross Profit": NaN,
        "Operating Income": -722,
        "EBIT": -222,
        "Net Income": -587
    },
    "2020-06-30": {
        "Diluted EPS": 1.34,
        "Total Revenue": NaN,
        "Gross Profit": NaN,
        "Operating Income": NaN,
        "EBIT": NaN,
        "Net Income": 765
    },
    "2020-03-31": {
        "Diluted EPS": -0.06,
        "Total Revenue": NaN,
        "Gross Profit": 885,
        "Operating Income": 82,
        "EBIT": 555,
        "Net Income": -35
    },
    "2019-12-31": {
        "Diluted EPS": -0.08,
        "Total Revenue": NaN,
        "Gross Profit": NaN,
        "Operating Income": 63,
        "EBIT": 499,
        "Net Income": -48
    },
    "2019-09-30": {
        "Diluted EPS": 0.24,
        "Total Revenue": NaN,
        "Gross Profit": NaN,
        "Operating Income": 328,
        "EBIT": 785,
        "Net Income": 141
    },
    "2019-06-30": {
        "Diluted EPS": 1.47,
        "Total Revenue": NaN,
        "Gross Profit": NaN,
        "Operating Income": NaN,
        "EBIT": NaN,
        "Net Income": 858
    },
    "2019-03-31": {
        "Diluted EPS": 0.07,
        "Total Revenue": NaN,
        "Gross Profit": 975,
        "Operating Income": 176,
        "EBIT": 596,
        "Net Income": 41
    },
    "2018-12-31": {
        "Diluted EPS": 5.18,
        "Total Revenue": NaN,
        "Gross Profit": NaN,
        "Operating Income": 546,
        "EBIT": 944,
        "Net Income": NaN
    },
    "2018-09-30": {
        "Diluted EPS": -1.7,
        "Total Revenue": NaN,
        "Gross Profit": NaN,
        "Operating Income": NaN,
        "EBIT": -932,
        "Net Income": NaN
    },
    "2018-06-30": {
        "Diluted EPS": 2.24,
        "Total Revenue": NaN,
        "Gross Profit": NaN,
        "Operating Income": NaN,
        "EBIT": NaN,
        "Net Income": NaN
    },
    "2018-03-31": {
        "Diluted EPS": 0.0,
        "Total Revenue": NaN,
        "Gross Profit": 847,
        "Operating Income": 76,
        "EBIT": 487,
        "Net Income": -1
    },
    "2017-12-31": {
        "Diluted EPS": -0.09,
        "Total Revenue": NaN,
        "Gross Profit": -72,
        "Operating Income": -215,
        "EBIT": -43,
        "Net Income": -76
    },
    "2017-09-30": {
        "Diluted EPS": 0.06,
        "Total Revenue": NaN,
        "Gross Profit": 233,
        "Operating Income": 100,
        "EBIT": 280,
        "Net Income": 53
    },
    "2017-06-30": {
        "Diluted EPS": 0.24,
        "Total Revenue": NaN,
        "Gross Profit": 260,
        "Operating Income": 149,
        "EBIT": 317,
        "Net Income": 201
    },
    "2017-03-31": {
        "Diluted EPS": 0.18,
        "Total Revenue": NaN,
        "Gross Profit": 273,
        "Operating Income": 175,
        "EBIT": 347,
        "Net Income": 149
    },
    "2016-12-31": {
        "Diluted EPS": 0.13,
        "Total Revenue": NaN,
        "Gross Profit": 163,
        "Operating Income": -37,
        "EBIT": 140,
        "Net Income": 46
    },
    "2016-09-30": {
        "Diluted EPS": 0.25,
        "Total Revenue": NaN,
        "Gross Profit": 190,
        "Operating Income": 138,
        "EBIT": 321,
        "Net Income": 81
    },
    "2016-06-30": {
        "Diluted EPS": 0.35,
        "Total Revenue": NaN,
        "Gross Profit": 243,
        "Operating Income": 199,
        "EBIT": 367,
        "Net Income": 121
    },
    "2016-03-31": {
        "Diluted EPS": 0.23,
        "Total Revenue": NaN,
        "Gross Profit": 234,
        "Operating Income": 159,
        "EBIT": 326,
        "Net Income": 75
    },
    "2015-12-31": {
        "Diluted EPS": 0.6,
        "Total Revenue": NaN,
        "Gross Profit": 386,
        "Operating Income": 154,
        "EBIT": 322,
        "Net Income": 201
    },
    "2015-09-30": {
        "Diluted EPS": 0.85,
        "Total Revenue": NaN,
        "Gross Profit": 505,
        "Operating Income": 421,
        "EBIT": 593,
        "Net Income": 282
    },
    "2015-06-30": {
        "Diluted EPS": 1.25,
        "Total Revenue": NaN,
        "Gross Profit": 711,
        "Operating Income": 619,
        "EBIT": 792,
        "Net Income": 417
    },
    "2015-03-31": {
        "Diluted EPS": 1.1,
        "Total Revenue": NaN,
        "Gross Profit": 667,
        "Operating Income": 559,
        "EBIT": 731,
        "Net Income": 370
    },
    "2014-12-31": {
        "Diluted EPS": 1.2,
        "Total Revenue": NaN,
        "Gross Profit": 746,
        "Operating Income": 611,
        "EBIT": 611,
        "Net Income": 407
    },
    "2014-09-30": {
        "Diluted EPS": 0.95,
        "Total Revenue": NaN,
        "Gross Profit": 589,
        "Operating Income": 520,
        "EBIT": 681,
        "Net Income": 317
    },
    "2014-06-30": {
        "Diluted EPS": 1.4,
        "Total Revenue": NaN,
        "Gross Profit": 747,
        "Operating Income": 686,
        "EBIT": 868,
        "Net Income": 472
    },
    "2014-03-31": {
        "Diluted EPS": 1.0,
        "Total Revenue": NaN,
        "Gross Profit": 565,
        "Operating Income": 531,
        "EBIT": 707,
        "Net Income": 340
    },
    "2013-12-31": {
        "Diluted EPS": 0.68,
        "Total Revenue": NaN,
        "Gross Profit": 460,
        "Operating Income": 367,
        "EBIT": 544,
        "Net Income": 230
    },
    "2013-09-30": {
        "Diluted EPS": 1.03,
        "Total Revenue": NaN,
        "Gross Profit": 484,
        "Operating Income": 505,
        "EBIT": 654,
        "Net Income": 356
    },
    "2013-06-30": {
        "Diluted EPS": 1.83,
        "Total Revenue": NaN,
        "Gross Profit": 979,
        "Operating Income": 927,
        "EBIT": NaN,
        "Net Income": 643
    },
    "2013-03-31": {
        "Diluted EPS": 1.58,
        "Total Revenue": NaN,
        "Gross Profit": 867,
        "Operating Income": 817,
        "EBIT": 971,
        "Net Income": 556
    },
    "2012-12-31": {
        "Diluted EPS": 1.18,
        "Total Revenue": NaN,
        "Gross Profit": 586,
        "Operating Income": 559,
        "EBIT": 703,
        "Net Income": 421
    },
    "2012-09-30": {
        "Diluted EPS": 1.85,
        "Total Revenue": NaN,
        "Gross Profit": 927,
        "Operating Income": 918,
        "EBIT": NaN,
        "Net Income": 645
    },
    "2012-06-30": {
        "Diluted EPS": 1.5,
        "Total Revenue": NaN,
        "Gross Profit": NaN,
        "Operating Income": 857,
        "EBIT": NaN,
        "Net Income": 522
    },
    "2012-03-31": {
        "Diluted EPS": 1.4,
        "Total Revenue": NaN,
        "Gross Profit": 698,
        "Operating Income": 685,
        "EBIT": 813,
        "Net Income": 491
    },
    "2011-12-31": {
        "Diluted EPS": 1.93,
        "Total Revenue": NaN,
        "Gross Profit": 890,
        "Operating Income": 964,
        "EBIT": NaN,
        "Net Income": 683
    },
    "2011-09-30": {
        "Diluted EPS": 2.35,
        "Total Revenue": NaN,
        "Gross Profit": NaN,
        "Operating Income": NaN,
        "EBIT": NaN,
        "Net Income": 826
    },
    "2011-06-30": {
        "Diluted EPS": 2.4,
        "Total Revenue": NaN,
        "Gross Profit": NaN,
        "Operating Income": NaN,
        "EBIT": NaN,
        "Net Income": 840
    },
    "2011-03-31": {
        "Diluted EPS": 2.1,
        "Total Revenue": NaN,
        "Gross Profit": NaN,
        "Operating Income": NaN,
        "EBIT": NaN,
        "Net Income": 732
    },
    "2010-12-31": {
        "Diluted EPS": 1.38,
        "Total Revenue": NaN,
        "Gross Profit": 826,
        "Operating Income": 735,
        "EBIT": 859,
        "Net Income": 508
    },
    "2010-09-30": {
        "Diluted EPS": 0.95,
        "Total Revenue": NaN,
        "Gross Profit": 550,
        "Operating Income": 517,
        "EBIT": 623,
        "Net Income": 343
    },
    "2010-06-30": {
        "Diluted EPS": 1.33,
        "Total Revenue": NaN,
        "Gross Profit": 585,
        "Operating Income": 679,
        "EBIT": 788,
        "Net Income": 480
    },
    "2010-03-31": {
        "Diluted EPS": 1.23,
        "Total Revenue": NaN,
        "Gross Profit": 729,
        "Operating Income": 666,
        "EBIT": 776,
        "Net Income": 444
    },
    "2009-12-31": {
        "Diluted EPS": 0.67,
        "Total Revenue": NaN,
        "Gross Profit": 273,
        "Operating Income": 323,
        "EBIT": 407,
        "Net Income": 239
    },
    "2009-09-30": {
        "Diluted EPS": 0.68,
        "Total Revenue": NaN,
        "Gross Profit": 345,
        "Operating Income": 357,
        "EBIT": 440,
        "Net Income": 248
    },
    "2009-06-30": {
        "Diluted EPS": 0.51,
        "Total Revenue": 856,
        "Gross Profit": 169,
        "Operating Income": 284,
        "EBIT": 354,
        "Net Income": 186
    },
    "2009-03-31": {
        "Diluted EPS": 0.84,
        "Total Revenue": 923,
        "Gross Profit": 228,
        "Operating Income": 217,
        "EBIT": 291,
        "Net Income": 307
    },
    "2023-09-30": {
        "Tax Effect Of Unusual Items": NaN,
        "Tax Rate For Calcs": NaN,
        "Normalized EBITDA": NaN,
        "Total Unusual Items": NaN,
        "Total Unusual Items Excluding Goodwill": NaN,
        "Net Income From Continuing Operation Net Minority Interest": NaN,
        "Reconciled Depreciation": NaN,
        "Reconciled Cost Of Revenue": NaN,
        "EBITDA": NaN,
        "EBIT": NaN,
        "Net Interest Income": NaN,
        "Interest Expense": NaN,
        "Normalized Income": NaN,
        "Net Income From Continuing And Discontinued Operation": NaN,
        "Total Expenses": NaN,
        "Total Operating Income As Reported": NaN,
        "Diluted Average Shares": NaN,
        "Basic Average Shares": NaN,
        "Diluted EPS": NaN,
        "Basic EPS": NaN,
        "Diluted NI Availto Com Stockholders": NaN,
        "Net Income Common Stockholders": NaN,
        "Net Income": NaN,
        "Minority Interests": NaN,
        "Net Income Including Noncontrolling Interests": NaN,
        "Net Income Continuous Operations": NaN,
        "Tax Provision": NaN,
        "Pretax Income": NaN,
        "Other Income Expense": NaN,
        "Other Non Operating Income Expenses": NaN,
        "Special Income Charges": NaN,
        "Other Special Charges": 46000000.0,
        "Write Off": NaN,
        "Impairment Of Capital Assets": 0.0,
        "Restructuring And Mergern Acquisition": NaN,
        "Earnings From Equity Interest": NaN,
        "Gain On Sale Of Security": NaN,
        "Net Non Operating Interest Income Expense": NaN,
        "Interest Expense Non Operating": NaN,
        "Operating Income": NaN,
        "Operating Expense": NaN,
        "Other Operating Expenses": 4000000.0,
        "Other Taxes": NaN,
        "Selling General And Administration": NaN,
        "Selling And Marketing Expense": NaN,
        "General And Administrative Expense": NaN,
        "Other Gand A": NaN,
        "Salaries And Wages": NaN,
        "Gross Profit": NaN,
        "Cost Of Revenue": NaN,
        "Total Revenue": NaN,
        "Operating Revenue": NaN
    },
    "2023-12-31": {
        "Tax Effect Of Unusual Items": NaN,
        "Tax Rate For Calcs": NaN,
        "Normalized EBITDA": NaN,
        "Total Unusual Items": NaN,
        "Total Unusual Items Excluding Goodwill": NaN,
        "Net Income From Continuing Operation Net Minority Interest": NaN,
        "Reconciled Depreciation": NaN,
        "Reconciled Cost Of Revenue": NaN,
        "EBITDA": NaN,
        "EBIT": NaN,
        "Net Interest Income": NaN,
        "Interest Expense": NaN,
        "Normalized Income": NaN,
        "Net Income From Continuing And Discontinued Operation": NaN,
        "Total Expenses": NaN,
        "Total Operating Income As Reported": NaN,
        "Diluted Average Shares": NaN,
        "Basic Average Shares": NaN,
        "Diluted EPS": NaN,
        "Basic EPS": NaN,
        "Diluted NI Availto Com Stockholders": NaN,
        "Net Income Common Stockholders": NaN,
        "Net Income": NaN,
        "Minority Interests": NaN,
        "Net Income Including Noncontrolling Interests": NaN,
        "Net Income Continuous Operations": NaN,
        "Tax Provision": NaN,
        "Pretax Income": NaN,
        "Other Income Expense": NaN,
        "Other Non Operating Income Expenses": NaN,
        "Special Income Charges": NaN,
        "Other Special Charges": 0.0,
        "Write Off": NaN,
        "Impairment Of Capital Assets": NaN,
        "Restructuring And Mergern Acquisition": NaN,
        "Earnings From Equity Interest": NaN,
        "Gain On Sale Of Security": NaN,
        "Net Non Operating Interest Income Expense": NaN,
        "Interest Expense Non Operating": NaN,
        "Operating Income": NaN,
        "Operating Expense": NaN,
        "Other Operating Expenses": NaN,
        "Other Taxes": NaN,
        "Selling General And Administration": NaN,
        "Selling And Marketing Expense": NaN,
        "General And Administrative Expense": NaN,
        "Other Gand A": NaN,
        "Salaries And Wages": NaN,
        "Gross Profit": NaN,
        "Cost Of Revenue": NaN,
        "Total Revenue": NaN,
        "Operating Revenue": NaN
    },
    "2024-03-31": {
        "Tax Effect Of Unusual Items": NaN,
        "Tax Rate For Calcs": NaN,
        "Normalized EBITDA": NaN,
        "Total Unusual Items": NaN,
        "Total Unusual Items Excluding Goodwill": NaN,
        "Net Income From Continuing Operation Net Minority Interest": NaN,
        "Reconciled Depreciation": NaN,
        "Reconciled Cost Of Revenue": NaN,
        "EBITDA": NaN,
        "EBIT": NaN,
        "Net Interest Income": NaN,
        "Interest Expense": NaN,
        "Normalized Income": NaN,
        "Net Income From Continuing And Discontinued Operation": NaN,
        "Total Expenses": NaN,
        "Total Operating Income As Reported": 419000000.0,
        "Diluted Average Shares": NaN,
        "Basic Average Shares": NaN,
        "Diluted EPS": NaN,
        "Basic EPS": NaN,
        "Diluted NI Availto Com Stockholders": NaN,
        "Net Income Common Stockholders": NaN,
        "Net Income": NaN,
        "Minority Interests": NaN,
        "Net Income Including Noncontrolling Interests": NaN,
        "Net Income Continuous Operations": NaN,
        "Tax Provision": NaN,
        "Pretax Income": NaN,
        "Other Income Expense": NaN,
        "Other Non Operating Income Expenses": NaN,
        "Special Income Charges": NaN,
        "Other Special Charges": NaN,
        "Write Off": NaN,
        "Impairment Of Capital Assets": NaN,
        "Restructuring And Mergern Acquisition": NaN,
        "Earnings From Equity Interest": NaN,
        "Gain On Sale Of Security": NaN,
        "Net Non Operating Interest Income Expense": NaN,
        "Interest Expense Non Operating": NaN,
        "Operating Income": NaN,
        "Operating Expense": NaN,
        "Other Operating Expenses": NaN,
        "Other Taxes": NaN,
        "Selling General And Administration": NaN,
        "Selling And Marketing Expense": NaN,
        "General And Administrative Expense": NaN,
        "Other Gand A": NaN,
        "Salaries And Wages": NaN,
        "Gross Profit": NaN,
        "Cost Of Revenue": NaN,
        "Total Revenue": NaN,
        "Operating Revenue": NaN
    },
    "2024-06-30": {
        "Tax Effect Of Unusual Items": NaN,
        "Tax Rate For Calcs": NaN,
        "Normalized EBITDA": NaN,
        "Total Unusual Items": NaN,
        "Total Unusual Items Excluding Goodwill": NaN,
        "Net Income From Continuing Operation Net Minority Interest": NaN,
        "Reconciled Depreciation": NaN,
        "Reconciled Cost Of Revenue": NaN,
        "EBITDA": NaN,
        "EBIT": NaN,
        "Net Interest Income": NaN,
        "Interest Expense": NaN,
        "Normalized Income": NaN,
        "Net Income From Continuing And Discontinued Operation": NaN,
        "Total Expenses": NaN,
        "Total Operating Income As Reported": 844000000.0,
        "Diluted Average Shares": NaN,
        "Basic Average Shares": NaN,
        "Diluted EPS": NaN,
        "Basic EPS": NaN,
        "Diluted NI Availto Com Stockholders": NaN,
        "Net Income Common Stockholders": NaN,
        "Net Income": NaN,
        "Minority Interests": NaN,
        "Net Income Including Noncontrolling Interests": NaN,
        "Net Income Continuous Operations": NaN,
        "Tax Provision": NaN,
        "Pretax Income": NaN,
        "Other Income Expense": NaN,
        "Other Non Operating Income Expenses": NaN,
        "Special Income Charges": NaN,
        "Other Special Charges": -47000000.0,
        "Write Off": NaN,
        "Impairment Of Capital Assets": 530000000.0,
        "Restructuring And Mergern Acquisition": NaN,
        "Earnings From Equity Interest": NaN,
        "Gain On Sale Of Security": NaN,
        "Net Non Operating Interest Income Expense": NaN,
        "Interest Expense Non Operating": NaN,
        "Operating Income": NaN,
        "Operating Expense": NaN,
        "Other Operating Expenses": NaN,
        "Other Taxes": NaN,
        "Selling General And Administration": NaN,
        "Selling And Marketing Expense": NaN,
        "General And Administrative Expense": NaN,
        "Other Gand A": NaN,
        "Salaries And Wages": NaN,
        "Gross Profit": NaN,
        "Cost Of Revenue": NaN,
        "Total Revenue": NaN,
        "Operating Revenue": NaN
    },
    "2024-09-30": {
        "Tax Effect Of Unusual Items": -9600000.0,
        "Tax Rate For Calcs": 0.15,
        "Normalized EBITDA": 858000000.0,
        "Total Unusual Items": -64000000.0,
        "Total Unusual Items Excluding Goodwill": -64000000.0,
        "Net Income From Continuing Operation Net Minority Interest": 18000000.0,
        "Reconciled Depreciation": 598000000.0,
        "Reconciled Cost Of Revenue": 3848000000.0,
        "EBITDA": 794000000.0,
        "EBIT": 196000000.0,
        "Net Interest Income": -184000000.0,
        "Interest Expense": 184000000.0,
        "Normalized Income": 72400000.0,
        "Net Income From Continuing And Discontinued Operation": 18000000.0,
        "Total Expenses": 5083000000.0,
        "Total Operating Income As Reported": NaN,
        "Diluted Average Shares": 494857000.0,
        "Basic Average Shares": 494743000.0,
        "Diluted EPS": 0.04,
        "Basic EPS": 0.04,
        "Diluted NI Availto Com Stockholders": 18000000.0,
        "Net Income Common Stockholders": 18000000.0,
        "Net Income": 18000000.0,
        "Minority Interests": -7000000.0,
        "Net Income Including Noncontrolling Interests": 25000000.0,
        "Net Income Continuous Operations": 25000000.0,
        "Tax Provision": -13000000.0,
        "Pretax Income": 12000000.0,
        "Other Income Expense": -69000000.0,
        "Other Non Operating Income Expenses": -31000000.0,
        "Special Income Charges": -48000000.0,
        "Other Special Charges": 17000000.0,
        "Write Off": 31000000.0,
        "Impairment Of Capital Assets": NaN,
        "Restructuring And Mergern Acquisition": 0.0,
        "Earnings From Equity Interest": 26000000.0,
        "Gain On Sale Of Security": -16000000.0,
        "Net Non Operating Interest Income Expense": -184000000.0,
        "Interest Expense Non Operating": 184000000.0,
        "Operating Income": 265000000.0,
        "Operating Expense": 1235000000.0,
        "Other Operating Expenses": 184000000.0,
        "Other Taxes": 74000000.0,
        "Selling General And Administration": 977000000.0,
        "Selling And Marketing Expense": 820000000.0,
        "General And Administrative Expense": 157000000.0,
        "Other Gand A": 156000000.0,
        "Salaries And Wages": 1000000.0,
        "Gross Profit": 1500000000.0,
        "Cost Of Revenue": 3848000000.0,
        "Total Revenue": 5348000000.0,
        "Operating Revenue": 5348000000.0
    },
    "2024-12-31": {
        "Tax Effect Of Unusual Items": -11700000.0,
        "Tax Rate For Calcs": 0.15,
        "Normalized EBITDA": 1082000000.0,
        "Total Unusual Items": -78000000.0,
        "Total Unusual Items Excluding Goodwill": -78000000.0,
        "Net Income From Continuing Operation Net Minority Interest": 113000000.0,
        "Reconciled Depreciation": 590000000.0,
        "Reconciled Cost Of Revenue": 3498000000.0,
        "EBITDA": 1004000000.0,
        "EBIT": 414000000.0,
        "Net Interest Income": -195000000.0,
        "Interest Expense": 212000000.0,
        "Normalized Income": 179300000.0,
        "Net Income From Continuing And Discontinued Operation": 113000000.0,
        "Total Expenses": 4608000000.0,
        "Total Operating Income As Reported": NaN,
        "Diluted Average Shares": 492930000.0,
        "Basic Average Shares": 492843000.0,
        "Diluted EPS": 0.23,
        "Basic EPS": 0.23,
        "Diluted NI Availto Com Stockholders": 113000000.0,
        "Net Income Common Stockholders": 113000000.0,
        "Net Income": 113000000.0,
        "Minority Interests": -5000000.0,
        "Net Income Including Noncontrolling Interests": 118000000.0,
        "Net Income Continuous Operations": 118000000.0,
        "Tax Provision": 84000000.0,
        "Pretax Income": 202000000.0,
        "Other Income Expense": -74000000.0,
        "Other Non Operating Income Expenses": -19000000.0,
        "Special Income Charges": 10000000.0,
        "Other Special Charges": -80000000.0,
        "Write Off": 538000000.0,
        "Impairment Of Capital Assets": NaN,
        "Restructuring And Mergern Acquisition": 47000000.0,
        "Earnings From Equity Interest": 23000000.0,
        "Gain On Sale Of Security": -88000000.0,
        "Net Non Operating Interest Income Expense": -195000000.0,
        "Interest Expense Non Operating": 212000000.0,
        "Operating Income": 471000000.0,
        "Operating Expense": 1110000000.0,
        "Other Operating Expenses": -1000000.0,
        "Other Taxes": 45000000.0,
        "Selling General And Administration": 1066000000.0,
        "Selling And Marketing Expense": 813000000.0,
        "General And Administrative Expense": 253000000.0,
        "Other Gand A": 233000000.0,
        "Salaries And Wages": 20000000.0,
        "Gross Profit": 1581000000.0,
        "Cost Of Revenue": 3498000000.0,
        "Total Revenue": 5079000000.0,
        "Operating Revenue": 5079000000.0
    },
    "2025-03-31": {
        "Tax Effect Of Unusual Items": -4050000.0,
        "Tax Rate For Calcs": 0.15,
        "Normalized EBITDA": 824000000.0,
        "Total Unusual Items": -27000000.0,
        "Total Unusual Items Excluding Goodwill": -27000000.0,
        "Net Income From Continuing Operation Net Minority Interest": 11000000.0,
        "Reconciled Depreciation": 571000000.0,
        "Reconciled Cost Of Revenue": 3780000000.0,
        "EBITDA": 797000000.0,
        "EBIT": 226000000.0,
        "Net Interest Income": -179000000.0,
        "Interest Expense": 179000000.0,
        "Normalized Income": 33950000.0,
        "Net Income From Continuing And Discontinued Operation": 11000000.0,
        "Total Expenses": 4809000000.0,
        "Total Operating Income As Reported": 226000000.0,
        "Diluted Average Shares": 489540000.0,
        "Basic Average Shares": 489397000.0,
        "Diluted EPS": 0.02,
        "Basic EPS": 0.02,
        "Diluted NI Availto Com Stockholders": 11000000.0,
        "Net Income Common Stockholders": 11000000.0,
        "Net Income": 11000000.0,
        "Minority Interests": -8000000.0,
        "Net Income Including Noncontrolling Interests": 19000000.0,
        "Net Income Continuous Operations": 19000000.0,
        "Tax Provision": 28000000.0,
        "Pretax Income": 47000000.0,
        "Other Income Expense": -65000000.0,
        "Other Non Operating Income Expenses": -43000000.0,
        "Special Income Charges": -20000000.0,
        "Other Special Charges": NaN,
        "Write Off": 19000000.0,
        "Impairment Of Capital Assets": NaN,
        "Restructuring And Mergern Acquisition": 1000000.0,
        "Earnings From Equity Interest": 5000000.0,
        "Gain On Sale Of Security": -7000000.0,
        "Net Non Operating Interest Income Expense": -179000000.0,
        "Interest Expense Non Operating": 179000000.0,
        "Operating Income": 291000000.0,
        "Operating Expense": 1029000000.0,
        "Other Operating Expenses": 5000000.0,
        "Other Taxes": 68000000.0,
        "Selling General And Administration": 956000000.0,
        "Selling And Marketing Expense": 757000000.0,
        "General And Administrative Expense": 199000000.0,
        "Other Gand A": 157000000.0,
        "Salaries And Wages": 42000000.0,
        "Gross Profit": 1320000000.0,
        "Cost Of Revenue": 3780000000.0,
        "Total Revenue": 5100000000.0,
        "Operating Revenue": 5100000000.0
    },
    "2025-06-30": {
        "Tax Effect Of Unusual Items": -19440000.0,
        "Tax Rate For Calcs": 0.24,
        "Normalized EBITDA": 2477000000.0,
        "Total Unusual Items": -81000000.0,
        "Total Unusual Items Excluding Goodwill": -81000000.0,
        "Net Income From Continuing Operation Net Minority Interest": 1221000000.0,
        "Reconciled Depreciation": 614000000.0,
        "Reconciled Cost Of Revenue": 7263000000.0,
        "EBITDA": 2396000000.0,
        "EBIT": 1782000000.0,
        "Net Interest Income": -155000000.0,
        "Interest Expense": 155000000.0,
        "Normalized Income": 1282560000.0,
        "Net Income From Continuing And Discontinued Operation": 1221000000.0,
        "Total Expenses": 8511000000.0,
        "Total Operating Income As Reported": 1782000000.0,
        "Diluted Average Shares": 487598000.0,
        "Basic Average Shares": 487396000.0,
        "Diluted EPS": 2.5,
        "Basic EPS": 2.51,
        "Diluted NI Availto Com Stockholders": 1221000000.0,
        "Net Income Common Stockholders": 1221000000.0,
        "Net Income": 1221000000.0,
        "Minority Interests": -8000000.0,
        "Net Income Including Noncontrolling Interests": 1229000000.0,
        "Net Income Continuous Operations": 1229000000.0,
        "Tax Provision": 398000000.0,
        "Pretax Income": 1627000000.0,
        "Other Income Expense": -145000000.0,
        "Other Non Operating Income Expenses": -73000000.0,
        "Special Income Charges": -59000000.0,
        "Other Special Charges": NaN,
        "Write Off": 38000000.0,
        "Impairment Of Capital Assets": NaN,
        "Restructuring And Mergern Acquisition": 21000000.0,
        "Earnings From Equity Interest": 9000000.0,
        "Gain On Sale Of Security": -22000000.0,
        "Net Non Operating Interest Income Expense": -155000000.0,
        "Interest Expense Non Operating": 155000000.0,
        "Operating Income": 1927000000.0,
        "Operating Expense": 1248000000.0,
        "Other Operating Expenses": -2000000.0,
        "Other Taxes": 97000000.0,
        "Selling General And Administration": 1153000000.0,
        "Selling And Marketing Expense": 951000000.0,
        "General And Administrative Expense": 202000000.0,
        "Other Gand A": 153000000.0,
        "Salaries And Wages": 49000000.0,
        "Gross Profit": 3175000000.0,
        "Cost Of Revenue": 7263000000.0,
        "Total Revenue": 10438000000.0,
        "Operating Revenue": 10438000000.0
    },
    "2025-09-30": {
        "Tax Effect Of Unusual Items": -5010989.010989,
        "Tax Rate For Calcs": 0.263736,
        "Normalized EBITDA": 1443000000.0,
        "Total Unusual Items": -19000000.0,
        "Total Unusual Items Excluding Goodwill": -19000000.0,
        "Net Income From Continuing Operation Net Minority Interest": 464000000.0,
        "Reconciled Depreciation": 617000000.0,
        "Reconciled Cost Of Revenue": 4043000000.0,
        "EBITDA": 1424000000.0,
        "EBIT": 807000000.0,
        "Net Interest Income": -170000000.0,
        "Interest Expense": 170000000.0,
        "Normalized Income": 477989010.989011,
        "Net Income From Continuing And Discontinued Operation": 464000000.0,
        "Total Expenses": 5130000000.0,
        "Total Operating Income As Reported": NaN,
        "Diluted Average Shares": 485776000.0,
        "Basic Average Shares": 485583000.0,
        "Diluted EPS": 0.96,
        "Basic EPS": 0.96,
        "Diluted NI Availto Com Stockholders": 464000000.0,
        "Net Income Common Stockholders": 464000000.0,
        "Net Income": 464000000.0,
        "Minority Interests": -5000000.0,
        "Net Income Including Noncontrolling Interests": 469000000.0,
        "Net Income Continuous Operations": 469000000.0,
        "Tax Provision": 168000000.0,
        "Pretax Income": 637000000.0,
        "Other Income Expense": -70000000.0,
        "Other Non Operating Income Expenses": -73000000.0,
        "Special Income Charges": -30000000.0,
        "Other Special Charges": -1000000.0,
        "Write Off": 31000000.0,
        "Impairment Of Capital Assets": NaN,
        "Restructuring And Mergern Acquisition": 0.0,
        "Earnings From Equity Interest": 22000000.0,
        "Gain On Sale Of Security": 11000000.0,
        "Net Non Operating Interest Income Expense": -170000000.0,
        "Interest Expense Non Operating": 170000000.0,
        "Operating Income": 877000000.0,
        "Operating Expense": 1087000000.0,
        "Other Operating Expenses": -10000000.0,
        "Other Taxes": 124000000.0,
        "Selling General And Administration": 973000000.0,
        "Selling And Marketing Expense": 795000000.0,
        "General And Administrative Expense": 178000000.0,
        "Other Gand A": 150000000.0,
        "Salaries And Wages": 28000000.0,
        "Gross Profit": 1964000000.0,
        "Cost Of Revenue": 4043000000.0,
        "Total Revenue": 6007000000.0,
        "Operating Revenue": 6007000000.0
    }
}