{
    "2023-09-30": {
        "Tax Effect Of Unusual Items": 0.0,
        "Tax Rate For Calcs": 0.0,
        "Normalized EBITDA": -843868.0,
        "Total Unusual Items": -4.0,
        "Total Unusual Items Excluding Goodwill": -4.0,
        "Net Income From Continuing Operation Net Minority Interest": -871661.0,
        "Reconciled Depreciation": 24554.0,
        "Reconciled Cost Of Revenue": 176116.0,
        "EBITDA": -843872.0,
        "EBIT": -868426.0,
        "Net Interest Income": -3235.0,
        "Interest Expense": 3235.0,
        "Interest Income": 0.0,
        "Normalized Income": -871657.0,
        "Net Income From Continuing And Discontinued Operation": -871661.0,
        "Total Expenses": 1042315.0,
        "Total Operating Income As Reported": -900327.0,
        "Diluted Average Shares": 560310.0,
        "Basic Average Shares": 560310.0,
        "Diluted EPS": -1.57,
        "Basic EPS": -1.57,
        "Diluted NI Availto Com Stockholders": -882348.0,
        "Net Income Common Stockholders": -882348.0,
        "Preferred Stock Dividends": 10687.0,
        "Net Income": -871661.0,
        "Net Income Including Noncontrolling Interests": -871661.0,
        "Net Income Discontinuous Operations": NaN,
        "Net Income Continuous Operations": -871661.0,
        "Tax Provision": 0.0,
        "Pretax Income": -871661.0,
        "Other Income Expense": 31901.0,
        "Other Non Operating Income Expenses": 31905.0,
        "Gain On Sale Of Security": -4.0,
        "Net Non Operating Interest Income Expense": -3235.0,
        "Total Other Finance Cost": NaN,
        "Interest Expense Non Operating": 3235.0,
        "Interest Income Non Operating": 0.0,
        "Operating Income": -900327.0,
        "Operating Expense": 866199.0,
        "Other Operating Expenses": 201366.0,
        "Depreciation Amortization Depletion Income Statement": 24554.0,
        "Depreciation And Amortization In Income Statement": 24554.0,
        "Research And Development": 245.0,
        "Selling General And Administration": 640034.0,
        "Selling And Marketing Expense": 15797.0,
        "General And Administrative Expense": 624237.0,
        "Other Gand A": 251265.0,
        "Salaries And Wages": 372972.0,
        "Gross Profit": -34128.0,
        "Cost Of Revenue": 176116.0,
        "Total Revenue": 141988.0,
        "Operating Revenue": 141988.0
    },
    "2023-06-30": {
        "Tax Effect Of Unusual Items": 0.0,
        "Tax Rate For Calcs": 0.0,
        "Normalized EBITDA": -1282540.0,
        "Total Unusual Items": -849.0,
        "Total Unusual Items Excluding Goodwill": -849.0,
        "Net Income From Continuing Operation Net Minority Interest": -1308094.0,
        "Reconciled Depreciation": 21470.0,
        "Reconciled Cost Of Revenue": 36491.0,
        "EBITDA": -1283389.0,
        "EBIT": -1304859.0,
        "Net Interest Income": -3226.0,
        "Interest Expense": 3235.0,
        "Interest Income": 9.0,
        "Normalized Income": -1307245.0,
        "Net Income From Continuing And Discontinued Operation": -1308094.0,
        "Total Expenses": 1401062.0,
        "Total Operating Income As Reported": -1304019.0,
        "Diluted Average Shares": 538635.0,
        "Basic Average Shares": 538635.0,
        "Diluted EPS": -2.4,
        "Basic EPS": -2.4,
        "Diluted NI Availto Com Stockholders": -1318782.0,
        "Net Income Common Stockholders": -1318782.0,
        "Preferred Stock Dividends": 10688.0,
        "Net Income": -1308094.0,
        "Net Income Including Noncontrolling Interests": -1308094.0,
        "Net Income Discontinuous Operations": NaN,
        "Net Income Continuous Operations": -1308094.0,
        "Tax Provision": 0.0,
        "Pretax Income": -1308094.0,
        "Other Income Expense": -849.0,
        "Other Non Operating Income Expenses": NaN,
        "Gain On Sale Of Security": -849.0,
        "Net Non Operating Interest Income Expense": -3226.0,
        "Total Other Finance Cost": NaN,
        "Interest Expense Non Operating": 3235.0,
        "Interest Income Non Operating": 9.0,
        "Operating Income": -1304019.0,
        "Operating Expense": 1364571.0,
        "Other Operating Expenses": 335322.0,
        "Depreciation Amortization Depletion Income Statement": 21470.0,
        "Depreciation And Amortization In Income Statement": 21470.0,
        "Research And Development": 105259.0,
        "Selling General And Administration": 902520.0,
        "Selling And Marketing Expense": 57824.0,
        "General And Administrative Expense": 844696.0,
        "Other Gand A": 152025.0,
        "Salaries And Wages": 692671.0,
        "Gross Profit": 60552.0,
        "Cost Of Revenue": 36491.0,
        "Total Revenue": 97043.0,
        "Operating Revenue": 97043.0
    },
    "2023-03-31": {
        "Tax Effect Of Unusual Items": 0.0,
        "Tax Rate For Calcs": 0.0,
        "Normalized EBITDA": -1717834.0,
        "Total Unusual Items": -2503.0,
        "Total Unusual Items Excluding Goodwill": -2503.0,
        "Net Income From Continuing Operation Net Minority Interest": -1751699.0,
        "Reconciled Depreciation": 28127.0,
        "Reconciled Cost Of Revenue": 63664.0,
        "EBITDA": -1720337.0,
        "EBIT": -1748464.0,
        "Net Interest Income": -3227.0,
        "Interest Expense": 3235.0,
        "Interest Income": 8.0,
        "Normalized Income": -1749196.0,
        "Net Income From Continuing And Discontinued Operation": -1751699.0,
        "Total Expenses": 1911808.0,
        "Total Operating Income As Reported": -1781649.0,
        "Diluted Average Shares": 534533.0,
        "Basic Average Shares": 534533.0,
        "Diluted EPS": -3.4,
        "Basic EPS": -3.4,
        "Diluted NI Availto Com Stockholders": -1763447.0,
        "Net Income Common Stockholders": -1763447.0,
        "Preferred Stock Dividends": 11748.0,
        "Net Income": -1751699.0,
        "Net Income Including Noncontrolling Interests": -1751699.0,
        "Net Income Discontinuous Operations": NaN,
        "Net Income Continuous Operations": -1751699.0,
        "Tax Provision": 0.0,
        "Pretax Income": -1751699.0,
        "Other Income Expense": 33177.0,
        "Other Non Operating Income Expenses": 35680.0,
        "Gain On Sale Of Security": -2503.0,
        "Net Non Operating Interest Income Expense": -3227.0,
        "Total Other Finance Cost": NaN,
        "Interest Expense Non Operating": 3235.0,
        "Interest Income Non Operating": 8.0,
        "Operating Income": -1781649.0,
        "Operating Expense": 1848144.0,
        "Other Operating Expenses": 297677.0,
        "Depreciation Amortization Depletion Income Statement": 28127.0,
        "Depreciation And Amortization In Income Statement": 28127.0,
        "Research And Development": 126712.0,
        "Selling General And Administration": 1395628.0,
        "Selling And Marketing Expense": 54944.0,
        "General And Administrative Expense": 1340684.0,
        "Other Gand A": 184251.0,
        "Salaries And Wages": 1156433.0,
        "Gross Profit": 66495.0,
        "Cost Of Revenue": 63664.0,
        "Total Revenue": 130159.0,
        "Operating Revenue": 130159.0
    },
    "2022-12-31": {
        "Tax Effect Of Unusual Items": 0.0,
        "Tax Rate For Calcs": 0.0,
        "Normalized EBITDA": -1916468.0,
        "Total Unusual Items": 760.0,
        "Total Unusual Items Excluding Goodwill": 760.0,
        "Net Income From Continuing Operation Net Minority Interest": -1945551.0,
        "Reconciled Depreciation": 27865.0,
        "Reconciled Cost Of Revenue": 37051.0,
        "EBITDA": -1915708.0,
        "EBIT": -1943573.0,
        "Net Interest Income": -1516.0,
        "Interest Expense": 1978.0,
        "Interest Income": 462.0,
        "Normalized Income": -1946311.0,
        "Net Income From Continuing And Discontinued Operation": -1945551.0,
        "Total Expenses": 2098474.0,
        "Total Operating Income As Reported": -1944795.0,
        "Diluted Average Shares": NaN,
        "Basic Average Shares": NaN,
        "Diluted EPS": NaN,
        "Basic EPS": NaN,
        "Diluted NI Availto Com Stockholders": -1959771.0,
        "Net Income Common Stockholders": -1959771.0,
        "Preferred Stock Dividends": 14220.0,
        "Net Income": -1945551.0,
        "Net Income Including Noncontrolling Interests": -1945551.0,
        "Net Income Discontinuous Operations": NaN,
        "Net Income Continuous Operations": -1945551.0,
        "Tax Provision": 0.0,
        "Pretax Income": -1945551.0,
        "Other Income Expense": 760.0,
        "Other Non Operating Income Expenses": NaN,
        "Gain On Sale Of Security": 760.0,
        "Net Non Operating Interest Income Expense": -1516.0,
        "Total Other Finance Cost": NaN,
        "Interest Expense Non Operating": 1978.0,
        "Interest Income Non Operating": 462.0,
        "Operating Income": -1944795.0,
        "Operating Expense": 2061423.0,
        "Other Operating Expenses": 362048.0,
        "Depreciation Amortization Depletion Income Statement": 27865.0,
        "Depreciation And Amortization In Income Statement": 27865.0,
        "Research And Development": 210646.0,
        "Selling General And Administration": 1460864.0,
        "Selling And Marketing Expense": 129187.0,
        "General And Administrative Expense": 1331677.0,
        "Other Gand A": 116455.0,
        "Salaries And Wages": 1215222.0,
        "Gross Profit": 116628.0,
        "Cost Of Revenue": 37051.0,
        "Total Revenue": 153679.0,
        "Operating Revenue": 153679.0
    },
    "2022-09-30": {
        "Tax Effect Of Unusual Items": 0.0,
        "Tax Rate For Calcs": 0.0,
        "Normalized EBITDA": -2257289.0,
        "Total Unusual Items": -6184.0,
        "Total Unusual Items Excluding Goodwill": -6184.0,
        "Net Income From Continuing Operation Net Minority Interest": -2292308.0,
        "Reconciled Depreciation": 26857.0,
        "Reconciled Cost Of Revenue": 79713.0,
        "EBITDA": -2263473.0,
        "EBIT": -2290330.0,
        "Net Interest Income": -1700.0,
        "Interest Expense": 1978.0,
        "Interest Income": 278.0,
        "Normalized Income": -2286124.0,
        "Net Income From Continuing And Discontinued Operation": -2292308.0,
        "Total Expenses": 2472669.0,
        "Total Operating Income As Reported": -2284424.0,
        "Diluted Average Shares": 524940.0,
        "Basic Average Shares": 524940.0,
        "Diluted EPS": -4.39,
        "Basic EPS": -4.39,
        "Diluted NI Availto Com Stockholders": -2306528.0,
        "Net Income Common Stockholders": -2306528.0,
        "Preferred Stock Dividends": 14220.0,
        "Net Income": -2292308.0,
        "Net Income Including Noncontrolling Interests": -2292308.0,
        "Net Income Continuous Operations": -2292308.0,
        "Tax Provision": 0.0,
        "Pretax Income": -2292308.0,
        "Other Income Expense": -6184.0,
        "Other Non Operating Income Expenses": NaN,
        "Gain On Sale Of Security": -6184.0,
        "Net Non Operating Interest Income Expense": -1700.0,
        "Interest Expense Non Operating": 1978.0,
        "Interest Income Non Operating": 278.0,
        "Operating Income": -2284424.0,
        "Operating Expense": 2392956.0,
        "Other Operating Expenses": 227305.0,
        "Depreciation Amortization Depletion Income Statement": 26857.0,
        "Depreciation And Amortization In Income Statement": 26857.0,
        "Research And Development": 152245.0,
        "Selling General And Administration": 1986549.0,
        "Selling And Marketing Expense": 46832.0,
        "General And Administrative Expense": 1939717.0,
        "Other Gand A": 436494.0,
        "Salaries And Wages": 1503223.0,
        "Gross Profit": 108532.0,
        "Cost Of Revenue": 79713.0,
        "Total Revenue": 188245.0,
        "Operating Revenue": 188245.0
    },
    "2024-05-31": {
        "Tax Effect Of Unusual Items": NaN,
        "Tax Rate For Calcs": NaN,
        "Normalized EBITDA": NaN,
        "Total Unusual Items": 0.0,
        "Total Unusual Items Excluding Goodwill": 0.0,
        "Net Income From Continuing Operation Net Minority Interest": NaN,
        "Reconciled Depreciation": NaN,
        "Reconciled Cost Of Revenue": NaN,
        "EBITDA": NaN,
        "EBIT": NaN,
        "Net Interest Income": NaN,
        "Interest Expense": 35225.0,
        "Normalized Income": NaN,
        "Net Income From Continuing And Discontinued Operation": NaN,
        "Total Expenses": NaN,
        "Total Operating Income As Reported": NaN,
        "Diluted Average Shares": 1279165.0,
        "Basic Average Shares": 1279165.0,
        "Diluted EPS": -1.55,
        "Basic EPS": -1.55,
        "Diluted NI Availto Com Stockholders": NaN,
        "Net Income Common Stockholders": NaN,
        "Preferred Stock Dividends": NaN,
        "Net Income": NaN,
        "Net Income Including Noncontrolling Interests": NaN,
        "Net Income Discontinuous Operations": NaN,
        "Net Income Continuous Operations": NaN,
        "Earnings From Equity Interest Net Of Tax": 0.0,
        "Tax Provision": NaN,
        "Pretax Income": NaN,
        "Other Income Expense": NaN,
        "Other Non Operating Income Expenses": NaN,
        "Special Income Charges": 0.0,
        "Other Special Charges": NaN,
        "Gain On Sale Of Security": NaN,
        "Net Non Operating Interest Income Expense": NaN,
        "Total Other Finance Cost": 35225.0,
        "Interest Expense Non Operating": 35225.0,
        "Operating Income": NaN,
        "Operating Expense": NaN,
        "Other Operating Expenses": NaN,
        "Depreciation Amortization Depletion Income Statement": NaN,
        "Depreciation And Amortization In Income Statement": NaN,
        "Selling General And Administration": NaN,
        "Selling And Marketing Expense": NaN,
        "General And Administrative Expense": NaN,
        "Other Gand A": NaN,
        "Salaries And Wages": NaN,
        "Gross Profit": NaN,
        "Cost Of Revenue": NaN,
        "Total Revenue": NaN,
        "Operating Revenue": NaN
    },
    "2024-08-31": {
        "Tax Effect Of Unusual Items": 0.0,
        "Tax Rate For Calcs": 0.0,
        "Normalized EBITDA": -1373878.0,
        "Total Unusual Items": NaN,
        "Total Unusual Items Excluding Goodwill": NaN,
        "Net Income From Continuing Operation Net Minority Interest": -1533519.0,
        "Reconciled Depreciation": 95414.0,
        "Reconciled Cost Of Revenue": 155455.0,
        "EBITDA": -1373878.0,
        "EBIT": -1469292.0,
        "Net Interest Income": -64227.0,
        "Interest Expense": NaN,
        "Normalized Income": -1533519.0,
        "Net Income From Continuing And Discontinued Operation": -1534650.0,
        "Total Expenses": 1623790.0,
        "Total Operating Income As Reported": -1469292.0,
        "Diluted Average Shares": 1359126.0,
        "Basic Average Shares": 1359126.0,
        "Diluted EPS": -1.14,
        "Basic EPS": -1.14,
        "Diluted NI Availto Com Stockholders": -1545338.0,
        "Net Income Common Stockholders": -1545338.0,
        "Preferred Stock Dividends": 10688.0,
        "Net Income": -1534650.0,
        "Net Income Including Noncontrolling Interests": -1534650.0,
        "Net Income Discontinuous Operations": -1131.0,
        "Net Income Continuous Operations": -1533519.0,
        "Earnings From Equity Interest Net Of Tax": NaN,
        "Tax Provision": 0.0,
        "Pretax Income": -1533519.0,
        "Other Income Expense": NaN,
        "Other Non Operating Income Expenses": NaN,
        "Special Income Charges": NaN,
        "Other Special Charges": NaN,
        "Gain On Sale Of Security": NaN,
        "Net Non Operating Interest Income Expense": -64227.0,
        "Total Other Finance Cost": 64227.0,
        "Interest Expense Non Operating": NaN,
        "Operating Income": -1469292.0,
        "Operating Expense": 1468335.0,
        "Other Operating Expenses": 285270.0,
        "Depreciation Amortization Depletion Income Statement": 95414.0,
        "Depreciation And Amortization In Income Statement": 95414.0,
        "Selling General And Administration": 1087651.0,
        "Selling And Marketing Expense": 51347.0,
        "General And Administrative Expense": 1036304.0,
        "Other Gand A": 393704.0,
        "Salaries And Wages": 642600.0,
        "Gross Profit": -957.0,
        "Cost Of Revenue": 155455.0,
        "Total Revenue": 154498.0,
        "Operating Revenue": 154498.0
    },
    "2024-11-30": {
        "Tax Effect Of Unusual Items": 0.0,
        "Tax Rate For Calcs": 0.0,
        "Normalized EBITDA": -1624724.0,
        "Total Unusual Items": NaN,
        "Total Unusual Items Excluding Goodwill": NaN,
        "Net Income From Continuing Operation Net Minority Interest": -2009829.0,
        "Reconciled Depreciation": 148803.0,
        "Reconciled Cost Of Revenue": 76751.0,
        "EBITDA": -1624724.0,
        "EBIT": -1773527.0,
        "Net Interest Income": -236302.0,
        "Interest Expense": NaN,
        "Normalized Income": -2009829.0,
        "Net Income From Continuing And Discontinued Operation": -2009263.0,
        "Total Expenses": 1848162.0,
        "Total Operating Income As Reported": -1773527.0,
        "Diluted Average Shares": 5811765.0,
        "Basic Average Shares": 5811765.0,
        "Diluted EPS": -0.35,
        "Basic EPS": -0.35,
        "Diluted NI Availto Com Stockholders": -2019951.0,
        "Net Income Common Stockholders": -2019951.0,
        "Preferred Stock Dividends": 10688.0,
        "Net Income": -2009263.0,
        "Net Income Including Noncontrolling Interests": -2009263.0,
        "Net Income Discontinuous Operations": 566.0,
        "Net Income Continuous Operations": -2009829.0,
        "Earnings From Equity Interest Net Of Tax": NaN,
        "Tax Provision": 0.0,
        "Pretax Income": -2009829.0,
        "Other Income Expense": NaN,
        "Other Non Operating Income Expenses": NaN,
        "Special Income Charges": NaN,
        "Other Special Charges": NaN,
        "Gain On Sale Of Security": NaN,
        "Net Non Operating Interest Income Expense": -236302.0,
        "Total Other Finance Cost": 236302.0,
        "Interest Expense Non Operating": NaN,
        "Operating Income": -1773527.0,
        "Operating Expense": 1771411.0,
        "Other Operating Expenses": 346035.0,
        "Depreciation Amortization Depletion Income Statement": 148803.0,
        "Depreciation And Amortization In Income Statement": 148803.0,
        "Selling General And Administration": 1276573.0,
        "Selling And Marketing Expense": 30529.0,
        "General And Administrative Expense": 1246044.0,
        "Other Gand A": 549293.0,
        "Salaries And Wages": 696751.0,
        "Gross Profit": -2116.0,
        "Cost Of Revenue": 76751.0,
        "Total Revenue": 74635.0,
        "Operating Revenue": 74635.0
    },
    "2025-02-28": {
        "Tax Effect Of Unusual Items": 0.0,
        "Tax Rate For Calcs": 0.0,
        "Normalized EBITDA": -3036775.0,
        "Total Unusual Items": NaN,
        "Total Unusual Items Excluding Goodwill": NaN,
        "Net Income From Continuing Operation Net Minority Interest": -4597453.0,
        "Reconciled Depreciation": 181433.0,
        "Reconciled Cost Of Revenue": 92333.0,
        "EBITDA": -3036775.0,
        "EBIT": -3218208.0,
        "Net Interest Income": -253285.0,
        "Interest Expense": NaN,
        "Normalized Income": -4597453.0,
        "Net Income From Continuing And Discontinued Operation": -4597453.0,
        "Total Expenses": 3301705.0,
        "Total Operating Income As Reported": -2218208.0,
        "Diluted Average Shares": NaN,
        "Basic Average Shares": NaN,
        "Diluted EPS": NaN,
        "Basic EPS": NaN,
        "Diluted NI Availto Com Stockholders": -4643990.0,
        "Net Income Common Stockholders": -4643990.0,
        "Preferred Stock Dividends": 46537.0,
        "Net Income": -4597453.0,
        "Net Income Including Noncontrolling Interests": -4597453.0,
        "Net Income Discontinuous Operations": 0.0,
        "Net Income Continuous Operations": -4597453.0,
        "Earnings From Equity Interest Net Of Tax": NaN,
        "Tax Provision": 0.0,
        "Pretax Income": -4590063.0,
        "Other Income Expense": NaN,
        "Other Non Operating Income Expenses": NaN,
        "Special Income Charges": NaN,
        "Other Special Charges": NaN,
        "Gain On Sale Of Security": NaN,
        "Net Non Operating Interest Income Expense": -253285.0,
        "Total Other Finance Cost": 253285.0,
        "Interest Expense Non Operating": NaN,
        "Operating Income": -3218208.0,
        "Operating Expense": 3209372.0,
        "Other Operating Expenses": -429895.0,
        "Depreciation Amortization Depletion Income Statement": 181433.0,
        "Depreciation And Amortization In Income Statement": 181433.0,
        "Selling General And Administration": 1614538.0,
        "Selling And Marketing Expense": 69101.0,
        "General And Administrative Expense": 1545437.0,
        "Other Gand A": 829398.0,
        "Salaries And Wages": 716039.0,
        "Gross Profit": -8836.0,
        "Cost Of Revenue": 92333.0,
        "Total Revenue": 83497.0,
        "Operating Revenue": 83497.0
    },
    "2025-05-31": {
        "Tax Effect Of Unusual Items": 0.0,
        "Tax Rate For Calcs": 0.0,
        "Normalized EBITDA": -3892842.0,
        "Total Unusual Items": -70100.0,
        "Total Unusual Items Excluding Goodwill": -70100.0,
        "Net Income From Continuing Operation Net Minority Interest": -4457232.0,
        "Reconciled Depreciation": 206650.0,
        "Reconciled Cost Of Revenue": 99921.0,
        "EBITDA": -3962942.0,
        "EBIT": -4169592.0,
        "Net Interest Income": -276333.0,
        "Interest Expense": 276333.0,
        "Normalized Income": -4387132.0,
        "Net Income From Continuing And Discontinued Operation": -4457232.0,
        "Total Expenses": 4778564.0,
        "Total Operating Income As Reported": -4639737.0,
        "Diluted Average Shares": 6585197.0,
        "Basic Average Shares": 6585197.0,
        "Diluted EPS": -0.68,
        "Basic EPS": -0.68,
        "Diluted NI Availto Com Stockholders": -4521695.0,
        "Net Income Common Stockholders": -4521695.0,
        "Preferred Stock Dividends": 64463.0,
        "Net Income": -4457232.0,
        "Net Income Including Noncontrolling Interests": -4457232.0,
        "Net Income Discontinuous Operations": 0.0,
        "Net Income Continuous Operations": -4457232.0,
        "Earnings From Equity Interest Net Of Tax": -11307.0,
        "Tax Provision": 0.0,
        "Pretax Income": -4445925.0,
        "Other Income Expense": 470145.0,
        "Other Non Operating Income Expenses": 540245.0,
        "Special Income Charges": -70100.0,
        "Other Special Charges": 70100.0,
        "Gain On Sale Of Security": NaN,
        "Net Non Operating Interest Income Expense": -276333.0,
        "Total Other Finance Cost": NaN,
        "Interest Expense Non Operating": 276333.0,
        "Operating Income": -4639737.0,
        "Operating Expense": 4678643.0,
        "Other Operating Expenses": 2366655.0,
        "Depreciation Amortization Depletion Income Statement": 206650.0,
        "Depreciation And Amortization In Income Statement": 206650.0,
        "Selling General And Administration": 2105338.0,
        "Selling And Marketing Expense": 90035.0,
        "General And Administrative Expense": 2015303.0,
        "Other Gand A": 1180064.0,
        "Salaries And Wages": 835239.0,
        "Gross Profit": 38906.0,
        "Cost Of Revenue": 99921.0,
        "Total Revenue": 138827.0,
        "Operating Revenue": 138827.0
    },
    "2025-08-31": {
        "Tax Effect Of Unusual Items": 0.0,
        "Tax Rate For Calcs": 0.0,
        "Normalized EBITDA": -2996252.0,
        "Total Unusual Items": 10000.0,
        "Total Unusual Items Excluding Goodwill": 10000.0,
        "Net Income From Continuing Operation Net Minority Interest": -2898155.0,
        "Reconciled Depreciation": 216624.0,
        "Reconciled Cost Of Revenue": 592074.0,
        "EBITDA": -2986252.0,
        "EBIT": -3202877.0,
        "Net Interest Income": -288278.0,
        "Interest Expense": NaN,
        "Normalized Income": -2908155.0,
        "Net Income From Continuing And Discontinued Operation": -2898155.0,
        "Total Expenses": 3960525.0,
        "Total Operating Income As Reported": -3202877.0,
        "Diluted Average Shares": 7925763.0,
        "Basic Average Shares": 7925763.0,
        "Diluted EPS": -0.39,
        "Basic EPS": -0.39,
        "Diluted NI Availto Com Stockholders": -3081418.0,
        "Net Income Common Stockholders": -3081418.0,
        "Preferred Stock Dividends": 183263.0,
        "Net Income": -2898155.0,
        "Net Income Including Noncontrolling Interests": -2898155.0,
        "Net Income Discontinuous Operations": 0.0,
        "Net Income Continuous Operations": -2898155.0,
        "Earnings From Equity Interest Net Of Tax": 0.0,
        "Tax Provision": 0.0,
        "Pretax Income": -2898155.0,
        "Other Income Expense": 593000.0,
        "Other Non Operating Income Expenses": 583000.0,
        "Special Income Charges": 0.0,
        "Other Special Charges": NaN,
        "Gain On Sale Of Security": 10000.0,
        "Net Non Operating Interest Income Expense": -288278.0,
        "Total Other Finance Cost": 288278.0,
        "Interest Expense Non Operating": NaN,
        "Operating Income": -3202877.0,
        "Operating Expense": 3368452.0,
        "Other Operating Expenses": 821037.0,
        "Depreciation Amortization Depletion Income Statement": 216625.0,
        "Depreciation And Amortization In Income Statement": 216625.0,
        "Selling General And Administration": 2330790.0,
        "Selling And Marketing Expense": 174444.0,
        "General And Administrative Expense": 2156346.0,
        "Other Gand A": 1460808.0,
        "Salaries And Wages": 695538.0,
        "Gross Profit": 165575.0,
        "Cost Of Revenue": 592073.0,
        "Total Revenue": 757648.0,
        "Operating Revenue": 757648.0
    }
}