{
    "2023-06-30": {
        "Tax Effect Of Unusual Items": NaN,
        "Tax Rate For Calcs": NaN,
        "Total Unusual Items": -36700000.0,
        "Total Unusual Items Excluding Goodwill": -36700000.0,
        "Net Income From Continuing Operation Net Minority Interest": NaN,
        "Reconciled Depreciation": NaN,
        "Net Interest Income": NaN,
        "Interest Expense": NaN,
        "Interest Income": NaN,
        "Normalized Income": NaN,
        "Net Income From Continuing And Discontinued Operation": NaN,
        "Diluted Average Shares": NaN,
        "Basic Average Shares": NaN,
        "Diluted EPS": NaN,
        "Basic EPS": NaN,
        "Diluted NI Availto Com Stockholders": NaN,
        "Net Income Common Stockholders": NaN,
        "Otherunder Preferred Stock Dividend": 3400000.0,
        "Preferred Stock Dividends": NaN,
        "Net Income": NaN,
        "Net Income Including Noncontrolling Interests": NaN,
        "Net Income Continuous Operations": NaN,
        "Tax Provision": NaN,
        "Pretax Income": NaN,
        "Special Income Charges": -36700000.0,
        "Other Special Charges": NaN,
        "Restructuring And Mergern Acquisition": 36700000.0,
        "Gain On Sale Of Security": NaN,
        "Selling General And Administration": NaN,
        "Selling And Marketing Expense": NaN,
        "General And Administrative Expense": NaN,
        "Insurance And Claims": NaN,
        "Salaries And Wages": NaN,
        "Total Revenue": NaN,
        "Operating Revenue": NaN,
        "Occupancy And Equipment": NaN,
        "Other Non Interest Expense": NaN
    },
    "2023-03-31": {
        "Tax Effect Of Unusual Items": NaN,
        "Tax Rate For Calcs": NaN,
        "Total Unusual Items": NaN,
        "Total Unusual Items Excluding Goodwill": NaN,
        "Net Income From Continuing Operation Net Minority Interest": NaN,
        "Reconciled Depreciation": NaN,
        "Net Interest Income": NaN,
        "Interest Expense": NaN,
        "Interest Income": NaN,
        "Normalized Income": NaN,
        "Net Income From Continuing And Discontinued Operation": NaN,
        "Diluted Average Shares": NaN,
        "Basic Average Shares": NaN,
        "Diluted EPS": NaN,
        "Basic EPS": NaN,
        "Diluted NI Availto Com Stockholders": NaN,
        "Net Income Common Stockholders": NaN,
        "Otherunder Preferred Stock Dividend": NaN,
        "Preferred Stock Dividends": NaN,
        "Net Income": NaN,
        "Net Income Including Noncontrolling Interests": NaN,
        "Net Income Continuous Operations": NaN,
        "Tax Provision": NaN,
        "Pretax Income": NaN,
        "Special Income Charges": NaN,
        "Other Special Charges": NaN,
        "Restructuring And Mergern Acquisition": NaN,
        "Gain On Sale Of Security": NaN,
        "Depreciation Amortization Depletion Income Statement": 3200000.0,
        "Depreciation And Amortization In Income Statement": 3200000.0,
        "Amortization": 3200000.0,
        "Amortization Of Intangibles Income Statement": 3200000.0,
        "Selling General And Administration": NaN,
        "Selling And Marketing Expense": NaN,
        "General And Administrative Expense": NaN,
        "Insurance And Claims": NaN,
        "Salaries And Wages": NaN,
        "Total Revenue": NaN,
        "Operating Revenue": NaN,
        "Occupancy And Equipment": NaN,
        "Other Non Interest Expense": NaN
    },
    "2022-12-31": {
        "Tax Effect Of Unusual Items": NaN,
        "Tax Rate For Calcs": NaN,
        "Total Unusual Items": NaN,
        "Total Unusual Items Excluding Goodwill": NaN,
        "Net Income From Continuing Operation Net Minority Interest": NaN,
        "Reconciled Depreciation": NaN,
        "Net Interest Income": NaN,
        "Interest Expense": NaN,
        "Interest Income": NaN,
        "Normalized Income": NaN,
        "Net Income From Continuing And Discontinued Operation": NaN,
        "Diluted Average Shares": NaN,
        "Basic Average Shares": NaN,
        "Diluted EPS": NaN,
        "Basic EPS": NaN,
        "Diluted NI Availto Com Stockholders": NaN,
        "Net Income Common Stockholders": NaN,
        "Otherunder Preferred Stock Dividend": NaN,
        "Preferred Stock Dividends": NaN,
        "Net Income": NaN,
        "Net Income Including Noncontrolling Interests": NaN,
        "Net Income Continuous Operations": NaN,
        "Tax Provision": NaN,
        "Pretax Income": NaN,
        "Special Income Charges": NaN,
        "Other Special Charges": NaN,
        "Restructuring And Mergern Acquisition": NaN,
        "Gain On Sale Of Security": NaN,
        "Depreciation Amortization Depletion Income Statement": 2200000.0,
        "Depreciation And Amortization In Income Statement": 2200000.0,
        "Amortization": 2200000.0,
        "Amortization Of Intangibles Income Statement": 2200000.0,
        "Selling General And Administration": NaN,
        "Selling And Marketing Expense": NaN,
        "General And Administrative Expense": NaN,
        "Insurance And Claims": NaN,
        "Salaries And Wages": NaN,
        "Total Revenue": NaN,
        "Operating Revenue": NaN,
        "Occupancy And Equipment": NaN,
        "Other Non Interest Expense": NaN
    },
    "2022-09-30": {
        "Tax Effect Of Unusual Items": NaN,
        "Tax Rate For Calcs": NaN,
        "Total Unusual Items": NaN,
        "Total Unusual Items Excluding Goodwill": NaN,
        "Net Income From Continuing Operation Net Minority Interest": NaN,
        "Reconciled Depreciation": NaN,
        "Net Interest Income": NaN,
        "Interest Expense": NaN,
        "Interest Income": NaN,
        "Normalized Income": NaN,
        "Net Income From Continuing And Discontinued Operation": NaN,
        "Diluted Average Shares": NaN,
        "Basic Average Shares": NaN,
        "Diluted EPS": NaN,
        "Basic EPS": NaN,
        "Diluted NI Availto Com Stockholders": NaN,
        "Net Income Common Stockholders": NaN,
        "Otherunder Preferred Stock Dividend": NaN,
        "Preferred Stock Dividends": NaN,
        "Net Income": NaN,
        "Net Income Including Noncontrolling Interests": NaN,
        "Net Income Continuous Operations": NaN,
        "Tax Provision": NaN,
        "Pretax Income": NaN,
        "Special Income Charges": NaN,
        "Other Special Charges": NaN,
        "Restructuring And Mergern Acquisition": NaN,
        "Gain On Sale Of Security": NaN,
        "Depreciation Amortization Depletion Income Statement": 2200000.0,
        "Depreciation And Amortization In Income Statement": 2200000.0,
        "Amortization": 2200000.0,
        "Amortization Of Intangibles Income Statement": 2200000.0,
        "Selling General And Administration": NaN,
        "Selling And Marketing Expense": NaN,
        "General And Administrative Expense": NaN,
        "Insurance And Claims": NaN,
        "Salaries And Wages": NaN,
        "Total Revenue": NaN,
        "Operating Revenue": NaN
    },
    "2022-06-30": {
        "Tax Effect Of Unusual Items": 0.0,
        "Tax Rate For Calcs": 0.267,
        "Total Unusual Items": NaN,
        "Total Unusual Items Excluding Goodwill": NaN,
        "Net Income From Continuing Operation Net Minority Interest": 396200000.0,
        "Reconciled Depreciation": 133600000.0,
        "Net Interest Income": 458700000.0,
        "Interest Expense": 66100000.0,
        "Interest Income": 524800000.0,
        "Normalized Income": 396200000.0,
        "Net Income From Continuing And Discontinued Operation": 396200000.0,
        "Diluted Average Shares": 208878350.0,
        "Basic Average Shares": 208383991.0,
        "Diluted EPS": 1.86,
        "Basic EPS": 1.86,
        "Diluted NI Availto Com Stockholders": 388300000.0,
        "Net Income Common Stockholders": 388300000.0,
        "Otherunder Preferred Stock Dividend": 3200000.0,
        "Preferred Stock Dividends": 4700000.0,
        "Net Income": 396200000.0,
        "Net Income Including Noncontrolling Interests": 396200000.0,
        "Net Income Continuous Operations": 396200000.0,
        "Tax Provision": 144400000.0,
        "Pretax Income": 540600000.0,
        "Special Income Charges": NaN,
        "Other Special Charges": NaN,
        "Restructuring And Mergern Acquisition": NaN,
        "Gain On Sale Of Security": 0.0,
        "Depreciation Amortization Depletion Income Statement": 2200000.0,
        "Depreciation And Amortization In Income Statement": 2200000.0,
        "Amortization": 2200000.0,
        "Amortization Of Intangibles Income Statement": 2200000.0,
        "Selling General And Administration": 666100000.0,
        "Selling And Marketing Expense": 18100000.0,
        "General And Administrative Expense": 666100000.0,
        "Insurance And Claims": 4600000.0,
        "Salaries And Wages": 666100000.0,
        "Total Revenue": 1768700000.0,
        "Operating Revenue": 1768700000.0
    },
    "2022-03-31": {
        "Diluted EPS": 1.77,
        "Total Revenue": NaN,
        "Gross Profit": NaN,
        "Operating Income": 511,
        "EBIT": NaN,
        "Net Income": 370
    },
    "2021-12-31": {
        "Diluted EPS": 1.92,
        "Total Revenue": NaN,
        "Gross Profit": NaN,
        "Operating Income": 510,
        "EBIT": NaN,
        "Net Income": 393
    },
    "2021-09-30": {
        "Diluted EPS": 1.8,
        "Total Revenue": NaN,
        "Gross Profit": NaN,
        "Operating Income": 518,
        "EBIT": NaN,
        "Net Income": 380
    },
    "2021-06-30": {
        "Diluted EPS": 1.72,
        "Total Revenue": NaN,
        "Gross Profit": NaN,
        "Operating Income": 487,
        "EBIT": NaN,
        "Net Income": 363
    },
    "2021-03-31": {
        "Diluted EPS": 1.7,
        "Total Revenue": NaN,
        "Gross Profit": NaN,
        "Operating Income": 496,
        "EBIT": NaN,
        "Net Income": 355
    },
    "2020-12-31": {
        "Diluted EPS": 1.13,
        "Total Revenue": NaN,
        "Gross Profit": NaN,
        "Operating Income": 373,
        "EBIT": NaN,
        "Net Income": 228
    },
    "2020-09-30": {
        "Diluted EPS": 1.32,
        "Total Revenue": NaN,
        "Gross Profit": NaN,
        "Operating Income": 390,
        "EBIT": NaN,
        "Net Income": 278
    },
    "2020-06-30": {
        "Diluted EPS": 1.46,
        "Total Revenue": NaN,
        "Gross Profit": NaN,
        "Operating Income": 403,
        "EBIT": NaN,
        "Net Income": 309
    },
    "2020-03-31": {
        "Diluted EPS": 1.55,
        "Total Revenue": NaN,
        "Gross Profit": NaN,
        "Operating Income": 461,
        "EBIT": NaN,
        "Net Income": 326
    },
    "2019-12-31": {
        "Diluted EPS": 1.71,
        "Total Revenue": NaN,
        "Gross Profit": NaN,
        "Operating Income": 476,
        "EBIT": NaN,
        "Net Income": 348
    },
    "2019-09-30": {
        "Diluted EPS": 1.69,
        "Total Revenue": NaN,
        "Gross Profit": NaN,
        "Operating Income": 509,
        "EBIT": NaN,
        "Net Income": 367
    },
    "2019-06-30": {
        "Diluted EPS": 1.75,
        "Total Revenue": NaN,
        "Gross Profit": NaN,
        "Operating Income": 507,
        "EBIT": NaN,
        "Net Income": 384
    },
    "2019-03-31": {
        "Diluted EPS": 1.48,
        "Total Revenue": NaN,
        "Gross Profit": NaN,
        "Operating Income": 452,
        "EBIT": NaN,
        "Net Income": 330
    },
    "2018-12-31": {
        "Diluted EPS": 1.8,
        "Total Revenue": NaN,
        "Gross Profit": NaN,
        "Operating Income": 486,
        "EBIT": NaN,
        "Net Income": 404
    },
    "2018-09-30": {
        "Diluted EPS": 1.58,
        "Total Revenue": NaN,
        "Gross Profit": NaN,
        "Operating Income": 481,
        "EBIT": NaN,
        "Net Income": 357
    },
    "2018-06-30": {
        "Diluted EPS": 1.68,
        "Total Revenue": NaN,
        "Gross Profit": NaN,
        "Operating Income": 507,
        "EBIT": NaN,
        "Net Income": 385
    },
    "2018-03-31": {
        "Diluted EPS": 1.58,
        "Total Revenue": NaN,
        "Gross Profit": NaN,
        "Operating Income": 484,
        "EBIT": NaN,
        "Net Income": 364
    },
    "2017-12-31": {
        "Diluted EPS": 1.51,
        "Total Revenue": NaN,
        "Gross Profit": NaN,
        "Operating Income": 436,
        "EBIT": NaN,
        "Net Income": 336
    },
    "2017-09-30": {
        "Diluted EPS": 1.2,
        "Total Revenue": NaN,
        "Gross Profit": NaN,
        "Operating Income": 417,
        "EBIT": NaN,
        "Net Income": 281
    },
    "2017-06-30": {
        "Diluted EPS": 1.12,
        "Total Revenue": NaN,
        "Gross Profit": NaN,
        "Operating Income": 391,
        "EBIT": NaN,
        "Net Income": 262
    },
    "2017-03-31": {
        "Diluted EPS": 1.09,
        "Total Revenue": NaN,
        "Gross Profit": NaN,
        "Operating Income": 391,
        "EBIT": NaN,
        "Net Income": 251
    },
    "2016-12-31": {
        "Diluted EPS": 1.11,
        "Total Revenue": NaN,
        "Gross Profit": NaN,
        "Operating Income": 390,
        "EBIT": NaN,
        "Net Income": 246
    },
    "2016-09-30": {
        "Diluted EPS": 1.08,
        "Total Revenue": NaN,
        "Gross Profit": NaN,
        "Operating Income": 374,
        "EBIT": NaN,
        "Net Income": 252
    },
    "2016-06-30": {
        "Diluted EPS": 1.1,
        "Total Revenue": NaN,
        "Gross Profit": NaN,
        "Operating Income": 395,
        "EBIT": NaN,
        "Net Income": 257
    },
    "2016-03-31": {
        "Diluted EPS": 1.03,
        "Total Revenue": NaN,
        "Gross Profit": NaN,
        "Operating Income": 359,
        "EBIT": NaN,
        "Net Income": 235
    },
    "2015-12-31": {
        "Diluted EPS": 0.99,
        "Total Revenue": NaN,
        "Gross Profit": NaN,
        "Operating Income": 350,
        "EBIT": NaN,
        "Net Income": 218
    },
    "2015-09-30": {
        "Diluted EPS": 0.96,
        "Total Revenue": NaN,
        "Gross Profit": NaN,
        "Operating Income": 353,
        "EBIT": NaN,
        "Net Income": 229
    },
    "2015-06-30": {
        "Diluted EPS": 1.1,
        "Total Revenue": NaN,
        "Gross Profit": NaN,
        "Operating Income": 411,
        "EBIT": NaN,
        "Net Income": 263
    },
    "2015-03-31": {
        "Diluted EPS": 0.94,
        "Total Revenue": NaN,
        "Gross Profit": NaN,
        "Operating Income": 350,
        "EBIT": NaN,
        "Net Income": 225
    },
    "2014-12-31": {
        "Diluted EPS": 0.98,
        "Total Revenue": NaN,
        "Gross Profit": NaN,
        "Operating Income": 346,
        "EBIT": NaN,
        "Net Income": 221
    },
    "2014-09-30": {
        "Diluted EPS": 0.84,
        "Total Revenue": NaN,
        "Gross Profit": NaN,
        "Operating Income": 304,
        "EBIT": NaN,
        "Net Income": 205
    },
    "2014-06-30": {
        "Diluted EPS": 0.75,
        "Total Revenue": NaN,
        "Gross Profit": NaN,
        "Operating Income": 271,
        "EBIT": NaN,
        "Net Income": 182
    },
    "2014-03-31": {
        "Diluted EPS": 0.75,
        "Total Revenue": NaN,
        "Gross Profit": NaN,
        "Operating Income": 270,
        "EBIT": NaN,
        "Net Income": 181
    },
    "2013-12-31": {
        "Diluted EPS": 0.7,
        "Total Revenue": NaN,
        "Gross Profit": NaN,
        "Operating Income": 246,
        "EBIT": NaN,
        "Net Income": 161
    },
    "2013-09-30": {
        "Diluted EPS": 0.84,
        "Total Revenue": NaN,
        "Gross Profit": NaN,
        "Operating Income": 302,
        "EBIT": NaN,
        "Net Income": 207
    },
    "2013-06-30": {
        "Diluted EPS": 0.78,
        "Total Revenue": NaN,
        "Gross Profit": NaN,
        "Operating Income": 286,
        "EBIT": NaN,
        "Net Income": 188
    },
    "2013-03-31": {
        "Diluted EPS": 0.67,
        "Total Revenue": NaN,
        "Gross Profit": 976,
        "Operating Income": 243,
        "EBIT": NaN,
        "Net Income": 164
    },
    "2012-12-31": {
        "Diluted EPS": 0.69,
        "Total Revenue": NaN,
        "Gross Profit": 970,
        "Operating Income": 223,
        "EBIT": NaN,
        "Net Income": 165
    },
    "2012-09-30": {
        "Diluted EPS": 0.73,
        "Total Revenue": NaN,
        "Gross Profit": 973,
        "Operating Income": 266,
        "EBIT": NaN,
        "Net Income": 176
    },
    "2012-06-30": {
        "Diluted EPS": 0.73,
        "Total Revenue": NaN,
        "Gross Profit": 989,
        "Operating Income": 266,
        "EBIT": NaN,
        "Net Income": 177
    },
    "2012-03-31": {
        "Diluted EPS": 0.66,
        "Total Revenue": NaN,
        "Gross Profit": 965,
        "Operating Income": 237,
        "EBIT": NaN,
        "Net Income": 159
    },
    "2011-12-31": {
        "Diluted EPS": 0.54,
        "Total Revenue": NaN,
        "Gross Profit": 956,
        "Operating Income": 171,
        "EBIT": NaN,
        "Net Income": 129
    },
    "2011-09-30": {
        "Diluted EPS": 0.7,
        "Total Revenue": NaN,
        "Gross Profit": 972,
        "Operating Income": 253,
        "EBIT": NaN,
        "Net Income": 168
    },
    "2011-06-30": {
        "Diluted EPS": 0.62,
        "Total Revenue": NaN,
        "Gross Profit": 945,
        "Operating Income": 230,
        "EBIT": NaN,
        "Net Income": 150
    },
    "2011-03-31": {
        "Diluted EPS": 0.61,
        "Total Revenue": NaN,
        "Gross Profit": 898,
        "Operating Income": 230,
        "EBIT": NaN,
        "Net Income": 149
    },
    "2010-12-31": {
        "Diluted EPS": 0.64,
        "Total Revenue": NaN,
        "Gross Profit": 896,
        "Operating Income": 214,
        "EBIT": NaN,
        "Net Income": 152
    },
    "2010-09-30": {
        "Diluted EPS": 0.64,
        "Total Revenue": 986,
        "Gross Profit": 890,
        "Operating Income": 237,
        "EBIT": NaN,
        "Net Income": 156
    },
    "2010-06-30": {
        "Diluted EPS": 0.82,
        "Total Revenue": NaN,
        "Gross Profit": 964,
        "Operating Income": 300,
        "EBIT": NaN,
        "Net Income": 200
    },
    "2010-03-31": {
        "Diluted EPS": 0.64,
        "Total Revenue": 982,
        "Gross Profit": 898,
        "Operating Income": 238,
        "EBIT": NaN,
        "Net Income": 157
    },
    "2009-12-31": {
        "Diluted EPS": 0.83,
        "Total Revenue": NaN,
        "Gross Profit": 940,
        "Operating Income": 279,
        "EBIT": NaN,
        "Net Income": 200
    },
    "2009-09-30": {
        "Diluted EPS": 0.77,
        "Total Revenue": NaN,
        "Gross Profit": 918,
        "Operating Income": 259,
        "EBIT": NaN,
        "Net Income": 188
    },
    "2009-06-30": {
        "Diluted EPS": 0.95,
        "Total Revenue": NaN,
        "Gross Profit": NaN,
        "Operating Income": 473,
        "EBIT": NaN,
        "Net Income": 226
    },
    "2009-03-31": {
        "Diluted EPS": 0.61,
        "Total Revenue": NaN,
        "Gross Profit": 894,
        "Operating Income": 245,
        "EBIT": NaN,
        "Net Income": 139
    },
    "2023-09-30": {
        "Tax Effect Of Unusual Items": NaN,
        "Tax Rate For Calcs": NaN,
        "Total Unusual Items": NaN,
        "Total Unusual Items Excluding Goodwill": NaN,
        "Net Income From Continuing Operation Net Minority Interest": NaN,
        "Reconciled Depreciation": NaN,
        "Net Interest Income": NaN,
        "Interest Expense": NaN,
        "Interest Income": NaN,
        "Normalized Income": NaN,
        "Net Income From Continuing And Discontinued Operation": NaN,
        "Diluted Average Shares": NaN,
        "Basic Average Shares": NaN,
        "Diluted EPS": NaN,
        "Basic EPS": NaN,
        "Diluted NI Availto Com Stockholders": NaN,
        "Net Income Common Stockholders": NaN,
        "Otherunder Preferred Stock Dividend": 3100000.0,
        "Preferred Stock Dividends": NaN,
        "Net Income": NaN,
        "Net Income Including Noncontrolling Interests": NaN,
        "Net Income Continuous Operations": NaN,
        "Tax Provision": NaN,
        "Pretax Income": NaN,
        "Special Income Charges": NaN,
        "Other Special Charges": NaN,
        "Restructuring And Mergern Acquisition": NaN,
        "Gain On Sale Of Security": NaN,
        "Selling General And Administration": NaN,
        "Selling And Marketing Expense": NaN,
        "General And Administrative Expense": NaN,
        "Insurance And Claims": NaN,
        "Salaries And Wages": NaN,
        "Total Revenue": NaN,
        "Operating Revenue": NaN,
        "Occupancy And Equipment": NaN,
        "Other Non Interest Expense": NaN
    },
    "2023-12-31": {
        "Tax Effect Of Unusual Items": NaN,
        "Tax Rate For Calcs": NaN,
        "Total Unusual Items": 0.0,
        "Total Unusual Items Excluding Goodwill": 0.0,
        "Net Income From Continuing Operation Net Minority Interest": NaN,
        "Reconciled Depreciation": NaN,
        "Net Interest Income": NaN,
        "Interest Expense": NaN,
        "Interest Income": NaN,
        "Normalized Income": NaN,
        "Net Income From Continuing And Discontinued Operation": NaN,
        "Diluted Average Shares": NaN,
        "Basic Average Shares": NaN,
        "Diluted EPS": NaN,
        "Basic EPS": NaN,
        "Diluted NI Availto Com Stockholders": NaN,
        "Net Income Common Stockholders": NaN,
        "Otherunder Preferred Stock Dividend": NaN,
        "Preferred Stock Dividends": NaN,
        "Net Income": NaN,
        "Net Income Including Noncontrolling Interests": NaN,
        "Net Income Continuous Operations": NaN,
        "Tax Provision": NaN,
        "Pretax Income": NaN,
        "Special Income Charges": 0.0,
        "Other Special Charges": NaN,
        "Restructuring And Mergern Acquisition": 0.0,
        "Gain On Sale Of Security": NaN,
        "Selling General And Administration": NaN,
        "Selling And Marketing Expense": NaN,
        "General And Administrative Expense": NaN,
        "Insurance And Claims": NaN,
        "Salaries And Wages": NaN,
        "Total Revenue": NaN,
        "Operating Revenue": NaN,
        "Occupancy And Equipment": NaN,
        "Other Non Interest Expense": NaN
    },
    "2024-03-31": {
        "Tax Effect Of Unusual Items": NaN,
        "Tax Rate For Calcs": NaN,
        "Total Unusual Items": -12500000.0,
        "Total Unusual Items Excluding Goodwill": -12500000.0,
        "Net Income From Continuing Operation Net Minority Interest": NaN,
        "Reconciled Depreciation": NaN,
        "Net Interest Income": NaN,
        "Interest Expense": NaN,
        "Interest Income": NaN,
        "Normalized Income": NaN,
        "Net Income From Continuing And Discontinued Operation": NaN,
        "Diluted Average Shares": NaN,
        "Basic Average Shares": NaN,
        "Diluted EPS": NaN,
        "Basic EPS": NaN,
        "Diluted NI Availto Com Stockholders": NaN,
        "Net Income Common Stockholders": NaN,
        "Otherunder Preferred Stock Dividend": NaN,
        "Preferred Stock Dividends": NaN,
        "Net Income": NaN,
        "Net Income Including Noncontrolling Interests": NaN,
        "Net Income Continuous Operations": NaN,
        "Tax Provision": NaN,
        "Pretax Income": NaN,
        "Special Income Charges": -12500000.0,
        "Other Special Charges": 12500000.0,
        "Restructuring And Mergern Acquisition": NaN,
        "Gain On Sale Of Security": NaN,
        "Selling General And Administration": NaN,
        "Selling And Marketing Expense": NaN,
        "General And Administrative Expense": NaN,
        "Insurance And Claims": NaN,
        "Salaries And Wages": NaN,
        "Total Revenue": NaN,
        "Operating Revenue": NaN,
        "Occupancy And Equipment": NaN,
        "Other Non Interest Expense": NaN
    },
    "2024-06-30": {
        "Tax Effect Of Unusual Items": NaN,
        "Tax Rate For Calcs": NaN,
        "Total Unusual Items": -81800000.0,
        "Total Unusual Items Excluding Goodwill": -81800000.0,
        "Net Income From Continuing Operation Net Minority Interest": NaN,
        "Reconciled Depreciation": NaN,
        "Net Interest Income": NaN,
        "Interest Expense": NaN,
        "Interest Income": NaN,
        "Normalized Income": NaN,
        "Net Income From Continuing And Discontinued Operation": NaN,
        "Diluted Average Shares": NaN,
        "Basic Average Shares": NaN,
        "Diluted EPS": NaN,
        "Basic EPS": NaN,
        "Diluted NI Availto Com Stockholders": NaN,
        "Net Income Common Stockholders": NaN,
        "Otherunder Preferred Stock Dividend": NaN,
        "Preferred Stock Dividends": NaN,
        "Net Income": NaN,
        "Net Income Including Noncontrolling Interests": NaN,
        "Net Income Continuous Operations": NaN,
        "Tax Provision": NaN,
        "Pretax Income": NaN,
        "Special Income Charges": -81800000.0,
        "Restructuring And Mergern Acquisition": 81800000.0,
        "Gain On Sale Of Security": NaN,
        "Selling General And Administration": NaN,
        "Selling And Marketing Expense": NaN,
        "General And Administrative Expense": NaN,
        "Insurance And Claims": NaN,
        "Salaries And Wages": NaN,
        "Total Revenue": NaN,
        "Operating Revenue": NaN,
        "Occupancy And Equipment": NaN,
        "Other Non Interest Expense": NaN
    },
    "2024-09-30": {
        "Tax Effect Of Unusual Items": 0.0,
        "Tax Rate For Calcs": 0.227,
        "Total Unusual Items": NaN,
        "Total Unusual Items Excluding Goodwill": NaN,
        "Net Income From Continuing Operation Net Minority Interest": 464900000.0,
        "Reconciled Depreciation": 183100000.0,
        "Net Interest Income": 562300000.0,
        "Interest Expense": 1967900000.0,
        "Interest Income": 2530200000.0,
        "Normalized Income": 464900000.0,
        "Net Income From Continuing And Discontinued Operation": 464900000.0,
        "Diluted Average Shares": NaN,
        "Basic Average Shares": NaN,
        "Diluted EPS": NaN,
        "Basic EPS": NaN,
        "Diluted NI Availto Com Stockholders": 445100000.0,
        "Net Income Common Stockholders": 445100000.0,
        "Otherunder Preferred Stock Dividend": 3600000.0,
        "Preferred Stock Dividends": 16200000.0,
        "Net Income": 464900000.0,
        "Net Income Including Noncontrolling Interests": 464900000.0,
        "Net Income Continuous Operations": 464900000.0,
        "Tax Provision": 136200000.0,
        "Pretax Income": 601100000.0,
        "Special Income Charges": NaN,
        "Restructuring And Mergern Acquisition": NaN,
        "Gain On Sale Of Security": 68100000.0,
        "Selling General And Administration": 731400000.0,
        "Selling And Marketing Expense": 19100000.0,
        "General And Administrative Expense": 712300000.0,
        "Insurance And Claims": 7100000.0,
        "Salaries And Wages": 705200000.0,
        "Total Revenue": 1968500000.0,
        "Operating Revenue": 1968500000.0,
        "Occupancy And Equipment": 324200000.0,
        "Other Non Interest Expense": 303800000.0
    },
    "2024-12-31": {
        "Tax Effect Of Unusual Items": 0.0,
        "Tax Rate For Calcs": 0.233591,
        "Total Unusual Items": NaN,
        "Total Unusual Items Excluding Goodwill": NaN,
        "Net Income From Continuing Operation Net Minority Interest": 455400000.0,
        "Reconciled Depreciation": 182900000.0,
        "Net Interest Income": 563800000.0,
        "Interest Expense": 1716200000.0,
        "Interest Income": 2280000000.0,
        "Normalized Income": 455400000.0,
        "Net Income From Continuing And Discontinued Operation": 455400000.0,
        "Diluted Average Shares": 198114000.0,
        "Basic Average Shares": 197241000.0,
        "Diluted EPS": 2.26,
        "Basic EPS": 2.27,
        "Diluted NI Availto Com Stockholders": 447000000.0,
        "Net Income Common Stockholders": 447000000.0,
        "Otherunder Preferred Stock Dividend": 3700000.0,
        "Preferred Stock Dividends": 4700000.0,
        "Net Income": 455400000.0,
        "Net Income Including Noncontrolling Interests": 455400000.0,
        "Net Income Continuous Operations": 455400000.0,
        "Tax Provision": 138800000.0,
        "Pretax Income": 594200000.0,
        "Special Income Charges": NaN,
        "Restructuring And Mergern Acquisition": NaN,
        "Gain On Sale Of Security": 0.0,
        "Selling General And Administration": 664400000.0,
        "Selling And Marketing Expense": 24700000.0,
        "General And Administrative Expense": 639700000.0,
        "Insurance And Claims": 7400000.0,
        "Salaries And Wages": 632300000.0,
        "Total Revenue": 1959600000.0,
        "Operating Revenue": 1959600000.0,
        "Occupancy And Equipment": 328500000.0,
        "Other Non Interest Expense": 301200000.0
    },
    "2025-03-31": {
        "Tax Effect Of Unusual Items": 0.0,
        "Tax Rate For Calcs": 0.248,
        "Total Unusual Items": NaN,
        "Total Unusual Items Excluding Goodwill": NaN,
        "Net Income From Continuing Operation Net Minority Interest": 392000000.0,
        "Reconciled Depreciation": 190700000.0,
        "Net Interest Income": 568100000.0,
        "Interest Expense": 1572800000.0,
        "Interest Income": 2140900000.0,
        "Normalized Income": 392000000.0,
        "Net Income From Continuing And Discontinued Operation": 392000000.0,
        "Diluted Average Shares": 196124971.0,
        "Basic Average Shares": 195192789.0,
        "Diluted EPS": 1.9,
        "Basic EPS": 1.91,
        "Diluted NI Availto Com Stockholders": 372200000.0,
        "Net Income Common Stockholders": 372200000.0,
        "Otherunder Preferred Stock Dividend": 3600000.0,
        "Preferred Stock Dividends": 16200000.0,
        "Net Income": 392000000.0,
        "Net Income Including Noncontrolling Interests": 392000000.0,
        "Net Income Continuous Operations": 392000000.0,
        "Tax Provision": 129400000.0,
        "Pretax Income": 521400000.0,
        "Special Income Charges": NaN,
        "Restructuring And Mergern Acquisition": NaN,
        "Gain On Sale Of Security": 0.0,
        "Selling General And Administration": 783100000.0,
        "Selling And Marketing Expense": 16900000.0,
        "General And Administrative Expense": 766200000.0,
        "Insurance And Claims": 7900000.0,
        "Salaries And Wages": 758300000.0,
        "Total Revenue": 1939900000.0,
        "Operating Revenue": 1939900000.0,
        "Occupancy And Equipment": 334300000.0,
        "Other Non Interest Expense": 300200000.0
    },
    "2025-06-30": {
        "Tax Effect Of Unusual Items": 0.0,
        "Tax Rate For Calcs": 0.254,
        "Total Unusual Items": NaN,
        "Total Unusual Items Excluding Goodwill": NaN,
        "Net Income From Continuing Operation Net Minority Interest": 421300000.0,
        "Reconciled Depreciation": 195700000.0,
        "Net Interest Income": 610500000.0,
        "Interest Expense": 1602300000.0,
        "Interest Income": 2212800000.0,
        "Normalized Income": 421300000.0,
        "Net Income From Continuing And Discontinued Operation": 421300000.0,
        "Diluted Average Shares": 193374888.0,
        "Basic Average Shares": 192751910.0,
        "Diluted EPS": 2.13,
        "Basic EPS": 2.14,
        "Diluted NI Availto Com Stockholders": 412800000.0,
        "Net Income Common Stockholders": 412800000.0,
        "Otherunder Preferred Stock Dividend": 3800000.0,
        "Preferred Stock Dividends": 4700000.0,
        "Net Income": 421300000.0,
        "Net Income Including Noncontrolling Interests": 421300000.0,
        "Net Income Continuous Operations": 421300000.0,
        "Tax Provision": 143500000.0,
        "Pretax Income": 564800000.0,
        "Special Income Charges": NaN,
        "Restructuring And Mergern Acquisition": NaN,
        "Gain On Sale Of Security": 0.0,
        "Selling General And Administration": 771200000.0,
        "Selling And Marketing Expense": 22200000.0,
        "General And Administrative Expense": 749000000.0,
        "Insurance And Claims": 9500000.0,
        "Salaries And Wages": 739500000.0,
        "Total Revenue": 1997900000.0,
        "Operating Revenue": 1997900000.0,
        "Occupancy And Equipment": 346200000.0,
        "Other Non Interest Expense": 299200000.0
    },
    "2025-09-30": {
        "Tax Effect Of Unusual Items": 0.0,
        "Tax Rate For Calcs": 0.261,
        "Total Unusual Items": NaN,
        "Total Unusual Items Excluding Goodwill": NaN,
        "Net Income From Continuing Operation Net Minority Interest": 457600000.0,
        "Reconciled Depreciation": 195800000.0,
        "Net Interest Income": 590800000.0,
        "Interest Expense": 1553500000.0,
        "Interest Income": 2144300000.0,
        "Normalized Income": 457600000.0,
        "Net Income From Continuing And Discontinued Operation": 457600000.0,
        "Diluted Average Shares": 191000562.0,
        "Basic Average Shares": 190053947.0,
        "Diluted EPS": 2.29,
        "Basic EPS": 2.3,
        "Diluted NI Availto Com Stockholders": 437200000.0,
        "Net Income Common Stockholders": 437200000.0,
        "Otherunder Preferred Stock Dividend": 4200000.0,
        "Preferred Stock Dividends": 16200000.0,
        "Net Income": 457600000.0,
        "Net Income Including Noncontrolling Interests": 457600000.0,
        "Net Income Continuous Operations": 457600000.0,
        "Tax Provision": 161900000.0,
        "Pretax Income": 619500000.0,
        "Special Income Charges": NaN,
        "Restructuring And Mergern Acquisition": NaN,
        "Gain On Sale Of Security": 0.0,
        "Selling General And Administration": 773700000.0,
        "Selling And Marketing Expense": 17100000.0,
        "General And Administrative Expense": 756600000.0,
        "Insurance And Claims": 2200000.0,
        "Salaries And Wages": 754400000.0,
        "Total Revenue": 2025400000.0,
        "Operating Revenue": 2025400000.0,
        "Occupancy And Equipment": 349200000.0,
        "Other Non Interest Expense": 300000000.0
    },
    "2025-12-31": {
        "Tax Effect Of Unusual Items": NaN,
        "Tax Rate For Calcs": NaN,
        "Total Unusual Items": NaN,
        "Total Unusual Items Excluding Goodwill": NaN,
        "Net Income From Continuing Operation Net Minority Interest": NaN,
        "Reconciled Depreciation": NaN,
        "Net Interest Income": NaN,
        "Interest Expense": NaN,
        "Interest Income": NaN,
        "Normalized Income": NaN,
        "Net Income From Continuing And Discontinued Operation": NaN,
        "Diluted Average Shares": 188582000.0,
        "Basic Average Shares": 187532000.0,
        "Diluted EPS": 2.42,
        "Basic EPS": 2.44,
        "Diluted NI Availto Com Stockholders": NaN,
        "Net Income Common Stockholders": NaN,
        "Otherunder Preferred Stock Dividend": NaN,
        "Preferred Stock Dividends": NaN,
        "Net Income": NaN,
        "Net Income Including Noncontrolling Interests": NaN,
        "Net Income Continuous Operations": NaN,
        "Tax Provision": NaN,
        "Pretax Income": NaN,
        "Special Income Charges": NaN,
        "Restructuring And Mergern Acquisition": NaN,
        "Gain On Sale Of Security": NaN,
        "Selling General And Administration": NaN,
        "Selling And Marketing Expense": NaN,
        "General And Administrative Expense": NaN,
        "Insurance And Claims": NaN,
        "Salaries And Wages": NaN,
        "Total Revenue": NaN,
        "Operating Revenue": NaN,
        "Occupancy And Equipment": NaN,
        "Other Non Interest Expense": NaN
    }
}