{
    "2023-06-30": {
        "Tax Effect Of Unusual Items": NaN,
        "Tax Rate For Calcs": NaN,
        "Normalized EBITDA": NaN,
        "Total Unusual Items": NaN,
        "Total Unusual Items Excluding Goodwill": NaN,
        "Net Income From Continuing Operation Net Minority Interest": NaN,
        "Reconciled Depreciation": NaN,
        "Reconciled Cost Of Revenue": NaN,
        "EBITDA": NaN,
        "EBIT": NaN,
        "Net Interest Income": NaN,
        "Interest Expense": NaN,
        "Interest Income": NaN,
        "Normalized Income": NaN,
        "Net Income From Continuing And Discontinued Operation": NaN,
        "Total Expenses": NaN,
        "Diluted Average Shares": NaN,
        "Basic Average Shares": NaN,
        "Diluted EPS": NaN,
        "Basic EPS": NaN,
        "Diluted NI Availto Com Stockholders": NaN,
        "Average Dilution Earnings": 16000.0,
        "Net Income Common Stockholders": NaN,
        "Otherunder Preferred Stock Dividend": 6029000.0,
        "Net Income": NaN,
        "Minority Interests": NaN,
        "Net Income Including Noncontrolling Interests": NaN,
        "Net Income Continuous Operations": NaN,
        "Tax Provision": NaN,
        "Pretax Income": NaN,
        "Other Income Expense": NaN,
        "Special Income Charges": NaN,
        "Write Off": NaN,
        "Earnings From Equity Interest": NaN,
        "Net Non Operating Interest Income Expense": NaN,
        "Total Other Finance Cost": NaN,
        "Interest Expense Non Operating": NaN,
        "Interest Income Non Operating": NaN,
        "Operating Income": NaN,
        "Operating Expense": NaN,
        "Selling General And Administration": NaN,
        "Gross Profit": NaN,
        "Cost Of Revenue": NaN,
        "Total Revenue": NaN,
        "Operating Revenue": NaN
    },
    "2023-03-31": {
        "Tax Effect Of Unusual Items": NaN,
        "Tax Rate For Calcs": NaN,
        "Normalized EBITDA": NaN,
        "Net Income From Continuing Operation Net Minority Interest": NaN,
        "Reconciled Depreciation": NaN,
        "Reconciled Cost Of Revenue": NaN,
        "EBITDA": NaN,
        "EBIT": NaN,
        "Net Interest Income": NaN,
        "Interest Expense": 62682000.0,
        "Interest Income": 52499000.0,
        "Normalized Income": NaN,
        "Net Income From Continuing And Discontinued Operation": NaN,
        "Total Expenses": NaN,
        "Diluted Average Shares": NaN,
        "Basic Average Shares": NaN,
        "Diluted EPS": NaN,
        "Basic EPS": NaN,
        "Diluted NI Availto Com Stockholders": NaN,
        "Average Dilution Earnings": 21000.0,
        "Net Income Common Stockholders": NaN,
        "Otherunder Preferred Stock Dividend": 3413000.0,
        "Net Income": NaN,
        "Minority Interests": NaN,
        "Net Income Including Noncontrolling Interests": NaN,
        "Net Income Continuous Operations": NaN,
        "Tax Provision": NaN,
        "Pretax Income": NaN,
        "Other Income Expense": NaN,
        "Earnings From Equity Interest": NaN,
        "Net Non Operating Interest Income Expense": NaN,
        "Total Other Finance Cost": NaN,
        "Interest Expense Non Operating": 62682000.0,
        "Interest Income Non Operating": 52499000.0,
        "Operating Income": NaN,
        "Operating Expense": NaN,
        "Selling General And Administration": NaN,
        "Gross Profit": NaN,
        "Cost Of Revenue": NaN,
        "Total Revenue": NaN,
        "Operating Revenue": NaN
    },
    "2022-12-31": {
        "Tax Effect Of Unusual Items": NaN,
        "Tax Rate For Calcs": NaN,
        "Normalized EBITDA": NaN,
        "Total Unusual Items": -101756000.0,
        "Total Unusual Items Excluding Goodwill": -101756000.0,
        "Net Income From Continuing Operation Net Minority Interest": NaN,
        "Reconciled Depreciation": NaN,
        "Reconciled Cost Of Revenue": NaN,
        "EBITDA": NaN,
        "EBIT": NaN,
        "Net Interest Income": NaN,
        "Interest Expense": 56752000.0,
        "Interest Income": 29781000.0,
        "Normalized Income": NaN,
        "Net Income From Continuing And Discontinued Operation": NaN,
        "Total Expenses": NaN,
        "Diluted Average Shares": NaN,
        "Basic Average Shares": NaN,
        "Diluted EPS": NaN,
        "Basic EPS": NaN,
        "Diluted NI Availto Com Stockholders": NaN,
        "Average Dilution Earnings": NaN,
        "Net Income Common Stockholders": NaN,
        "Otherunder Preferred Stock Dividend": 4934000.0,
        "Net Income": NaN,
        "Minority Interests": NaN,
        "Net Income Including Noncontrolling Interests": NaN,
        "Net Income Continuous Operations": NaN,
        "Tax Provision": NaN,
        "Pretax Income": NaN,
        "Other Income Expense": NaN,
        "Special Income Charges": -101756000.0,
        "Write Off": 101756000.0,
        "Earnings From Equity Interest": NaN,
        "Net Non Operating Interest Income Expense": NaN,
        "Total Other Finance Cost": NaN,
        "Interest Expense Non Operating": 56752000.0,
        "Interest Income Non Operating": 29781000.0,
        "Operating Income": NaN,
        "Operating Expense": NaN,
        "Selling General And Administration": NaN,
        "Gross Profit": NaN,
        "Cost Of Revenue": NaN,
        "Total Revenue": NaN,
        "Operating Revenue": NaN
    },
    "2022-09-30": {
        "Tax Effect Of Unusual Items": NaN,
        "Tax Rate For Calcs": NaN,
        "Normalized EBITDA": NaN,
        "Total Unusual Items": 0.0,
        "Total Unusual Items Excluding Goodwill": 0.0,
        "Net Income From Continuing Operation Net Minority Interest": NaN,
        "Reconciled Depreciation": NaN,
        "Reconciled Cost Of Revenue": NaN,
        "EBITDA": NaN,
        "EBIT": NaN,
        "Net Interest Income": NaN,
        "Interest Expense": 54569000.0,
        "Interest Income": 12222000.0,
        "Normalized Income": NaN,
        "Net Income From Continuing And Discontinued Operation": NaN,
        "Total Expenses": NaN,
        "Diluted Average Shares": NaN,
        "Basic Average Shares": NaN,
        "Diluted EPS": NaN,
        "Basic EPS": NaN,
        "Diluted NI Availto Com Stockholders": NaN,
        "Average Dilution Earnings": 21000.0,
        "Net Income Common Stockholders": NaN,
        "Otherunder Preferred Stock Dividend": 6893000.0,
        "Net Income": NaN,
        "Minority Interests": NaN,
        "Net Income Including Noncontrolling Interests": NaN,
        "Net Income Continuous Operations": NaN,
        "Tax Provision": NaN,
        "Pretax Income": NaN,
        "Other Income Expense": NaN,
        "Special Income Charges": 0.0,
        "Write Off": 0.0,
        "Earnings From Equity Interest": NaN,
        "Net Non Operating Interest Income Expense": NaN,
        "Total Other Finance Cost": 42347000.0,
        "Interest Expense Non Operating": 54569000.0,
        "Interest Income Non Operating": 12222000.0,
        "Operating Income": NaN,
        "Operating Expense": NaN,
        "Selling General And Administration": NaN,
        "Gross Profit": NaN,
        "Cost Of Revenue": NaN,
        "Total Revenue": NaN,
        "Operating Revenue": NaN
    },
    "2022-06-30": {
        "Tax Effect Of Unusual Items": 0.0,
        "Tax Rate For Calcs": 0.218647,
        "Normalized EBITDA": 3795813000.0,
        "Total Unusual Items": 0.0,
        "Total Unusual Items Excluding Goodwill": 0.0,
        "Net Income From Continuing Operation Net Minority Interest": 2561233000.0,
        "Reconciled Depreciation": 247648000.0,
        "Reconciled Cost Of Revenue": 7690211000.0,
        "EBITDA": 3795813000.0,
        "EBIT": 3548165000.0,
        "Net Interest Income": -57763000.0,
        "Interest Expense": 57763000.0,
        "Interest Income": 5751000.0,
        "Normalized Income": 2561233000.0,
        "Net Income From Continuing And Discontinued Operation": 2561233000.0,
        "Total Expenses": 8253422000.0,
        "Diluted Average Shares": 263719000.0,
        "Basic Average Shares": 263221000.0,
        "Diluted EPS": 9.67,
        "Basic EPS": 9.69,
        "Diluted NI Availto Com Stockholders": 2561233000.0,
        "Average Dilution Earnings": 44000.0,
        "Net Income Common Stockholders": 2561233000.0,
        "Otherunder Preferred Stock Dividend": 11041000.0,
        "Net Income": 2561233000.0,
        "Minority Interests": -166004000.0,
        "Net Income Including Noncontrolling Interests": 2727237000.0,
        "Net Income Continuous Operations": 2727237000.0,
        "Tax Provision": 763165000.0,
        "Pretax Income": 3490402000.0,
        "Other Income Expense": 7113000.0,
        "Special Income Charges": 0.0,
        "Write Off": 0.0,
        "Earnings From Equity Interest": 7113000.0,
        "Net Non Operating Interest Income Expense": -57763000.0,
        "Interest Expense Non Operating": 57763000.0,
        "Interest Income Non Operating": 5751000.0,
        "Operating Income": 3541052000.0,
        "Operating Expense": 563211000.0,
        "Selling General And Administration": 563211000.0,
        "Gross Profit": 4104263000.0,
        "Cost Of Revenue": 7690211000.0,
        "Total Revenue": 11794474000.0,
        "Operating Revenue": 11794474000.0
    },
    "2022-03-31": {
        "Diluted EPS": 7.67,
        "Total Revenue": NaN,
        "Gross Profit": NaN,
        "Operating Income": NaN,
        "EBIT": NaN,
        "Net Income": NaN
    },
    "2021-12-31": {
        "Diluted EPS": 7.74,
        "Total Revenue": NaN,
        "Gross Profit": NaN,
        "Operating Income": NaN,
        "EBIT": NaN,
        "Net Income": NaN
    },
    "2021-09-30": {
        "Diluted EPS": 7.28,
        "Total Revenue": NaN,
        "Gross Profit": NaN,
        "Operating Income": NaN,
        "EBIT": NaN,
        "Net Income": NaN
    },
    "2021-06-30": {
        "Diluted EPS": 5.04,
        "Total Revenue": NaN,
        "Gross Profit": NaN,
        "Operating Income": NaN,
        "EBIT": NaN,
        "Net Income": NaN
    },
    "2021-03-31": {
        "Diluted EPS": 3.1,
        "Total Revenue": NaN,
        "Gross Profit": NaN,
        "Operating Income": NaN,
        "EBIT": NaN,
        "Net Income": 937
    },
    "2020-12-31": {
        "Diluted EPS": 1.3,
        "Total Revenue": NaN,
        "Gross Profit": 719,
        "Operating Income": 250,
        "EBIT": 447,
        "Net Income": 397
    },
    "2020-09-30": {
        "Diluted EPS": 0.63,
        "Total Revenue": NaN,
        "Gross Profit": 502,
        "Operating Income": 330,
        "EBIT": 527,
        "Net Income": 192
    },
    "2020-06-30": {
        "Diluted EPS": 0.36,
        "Total Revenue": NaN,
        "Gross Profit": 378,
        "Operating Income": 231,
        "EBIT": 426,
        "Net Income": 108
    },
    "2020-03-31": {
        "Diluted EPS": 0.07,
        "Total Revenue": NaN,
        "Gross Profit": 629,
        "Operating Income": 188,
        "EBIT": 385,
        "Net Income": 20
    },
    "2019-12-31": {
        "Diluted EPS": 0.35,
        "Total Revenue": NaN,
        "Gross Profit": 435,
        "Operating Income": 206,
        "EBIT": 398,
        "Net Income": 107
    },
    "2019-09-30": {
        "Diluted EPS": 0.9,
        "Total Revenue": NaN,
        "Gross Profit": 573,
        "Operating Income": 413,
        "EBIT": 591,
        "Net Income": 273
    },
    "2019-06-30": {
        "Diluted EPS": 1.26,
        "Total Revenue": NaN,
        "Gross Profit": 775,
        "Operating Income": 567,
        "EBIT": 752,
        "Net Income": 384
    },
    "2019-03-31": {
        "Diluted EPS": 1.63,
        "Total Revenue": NaN,
        "Gross Profit": 896,
        "Operating Income": 715,
        "EBIT": 895,
        "Net Income": 500
    },
    "2018-12-31": {
        "Diluted EPS": 2.06,
        "Total Revenue": NaN,
        "Gross Profit": NaN,
        "Operating Income": 903,
        "EBIT": NaN,
        "Net Income": 644
    },
    "2018-09-30": {
        "Diluted EPS": 2.13,
        "Total Revenue": NaN,
        "Gross Profit": NaN,
        "Operating Income": 946,
        "EBIT": NaN,
        "Net Income": 674
    },
    "2018-06-30": {
        "Diluted EPS": 2.13,
        "Total Revenue": NaN,
        "Gross Profit": NaN,
        "Operating Income": 932,
        "EBIT": NaN,
        "Net Income": 680
    },
    "2018-03-31": {
        "Diluted EPS": 1.1,
        "Total Revenue": NaN,
        "Gross Profit": 726,
        "Operating Income": 543,
        "EBIT": 725,
        "Net Income": 353
    },
    "2017-12-31": {
        "Diluted EPS": 1.2,
        "Total Revenue": NaN,
        "Gross Profit": 521,
        "Operating Income": 352,
        "EBIT": 536,
        "Net Income": 383
    },
    "2017-09-30": {
        "Diluted EPS": 0.79,
        "Total Revenue": NaN,
        "Gross Profit": 579,
        "Operating Income": 406,
        "EBIT": 586,
        "Net Income": 254
    },
    "2017-06-30": {
        "Diluted EPS": 1.0,
        "Total Revenue": NaN,
        "Gross Profit": 710,
        "Operating Income": 539,
        "EBIT": 722,
        "Net Income": 322
    },
    "2017-03-31": {
        "Diluted EPS": 1.11,
        "Total Revenue": NaN,
        "Gross Profit": 760,
        "Operating Income": 584,
        "EBIT": 765,
        "Net Income": 356
    },
    "2016-12-31": {
        "Diluted EPS": 0.5,
        "Total Revenue": NaN,
        "Gross Profit": 443,
        "Operating Income": 287,
        "EBIT": 461,
        "Net Income": 158
    },
    "2016-09-30": {
        "Diluted EPS": 0.95,
        "Total Revenue": NaN,
        "Gross Profit": 682,
        "Operating Income": 513,
        "EBIT": 685,
        "Net Income": 304
    },
    "2016-06-30": {
        "Diluted EPS": 0.76,
        "Total Revenue": NaN,
        "Gross Profit": 585,
        "Operating Income": 424,
        "EBIT": 595,
        "Net Income": 244
    },
    "2016-03-31": {
        "Diluted EPS": 0.27,
        "Total Revenue": NaN,
        "Gross Profit": 315,
        "Operating Income": 205,
        "EBIT": 376,
        "Net Income": 87
    },
    "2015-12-31": {
        "Diluted EPS": -1.06,
        "Total Revenue": NaN,
        "Gross Profit": -85,
        "Operating Income": -411,
        "EBIT": -236,
        "Net Income": -339
    },
    "2015-09-30": {
        "Diluted EPS": 0.71,
        "Total Revenue": NaN,
        "Gross Profit": 524,
        "Operating Income": 399,
        "EBIT": 573,
        "Net Income": 226
    },
    "2015-06-30": {
        "Diluted EPS": 0.39,
        "Total Revenue": NaN,
        "Gross Profit": 386,
        "Operating Income": 258,
        "EBIT": 433,
        "Net Income": 124
    },
    "2015-03-31": {
        "Diluted EPS": 0.21,
        "Total Revenue": NaN,
        "Gross Profit": 288,
        "Operating Income": 164,
        "EBIT": 340,
        "Net Income": 67
    },
    "2014-12-31": {
        "Diluted EPS": 0.54,
        "Total Revenue": NaN,
        "Gross Profit": 457,
        "Operating Income": 329,
        "EBIT": 513,
        "Net Income": 175
    },
    "2014-09-30": {
        "Diluted EPS": 0.76,
        "Total Revenue": NaN,
        "Gross Profit": 600,
        "Operating Income": 447,
        "EBIT": 625,
        "Net Income": 245
    },
    "2014-06-30": {
        "Diluted EPS": 0.46,
        "Total Revenue": NaN,
        "Gross Profit": 416,
        "Operating Income": 283,
        "EBIT": 466,
        "Net Income": 147
    },
    "2014-03-31": {
        "Diluted EPS": 0.35,
        "Total Revenue": NaN,
        "Gross Profit": 377,
        "Operating Income": 244,
        "EBIT": 424,
        "Net Income": 111
    },
    "2013-12-31": {
        "Diluted EPS": 0.53,
        "Total Revenue": NaN,
        "Gross Profit": 386,
        "Operating Income": 268,
        "EBIT": 432,
        "Net Income": 170
    },
    "2013-09-30": {
        "Diluted EPS": 0.46,
        "Total Revenue": NaN,
        "Gross Profit": 409,
        "Operating Income": 283,
        "EBIT": 434,
        "Net Income": 147
    },
    "2013-06-30": {
        "Diluted EPS": 0.27,
        "Total Revenue": NaN,
        "Gross Profit": 313,
        "Operating Income": 190,
        "EBIT": 336,
        "Net Income": 85
    },
    "2013-03-31": {
        "Diluted EPS": 0.26,
        "Total Revenue": NaN,
        "Gross Profit": 303,
        "Operating Income": 187,
        "EBIT": 336,
        "Net Income": 84
    },
    "2012-12-31": {
        "Diluted EPS": 0.42,
        "Total Revenue": NaN,
        "Gross Profit": 384,
        "Operating Income": 263,
        "EBIT": 422,
        "Net Income": 136
    },
    "2012-09-30": {
        "Diluted EPS": 0.35,
        "Total Revenue": NaN,
        "Gross Profit": 349,
        "Operating Income": 234,
        "EBIT": 388,
        "Net Income": 110
    },
    "2012-06-30": {
        "Diluted EPS": 0.35,
        "Total Revenue": NaN,
        "Gross Profit": 400,
        "Operating Income": 257,
        "EBIT": 404,
        "Net Income": 112
    },
    "2012-03-31": {
        "Diluted EPS": 0.46,
        "Total Revenue": NaN,
        "Gross Profit": 381,
        "Operating Income": 273,
        "EBIT": 421,
        "Net Income": 145
    },
    "2011-12-31": {
        "Diluted EPS": 0.44,
        "Total Revenue": NaN,
        "Gross Profit": 350,
        "Operating Income": 260,
        "EBIT": 407,
        "Net Income": 137
    },
    "2011-09-30": {
        "Diluted EPS": 0.57,
        "Total Revenue": NaN,
        "Gross Profit": 458,
        "Operating Income": 336,
        "EBIT": 488,
        "Net Income": 181
    },
    "2011-06-30": {
        "Diluted EPS": 0.94,
        "Total Revenue": NaN,
        "Gross Profit": 649,
        "Operating Income": 519,
        "EBIT": 665,
        "Net Income": 299
    },
    "2011-03-31": {
        "Diluted EPS": 0.5,
        "Total Revenue": NaN,
        "Gross Profit": 424,
        "Operating Income": 313,
        "EBIT": 458,
        "Net Income": 159
    },
    "2010-12-31": {
        "Diluted EPS": -0.04,
        "Total Revenue": NaN,
        "Gross Profit": 73,
        "Operating Income": 30,
        "EBIT": 175,
        "Net Income": -12
    },
    "2010-09-30": {
        "Diluted EPS": 0.07,
        "Total Revenue": NaN,
        "Gross Profit": 190,
        "Operating Income": 101,
        "EBIT": 249,
        "Net Income": 23
    },
    "2010-06-30": {
        "Diluted EPS": 0.29,
        "Total Revenue": NaN,
        "Gross Profit": 308,
        "Operating Income": 200,
        "EBIT": 345,
        "Net Income": 91
    },
    "2010-03-31": {
        "Diluted EPS": 0.1,
        "Total Revenue": NaN,
        "Gross Profit": 213,
        "Operating Income": 120,
        "EBIT": 266,
        "Net Income": 30
    },
    "2009-12-31": {
        "Diluted EPS": 0.19,
        "Total Revenue": NaN,
        "Gross Profit": 221,
        "Operating Income": 139,
        "EBIT": 283,
        "Net Income": 58
    },
    "2009-09-30": {
        "Diluted EPS": -0.1,
        "Total Revenue": NaN,
        "Gross Profit": 119,
        "Operating Income": 23,
        "EBIT": 167,
        "Net Income": -30
    },
    "2009-06-30": {
        "Diluted EPS": -0.43,
        "Total Revenue": NaN,
        "Gross Profit": -62,
        "Operating Income": -147,
        "EBIT": -6,
        "Net Income": -134
    },
    "2009-03-31": {
        "Diluted EPS": -0.6,
        "Total Revenue": NaN,
        "Gross Profit": -124,
        "Operating Income": -211,
        "EBIT": -74,
        "Net Income": -190
    },
    "2023-09-30": {
        "Tax Effect Of Unusual Items": NaN,
        "Tax Rate For Calcs": NaN,
        "Normalized EBITDA": NaN,
        "Total Unusual Items": 0.0,
        "Total Unusual Items Excluding Goodwill": 0.0,
        "Net Income From Continuing Operation Net Minority Interest": NaN,
        "Reconciled Depreciation": NaN,
        "Reconciled Cost Of Revenue": NaN,
        "EBITDA": NaN,
        "EBIT": NaN,
        "Net Interest Income": NaN,
        "Interest Expense": NaN,
        "Interest Income": NaN,
        "Normalized Income": NaN,
        "Net Income From Continuing And Discontinued Operation": NaN,
        "Total Expenses": NaN,
        "Diluted Average Shares": NaN,
        "Basic Average Shares": NaN,
        "Diluted EPS": NaN,
        "Basic EPS": NaN,
        "Diluted NI Availto Com Stockholders": NaN,
        "Average Dilution Earnings": 13000.0,
        "Net Income Common Stockholders": NaN,
        "Otherunder Preferred Stock Dividend": 4501000.0,
        "Net Income": NaN,
        "Minority Interests": NaN,
        "Net Income Including Noncontrolling Interests": NaN,
        "Net Income Continuous Operations": NaN,
        "Tax Provision": NaN,
        "Pretax Income": NaN,
        "Other Income Expense": NaN,
        "Special Income Charges": 0.0,
        "Write Off": 0.0,
        "Earnings From Equity Interest": NaN,
        "Net Non Operating Interest Income Expense": NaN,
        "Total Other Finance Cost": -14133000.0,
        "Interest Expense Non Operating": NaN,
        "Interest Income Non Operating": NaN,
        "Operating Income": NaN,
        "Operating Expense": NaN,
        "Selling General And Administration": NaN,
        "Gross Profit": NaN,
        "Cost Of Revenue": NaN,
        "Total Revenue": NaN,
        "Operating Revenue": NaN
    },
    "2023-12-31": {
        "Tax Effect Of Unusual Items": 0.0,
        "Tax Rate For Calcs": 0.190405,
        "Normalized EBITDA": 1638547000.0,
        "Total Unusual Items": NaN,
        "Total Unusual Items Excluding Goodwill": NaN,
        "Net Income From Continuing Operation Net Minority Interest": 785399000.0,
        "Reconciled Depreciation": 311461000.0,
        "Reconciled Cost Of Revenue": 6310813000.0,
        "EBITDA": 1638547000.0,
        "EBIT": 1327086000.0,
        "Net Interest Income": 30280000.0,
        "Interest Expense": NaN,
        "Interest Income": NaN,
        "Normalized Income": 785399000.0,
        "Net Income From Continuing And Discontinued Operation": 785399000.0,
        "Total Expenses": 6665814000.0,
        "Diluted Average Shares": 247249000.0,
        "Basic Average Shares": 246868000.0,
        "Diluted EPS": 3.16,
        "Basic EPS": 3.17,
        "Diluted NI Availto Com Stockholders": 768502000.0,
        "Average Dilution Earnings": NaN,
        "Net Income Common Stockholders": 768453000.0,
        "Otherunder Preferred Stock Dividend": NaN,
        "Net Income": 785399000.0,
        "Minority Interests": -87433000.0,
        "Net Income Including Noncontrolling Interests": 872832000.0,
        "Net Income Continuous Operations": 872832000.0,
        "Tax Provision": 205277000.0,
        "Pretax Income": 1078109000.0,
        "Other Income Expense": 9112000.0,
        "Special Income Charges": NaN,
        "Write Off": NaN,
        "Earnings From Equity Interest": 9112000.0,
        "Net Non Operating Interest Income Expense": 30280000.0,
        "Total Other Finance Cost": NaN,
        "Interest Expense Non Operating": NaN,
        "Interest Income Non Operating": NaN,
        "Operating Income": 1038717000.0,
        "Operating Expense": 355001000.0,
        "Selling General And Administration": 355001000.0,
        "Gross Profit": 1393718000.0,
        "Cost Of Revenue": 6310813000.0,
        "Total Revenue": 7704531000.0,
        "Operating Revenue": 7704531000.0
    },
    "2024-03-31": {
        "Tax Effect Of Unusual Items": NaN,
        "Tax Rate For Calcs": NaN,
        "Normalized EBITDA": NaN,
        "Total Unusual Items": NaN,
        "Total Unusual Items Excluding Goodwill": NaN,
        "Net Income From Continuing Operation Net Minority Interest": NaN,
        "Reconciled Depreciation": NaN,
        "Reconciled Cost Of Revenue": NaN,
        "EBITDA": NaN,
        "EBIT": NaN,
        "Net Interest Income": NaN,
        "Interest Expense": NaN,
        "Interest Income": NaN,
        "Normalized Income": NaN,
        "Net Income From Continuing And Discontinued Operation": NaN,
        "Total Expenses": NaN,
        "Diluted Average Shares": NaN,
        "Basic Average Shares": NaN,
        "Diluted EPS": NaN,
        "Basic EPS": NaN,
        "Diluted NI Availto Com Stockholders": NaN,
        "Average Dilution Earnings": 8000.0,
        "Net Income Common Stockholders": NaN,
        "Otherunder Preferred Stock Dividend": NaN,
        "Net Income": NaN,
        "Minority Interests": NaN,
        "Net Income Including Noncontrolling Interests": NaN,
        "Net Income Continuous Operations": NaN,
        "Tax Provision": NaN,
        "Pretax Income": NaN,
        "Other Income Expense": NaN,
        "Special Income Charges": NaN,
        "Write Off": NaN,
        "Earnings From Equity Interest": NaN,
        "Net Non Operating Interest Income Expense": NaN,
        "Interest Expense Non Operating": NaN,
        "Interest Income Non Operating": NaN,
        "Operating Income": NaN,
        "Operating Expense": NaN,
        "Selling General And Administration": NaN,
        "Gross Profit": NaN,
        "Cost Of Revenue": NaN,
        "Total Revenue": NaN,
        "Operating Revenue": NaN
    },
    "2024-06-30": {
        "Tax Effect Of Unusual Items": NaN,
        "Tax Rate For Calcs": NaN,
        "Normalized EBITDA": NaN,
        "Total Unusual Items": NaN,
        "Total Unusual Items Excluding Goodwill": NaN,
        "Net Income From Continuing Operation Net Minority Interest": NaN,
        "Reconciled Depreciation": NaN,
        "Reconciled Cost Of Revenue": NaN,
        "EBITDA": NaN,
        "EBIT": NaN,
        "Net Interest Income": NaN,
        "Interest Expense": NaN,
        "Interest Income": NaN,
        "Normalized Income": NaN,
        "Net Income From Continuing And Discontinued Operation": NaN,
        "Total Expenses": NaN,
        "Diluted Average Shares": NaN,
        "Basic Average Shares": NaN,
        "Diluted EPS": NaN,
        "Basic EPS": NaN,
        "Diluted NI Availto Com Stockholders": NaN,
        "Average Dilution Earnings": 5000.0,
        "Net Income Common Stockholders": NaN,
        "Otherunder Preferred Stock Dividend": 3000000.0,
        "Net Income": NaN,
        "Minority Interests": NaN,
        "Net Income Including Noncontrolling Interests": NaN,
        "Net Income Continuous Operations": NaN,
        "Tax Provision": NaN,
        "Pretax Income": NaN,
        "Other Income Expense": NaN,
        "Special Income Charges": NaN,
        "Write Off": NaN,
        "Earnings From Equity Interest": NaN,
        "Net Non Operating Interest Income Expense": NaN,
        "Interest Expense Non Operating": NaN,
        "Interest Income Non Operating": NaN,
        "Operating Income": NaN,
        "Operating Expense": NaN,
        "Selling General And Administration": NaN,
        "Gross Profit": NaN,
        "Cost Of Revenue": NaN,
        "Total Revenue": NaN,
        "Operating Revenue": NaN
    },
    "2024-09-30": {
        "Tax Effect Of Unusual Items": -27183000.0,
        "Tax Rate For Calcs": 0.221,
        "Normalized EBITDA": 927000000.0,
        "Total Unusual Items": -123000000.0,
        "Total Unusual Items Excluding Goodwill": -123000000.0,
        "Net Income From Continuing Operation Net Minority Interest": 250000000.0,
        "Reconciled Depreciation": 350000000.0,
        "Reconciled Cost Of Revenue": 6686000000.0,
        "EBITDA": 804000000.0,
        "EBIT": 454000000.0,
        "Net Interest Income": -7000000.0,
        "Interest Expense": 65000000.0,
        "Interest Income": 58000000.0,
        "Normalized Income": 345817000.0,
        "Net Income From Continuing And Discontinued Operation": 250000000.0,
        "Total Expenses": 6930000000.0,
        "Diluted Average Shares": NaN,
        "Basic Average Shares": NaN,
        "Diluted EPS": NaN,
        "Basic EPS": NaN,
        "Diluted NI Availto Com Stockholders": 249000000.0,
        "Average Dilution Earnings": 0.0,
        "Net Income Common Stockholders": 249000000.0,
        "Otherunder Preferred Stock Dividend": 1000000.0,
        "Net Income": 250000000.0,
        "Minority Interests": -53000000.0,
        "Net Income Including Noncontrolling Interests": 303000000.0,
        "Net Income Continuous Operations": 303000000.0,
        "Tax Provision": 86000000.0,
        "Pretax Income": 389000000.0,
        "Other Income Expense": -118000000.0,
        "Special Income Charges": -123000000.0,
        "Write Off": 123000000.0,
        "Earnings From Equity Interest": 5000000.0,
        "Net Non Operating Interest Income Expense": -7000000.0,
        "Interest Expense Non Operating": 65000000.0,
        "Interest Income Non Operating": 58000000.0,
        "Operating Income": 514000000.0,
        "Operating Expense": 244000000.0,
        "Selling General And Administration": 244000000.0,
        "Gross Profit": 758000000.0,
        "Cost Of Revenue": 6686000000.0,
        "Total Revenue": 7444000000.0,
        "Operating Revenue": 7444000000.0
    },
    "2024-12-31": {
        "Tax Effect Of Unusual Items": 17356.614039,
        "Tax Rate For Calcs": 0.115711,
        "Normalized EBITDA": 800421000.0,
        "Total Unusual Items": 150000.0,
        "Total Unusual Items Excluding Goodwill": 150000.0,
        "Net Income From Continuing Operation Net Minority Interest": 287032000.0,
        "Reconciled Depreciation": 358063000.0,
        "Reconciled Cost Of Revenue": 6448754000.0,
        "EBITDA": 800571000.0,
        "EBIT": 442508000.0,
        "Net Interest Income": -2811000.0,
        "Interest Expense": 52285000.0,
        "Interest Income": 49474000.0,
        "Normalized Income": 286899356.614039,
        "Net Income From Continuing And Discontinued Operation": 287032000.0,
        "Total Expenses": 6688622000.0,
        "Diluted Average Shares": 234300000.0,
        "Basic Average Shares": 234000000.0,
        "Diluted EPS": 1.22,
        "Basic EPS": 1.22,
        "Diluted NI Availto Com Stockholders": 294578000.0,
        "Average Dilution Earnings": NaN,
        "Net Income Common Stockholders": 294588000.0,
        "Otherunder Preferred Stock Dividend": NaN,
        "Net Income": 287032000.0,
        "Minority Interests": -58038000.0,
        "Net Income Including Noncontrolling Interests": 345070000.0,
        "Net Income Continuous Operations": 345070000.0,
        "Tax Provision": 45153000.0,
        "Pretax Income": 390223000.0,
        "Other Income Expense": 6071000.0,
        "Special Income Charges": 150000.0,
        "Write Off": -150000.0,
        "Earnings From Equity Interest": 5921000.0,
        "Net Non Operating Interest Income Expense": -2811000.0,
        "Interest Expense Non Operating": 52285000.0,
        "Interest Income Non Operating": 49474000.0,
        "Operating Income": 386963000.0,
        "Operating Expense": 239868000.0,
        "Selling General And Administration": 239868000.0,
        "Gross Profit": 626831000.0,
        "Cost Of Revenue": 6448754000.0,
        "Total Revenue": 7075585000.0,
        "Operating Revenue": 7075585000.0
    },
    "2025-03-31": {
        "Tax Effect Of Unusual Items": -6003000.0,
        "Tax Rate For Calcs": 0.207,
        "Normalized EBITDA": 733000000.0,
        "Total Unusual Items": -29000000.0,
        "Total Unusual Items Excluding Goodwill": -29000000.0,
        "Net Income From Continuing Operation Net Minority Interest": 156000000.0,
        "Reconciled Depreciation": 368000000.0,
        "Reconciled Cost Of Revenue": 7225000000.0,
        "EBITDA": 704000000.0,
        "EBIT": 336000000.0,
        "Net Interest Income": -14000000.0,
        "Interest Expense": 51000000.0,
        "Interest Income": 37000000.0,
        "Normalized Income": 178997000.0,
        "Net Income From Continuing And Discontinued Operation": 156000000.0,
        "Total Expenses": 7506000000.0,
        "Diluted Average Shares": 232900000.0,
        "Basic Average Shares": 232700000.0,
        "Diluted EPS": 0.67,
        "Basic EPS": 0.67,
        "Diluted NI Availto Com Stockholders": 156000000.0,
        "Average Dilution Earnings": NaN,
        "Net Income Common Stockholders": 156000000.0,
        "Otherunder Preferred Stock Dividend": 0.0,
        "Net Income": 156000000.0,
        "Minority Interests": -70000000.0,
        "Net Income Including Noncontrolling Interests": 226000000.0,
        "Net Income Continuous Operations": 226000000.0,
        "Tax Provision": 59000000.0,
        "Pretax Income": 285000000.0,
        "Other Income Expense": -25000000.0,
        "Special Income Charges": -29000000.0,
        "Write Off": 29000000.0,
        "Earnings From Equity Interest": 4000000.0,
        "Net Non Operating Interest Income Expense": -14000000.0,
        "Interest Expense Non Operating": 51000000.0,
        "Interest Income Non Operating": 37000000.0,
        "Operating Income": 324000000.0,
        "Operating Expense": 281000000.0,
        "Selling General And Administration": 281000000.0,
        "Gross Profit": 605000000.0,
        "Cost Of Revenue": 7225000000.0,
        "Total Revenue": 7830000000.0,
        "Operating Revenue": 7830000000.0
    },
    "2025-06-30": {
        "Tax Effect Of Unusual Items": -2365000.0,
        "Tax Rate For Calcs": 0.215,
        "Normalized EBITDA": 1325000000.0,
        "Total Unusual Items": -11000000.0,
        "Total Unusual Items Excluding Goodwill": -11000000.0,
        "Net Income From Continuing Operation Net Minority Interest": 603000000.0,
        "Reconciled Depreciation": 366000000.0,
        "Reconciled Cost Of Revenue": 7233000000.0,
        "EBITDA": 1314000000.0,
        "EBIT": 948000000.0,
        "Net Interest Income": -19000000.0,
        "Interest Expense": 49000000.0,
        "Interest Income": 30000000.0,
        "Normalized Income": 611635000.0,
        "Net Income From Continuing And Discontinued Operation": 603000000.0,
        "Total Expenses": 7537000000.0,
        "Diluted Average Shares": 230800000.0,
        "Basic Average Shares": 230600000.0,
        "Diluted EPS": 2.6,
        "Basic EPS": 2.6,
        "Diluted NI Availto Com Stockholders": 600000000.0,
        "Average Dilution Earnings": NaN,
        "Net Income Common Stockholders": 600000000.0,
        "Otherunder Preferred Stock Dividend": 3000000.0,
        "Net Income": 603000000.0,
        "Minority Interests": -103000000.0,
        "Net Income Including Noncontrolling Interests": 706000000.0,
        "Net Income Continuous Operations": 706000000.0,
        "Tax Provision": 193000000.0,
        "Pretax Income": 899000000.0,
        "Other Income Expense": -1000000.0,
        "Special Income Charges": -11000000.0,
        "Write Off": 11000000.0,
        "Earnings From Equity Interest": 10000000.0,
        "Net Non Operating Interest Income Expense": -19000000.0,
        "Interest Expense Non Operating": 49000000.0,
        "Interest Income Non Operating": 30000000.0,
        "Operating Income": 919000000.0,
        "Operating Expense": 304000000.0,
        "Selling General And Administration": 304000000.0,
        "Gross Profit": 1223000000.0,
        "Cost Of Revenue": 7233000000.0,
        "Total Revenue": 8456000000.0,
        "Operating Revenue": 8456000000.0
    },
    "2025-09-30": {
        "Tax Effect Of Unusual Items": 0.0,
        "Tax Rate For Calcs": 0.226,
        "Normalized EBITDA": 1288000000.0,
        "Total Unusual Items": 0.0,
        "Total Unusual Items Excluding Goodwill": 0.0,
        "Net Income From Continuing Operation Net Minority Interest": 607000000.0,
        "Reconciled Depreciation": 367000000.0,
        "Reconciled Cost Of Revenue": 7333000000.0,
        "EBITDA": 1288000000.0,
        "EBIT": 921000000.0,
        "Net Interest Income": -15000000.0,
        "Interest Expense": 38000000.0,
        "Interest Income": 23000000.0,
        "Normalized Income": 607000000.0,
        "Net Income From Continuing And Discontinued Operation": 607000000.0,
        "Total Expenses": 7633000000.0,
        "Diluted Average Shares": 230200000.0,
        "Basic Average Shares": 229900000.0,
        "Diluted EPS": 2.63,
        "Basic EPS": 2.63,
        "Diluted NI Availto Com Stockholders": 605000000.0,
        "Average Dilution Earnings": NaN,
        "Net Income Common Stockholders": 605000000.0,
        "Otherunder Preferred Stock Dividend": 2000000.0,
        "Net Income": 607000000.0,
        "Minority Interests": -76000000.0,
        "Net Income Including Noncontrolling Interests": 683000000.0,
        "Net Income Continuous Operations": 683000000.0,
        "Tax Provision": 200000000.0,
        "Pretax Income": 883000000.0,
        "Other Income Expense": 10000000.0,
        "Special Income Charges": 0.0,
        "Write Off": 0.0,
        "Earnings From Equity Interest": 10000000.0,
        "Net Non Operating Interest Income Expense": -15000000.0,
        "Interest Expense Non Operating": 38000000.0,
        "Interest Income Non Operating": 23000000.0,
        "Operating Income": 888000000.0,
        "Operating Expense": 300000000.0,
        "Selling General And Administration": 300000000.0,
        "Gross Profit": 1188000000.0,
        "Cost Of Revenue": 7333000000.0,
        "Total Revenue": 8521000000.0,
        "Operating Revenue": 8521000000.0
    },
    "2025-12-31": {
        "Tax Effect Of Unusual Items": NaN,
        "Tax Rate For Calcs": NaN,
        "Normalized EBITDA": NaN,
        "Total Unusual Items": NaN,
        "Total Unusual Items Excluding Goodwill": NaN,
        "Net Income From Continuing Operation Net Minority Interest": NaN,
        "Reconciled Depreciation": NaN,
        "Reconciled Cost Of Revenue": NaN,
        "EBITDA": NaN,
        "EBIT": NaN,
        "Net Interest Income": NaN,
        "Interest Expense": NaN,
        "Interest Income": NaN,
        "Normalized Income": NaN,
        "Net Income From Continuing And Discontinued Operation": NaN,
        "Total Expenses": NaN,
        "Diluted Average Shares": 229600000.0,
        "Basic Average Shares": 229300000.0,
        "Diluted EPS": 1.64,
        "Basic EPS": 1.64,
        "Diluted NI Availto Com Stockholders": NaN,
        "Average Dilution Earnings": NaN,
        "Net Income Common Stockholders": NaN,
        "Otherunder Preferred Stock Dividend": NaN,
        "Net Income": NaN,
        "Minority Interests": NaN,
        "Net Income Including Noncontrolling Interests": NaN,
        "Net Income Continuous Operations": NaN,
        "Tax Provision": NaN,
        "Pretax Income": NaN,
        "Other Income Expense": NaN,
        "Special Income Charges": NaN,
        "Write Off": NaN,
        "Earnings From Equity Interest": NaN,
        "Net Non Operating Interest Income Expense": NaN,
        "Interest Expense Non Operating": NaN,
        "Interest Income Non Operating": NaN,
        "Operating Income": NaN,
        "Operating Expense": NaN,
        "Selling General And Administration": NaN,
        "Gross Profit": NaN,
        "Cost Of Revenue": NaN,
        "Total Revenue": NaN,
        "Operating Revenue": NaN
    }
}