{
    "2023-06-30": {
        "Tax Effect Of Unusual Items": 0.0,
        "Tax Rate For Calcs": 0.0,
        "Normalized EBITDA": -1555146.0,
        "Net Income From Continuing Operation Net Minority Interest": -1537029.0,
        "Reconciled Depreciation": 68309.0,
        "Reconciled Cost Of Revenue": 536486.0,
        "EBITDA": -1555146.0,
        "EBIT": -1623455.0,
        "Net Interest Income": 86426.0,
        "Interest Income": 86426.0,
        "Normalized Income": -1537029.0,
        "Net Income From Continuing And Discontinued Operation": -1537029.0,
        "Total Expenses": 3279199.0,
        "Total Operating Income As Reported": -1623455.0,
        "Diluted Average Shares": 985719.0,
        "Basic Average Shares": 985719.0,
        "Diluted EPS": -1.56,
        "Basic EPS": -1.56,
        "Diluted NI Availto Com Stockholders": -1537029.0,
        "Net Income Common Stockholders": -1537029.0,
        "Net Income": -1537029.0,
        "Net Income Including Noncontrolling Interests": -1537029.0,
        "Net Income Continuous Operations": -1537029.0,
        "Pretax Income": -1537029.0,
        "Other Income Expense": 86426.0,
        "Other Non Operating Income Expenses": 86426.0,
        "Net Non Operating Interest Income Expense": 86426.0,
        "Interest Income Non Operating": 86426.0,
        "Operating Income": -1623455.0,
        "Operating Expense": 2742713.0,
        "Research And Development": 753509.0,
        "Selling General And Administration": 1989204.0,
        "Selling And Marketing Expense": 744963.0,
        "General And Administrative Expense": 1244241.0,
        "Other Gand A": 1244241.0,
        "Gross Profit": 1119258.0,
        "Cost Of Revenue": 536486.0,
        "Total Revenue": 1655744.0,
        "Operating Revenue": 1655744.0
    },
    "2023-03-31": {
        "Tax Effect Of Unusual Items": 0.0,
        "Tax Rate For Calcs": 0.0,
        "Normalized EBITDA": -1699847.0,
        "Net Income From Continuing Operation Net Minority Interest": -1574174.0,
        "Reconciled Depreciation": 10222.0,
        "Reconciled Cost Of Revenue": 526372.0,
        "EBITDA": -1699847.0,
        "EBIT": -1710069.0,
        "Net Interest Income": 135895.0,
        "Interest Income": 135895.0,
        "Normalized Income": -1574174.0,
        "Net Income From Continuing And Discontinued Operation": -1574174.0,
        "Total Expenses": 3434840.0,
        "Total Operating Income As Reported": -1710069.0,
        "Diluted Average Shares": 961153.0,
        "Basic Average Shares": 961153.0,
        "Diluted EPS": -1.64,
        "Basic EPS": -1.64,
        "Diluted NI Availto Com Stockholders": -1574174.0,
        "Net Income Common Stockholders": -1574174.0,
        "Net Income": -1574174.0,
        "Net Income Including Noncontrolling Interests": -1574174.0,
        "Net Income Continuous Operations": -1574174.0,
        "Pretax Income": -1574174.0,
        "Other Income Expense": 135895.0,
        "Other Non Operating Income Expenses": 135895.0,
        "Net Non Operating Interest Income Expense": 135895.0,
        "Interest Income Non Operating": 135895.0,
        "Operating Income": -1710069.0,
        "Operating Expense": 2908468.0,
        "Research And Development": 699425.0,
        "Selling General And Administration": 2209043.0,
        "Selling And Marketing Expense": 815872.0,
        "General And Administrative Expense": 1393171.0,
        "Other Gand A": 1393171.0,
        "Gross Profit": 1198399.0,
        "Cost Of Revenue": 526372.0,
        "Total Revenue": 1724771.0,
        "Operating Revenue": 1724771.0
    },
    "2022-12-31": {
        "Tax Effect Of Unusual Items": 0.0,
        "Tax Rate For Calcs": 0.0,
        "Normalized EBITDA": -846246.0,
        "Net Income From Continuing Operation Net Minority Interest": -691870.0,
        "Reconciled Depreciation": 10221.0,
        "Reconciled Cost Of Revenue": 617267.0,
        "EBITDA": -846246.0,
        "EBIT": -856467.0,
        "Net Interest Income": NaN,
        "Interest Income": NaN,
        "Normalized Income": -691870.0,
        "Net Income From Continuing And Discontinued Operation": -691870.0,
        "Total Expenses": 2703845.0,
        "Total Operating Income As Reported": -856467.0,
        "Diluted Average Shares": 973219.0,
        "Basic Average Shares": 973219.0,
        "Diluted EPS": -0.710909,
        "Basic EPS": -0.710909,
        "Diluted NI Availto Com Stockholders": -691870.0,
        "Net Income Common Stockholders": -691870.0,
        "Net Income": -691870.0,
        "Net Income Including Noncontrolling Interests": -691870.0,
        "Net Income Continuous Operations": -691870.0,
        "Pretax Income": -691870.0,
        "Other Income Expense": NaN,
        "Other Non Operating Income Expenses": NaN,
        "Net Non Operating Interest Income Expense": NaN,
        "Interest Income Non Operating": NaN,
        "Operating Income": -856467.0,
        "Operating Expense": 2086578.0,
        "Research And Development": 538395.0,
        "Selling General And Administration": 1548183.0,
        "Selling And Marketing Expense": 629969.0,
        "General And Administrative Expense": 918214.0,
        "Other Gand A": 918214.0,
        "Gross Profit": 1230111.0,
        "Cost Of Revenue": 617267.0,
        "Total Revenue": 1847378.0,
        "Operating Revenue": 1847378.0
    },
    "2022-09-30": {
        "Tax Effect Of Unusual Items": NaN,
        "Tax Rate For Calcs": NaN,
        "Normalized EBITDA": NaN,
        "Net Income From Continuing Operation Net Minority Interest": NaN,
        "Reconciled Depreciation": NaN,
        "Reconciled Cost Of Revenue": NaN,
        "EBITDA": NaN,
        "EBIT": NaN,
        "Net Interest Income": 106737.0,
        "Interest Income": 106737.0,
        "Normalized Income": NaN,
        "Net Income From Continuing And Discontinued Operation": NaN,
        "Total Expenses": NaN,
        "Total Operating Income As Reported": NaN,
        "Diluted Average Shares": NaN,
        "Basic Average Shares": NaN,
        "Diluted EPS": NaN,
        "Basic EPS": NaN,
        "Diluted NI Availto Com Stockholders": NaN,
        "Net Income Common Stockholders": NaN,
        "Net Income": NaN,
        "Net Income Including Noncontrolling Interests": NaN,
        "Net Income Continuous Operations": NaN,
        "Pretax Income": NaN,
        "Other Income Expense": NaN,
        "Other Non Operating Income Expenses": NaN,
        "Net Non Operating Interest Income Expense": 106737.0,
        "Interest Income Non Operating": 106737.0,
        "Operating Income": NaN,
        "Operating Expense": NaN,
        "Research And Development": NaN,
        "Selling General And Administration": NaN,
        "Selling And Marketing Expense": NaN,
        "General And Administrative Expense": NaN,
        "Other Gand A": NaN,
        "Gross Profit": NaN,
        "Cost Of Revenue": NaN,
        "Total Revenue": NaN,
        "Operating Revenue": NaN
    },
    "2022-06-30": {
        "Tax Effect Of Unusual Items": 0.0,
        "Tax Rate For Calcs": 0.0,
        "Normalized EBITDA": -1196918.0,
        "Net Income From Continuing Operation Net Minority Interest": -1159923.0,
        "Reconciled Depreciation": 13400.0,
        "Reconciled Cost Of Revenue": 686121.0,
        "EBITDA": -1196918.0,
        "EBIT": -1210318.0,
        "Normalized Income": -1159923.0,
        "Net Income From Continuing And Discontinued Operation": -1159923.0,
        "Total Expenses": 3348619.0,
        "Total Operating Income As Reported": -1210318.0,
        "Diluted Average Shares": 6995959.0,
        "Basic Average Shares": 6995959.0,
        "Diluted EPS": -0.17,
        "Basic EPS": -0.17,
        "Diluted NI Availto Com Stockholders": -1159923.0,
        "Net Income Common Stockholders": -1159923.0,
        "Net Income": -1159923.0,
        "Net Income Including Noncontrolling Interests": -1159923.0,
        "Net Income Continuous Operations": -1159923.0,
        "Pretax Income": -1159923.0,
        "Other Income Expense": 50395.0,
        "Other Non Operating Income Expenses": 50395.0,
        "Operating Income": -1210318.0,
        "Operating Expense": 2662498.0,
        "Research And Development": 915799.0,
        "Selling General And Administration": 1746699.0,
        "Selling And Marketing Expense": 566598.0,
        "General And Administrative Expense": 1180101.0,
        "Other Gand A": 1180101.0,
        "Gross Profit": 1452180.0,
        "Cost Of Revenue": 686121.0,
        "Total Revenue": 2138301.0,
        "Operating Revenue": 2138301.0
    },
    "2022-03-31": {
        "Diluted EPS": -0.14,
        "Total Revenue": 2,
        "Gross Profit": 2,
        "Operating Income": -1,
        "EBIT": -1,
        "Net Income": -1
    },
    "2021-12-31": {
        "Diluted EPS": -0.18,
        "Total Revenue": 2,
        "Gross Profit": 1,
        "Operating Income": -1,
        "EBIT": -1,
        "Net Income": -1
    },
    "2021-09-30": {
        "Diluted EPS": -0.12,
        "Total Revenue": 2,
        "Gross Profit": 1,
        "Operating Income": -1,
        "EBIT": -1,
        "Net Income": -1
    },
    "2021-06-30": {
        "Diluted EPS": -0.13,
        "Total Revenue": 2,
        "Gross Profit": 2,
        "Operating Income": -1,
        "EBIT": 0,
        "Net Income": -1
    },
    "2021-03-31": {
        "Diluted EPS": -0.02,
        "Total Revenue": 2,
        "Gross Profit": 2,
        "Operating Income": 0,
        "EBIT": 0,
        "Net Income": 0
    },
    "2020-12-31": {
        "Diluted EPS": 0.11,
        "Total Revenue": 2,
        "Gross Profit": 1,
        "Operating Income": 0,
        "EBIT": 0,
        "Net Income": 0
    },
    "2020-09-30": {
        "Diluted EPS": -0.07,
        "Total Revenue": 2,
        "Gross Profit": 1,
        "Operating Income": 0,
        "EBIT": 0,
        "Net Income": 0
    },
    "2020-06-30": {
        "Diluted EPS": -0.28,
        "Total Revenue": 1,
        "Gross Profit": 1,
        "Operating Income": -1,
        "EBIT": -1,
        "Net Income": -1
    },
    "2020-03-31": {
        "Diluted EPS": -0.45,
        "Total Revenue": 2,
        "Gross Profit": 2,
        "Operating Income": -1,
        "EBIT": -1,
        "Net Income": -1
    },
    "2019-12-31": {
        "Diluted EPS": -0.21,
        "Total Revenue": 2,
        "Gross Profit": 1,
        "Operating Income": -2,
        "EBIT": -2,
        "Net Income": -1
    },
    "2019-09-30": {
        "Diluted EPS": -1.44,
        "Total Revenue": 2,
        "Gross Profit": 1,
        "Operating Income": -1,
        "EBIT": -1,
        "Net Income": -1
    },
    "2019-06-30": {
        "Diluted EPS": -3.72,
        "Total Revenue": 2,
        "Gross Profit": -1,
        "Operating Income": -5,
        "EBIT": -5,
        "Net Income": -3
    },
    "2019-03-31": {
        "Diluted EPS": 1.47,
        "Total Revenue": 3,
        "Gross Profit": 1,
        "Operating Income": -4,
        "EBIT": -4,
        "Net Income": 2
    },
    "2018-12-31": {
        "Diluted EPS": -1.98,
        "Total Revenue": 4,
        "Gross Profit": 2,
        "Operating Income": -3,
        "EBIT": -3,
        "Net Income": -3
    },
    "2018-09-30": {
        "Diluted EPS": 0.8,
        "Total Revenue": 4,
        "Gross Profit": 2,
        "Operating Income": -3,
        "EBIT": -3,
        "Net Income": 1
    },
    "2018-06-30": {
        "Diluted EPS": 0.4,
        "Total Revenue": 4,
        "Gross Profit": 2,
        "Operating Income": -3,
        "EBIT": -3,
        "Net Income": 1
    },
    "2018-03-31": {
        "Diluted EPS": 0.8,
        "Total Revenue": 5,
        "Gross Profit": 2,
        "Operating Income": -4,
        "EBIT": -4,
        "Net Income": 1
    },
    "2017-12-31": {
        "Diluted EPS": 12.72,
        "Total Revenue": 5,
        "Gross Profit": 2,
        "Operating Income": -3,
        "EBIT": -3,
        "Net Income": -3
    },
    "2017-09-30": {
        "Diluted EPS": -31.1,
        "Total Revenue": 4,
        "Gross Profit": 2,
        "Operating Income": -4,
        "EBIT": -3,
        "Net Income": -6
    },
    "2017-06-30": {
        "Diluted EPS": -24.9,
        "Total Revenue": 4,
        "Gross Profit": 2,
        "Operating Income": -3,
        "EBIT": -3,
        "Net Income": -3
    },
    "2017-03-31": {
        "Diluted EPS": -72.7,
        "Total Revenue": 4,
        "Gross Profit": 2,
        "Operating Income": -3,
        "EBIT": -3,
        "Net Income": -7
    },
    "2016-12-31": {
        "Diluted EPS": -11.2,
        "Total Revenue": 4,
        "Gross Profit": 2,
        "Operating Income": -3,
        "EBIT": -3,
        "Net Income": -3
    },
    "2016-09-30": {
        "Diluted EPS": -61.1,
        "Total Revenue": 3,
        "Gross Profit": 1,
        "Operating Income": -4,
        "EBIT": -4,
        "Net Income": -4
    },
    "2016-06-30": {
        "Diluted EPS": -429.8,
        "Total Revenue": 3,
        "Gross Profit": 1,
        "Operating Income": -4,
        "EBIT": -4,
        "Net Income": -24
    },
    "2016-03-31": {
        "Diluted EPS": -80.0,
        "Total Revenue": 2,
        "Gross Profit": 1,
        "Operating Income": -4,
        "EBIT": -4,
        "Net Income": -4
    },
    "2015-12-31": {
        "Diluted EPS": -289.6,
        "Total Revenue": 3,
        "Gross Profit": 1,
        "Operating Income": -3,
        "EBIT": -3,
        "Net Income": -11
    },
    "2015-09-30": {
        "Diluted EPS": -84.8,
        "Total Revenue": 2,
        "Gross Profit": 1,
        "Operating Income": -3,
        "EBIT": -3,
        "Net Income": -3
    },
    "2015-06-30": {
        "Diluted EPS": -165.6,
        "Total Revenue": 1,
        "Gross Profit": 1,
        "Operating Income": -3,
        "EBIT": -3,
        "Net Income": -5
    },
    "2015-03-31": {
        "Diluted EPS": -80.0,
        "Total Revenue": 1,
        "Gross Profit": 1,
        "Operating Income": -3,
        "EBIT": -3,
        "Net Income": -2
    },
    "2014-12-31": {
        "Diluted EPS": -92.0,
        "Total Revenue": 1,
        "Gross Profit": 1,
        "Operating Income": -2,
        "EBIT": -2,
        "Net Income": -3
    },
    "2014-09-30": {
        "Diluted EPS": -60.8,
        "Total Revenue": 1,
        "Gross Profit": 1,
        "Operating Income": -2,
        "EBIT": -2,
        "Net Income": -1
    },
    "2014-06-30": {
        "Diluted EPS": -272.0,
        "Total Revenue": 1,
        "Gross Profit": 1,
        "Operating Income": -3,
        "EBIT": -3,
        "Net Income": -5
    },
    "2014-03-31": {
        "Diluted EPS": -67.2,
        "Total Revenue": 1,
        "Gross Profit": 1,
        "Operating Income": -2,
        "EBIT": -2,
        "Net Income": -1
    },
    "2013-12-31": {
        "Diluted EPS": -265.6,
        "Total Revenue": 1,
        "Gross Profit": 1,
        "Operating Income": -1,
        "EBIT": -1,
        "Net Income": -4
    },
    "2013-09-30": {
        "Diluted EPS": -83.2,
        "Total Revenue": 1,
        "Gross Profit": 1,
        "Operating Income": -2,
        "EBIT": -2,
        "Net Income": -1
    },
    "2013-06-30": {
        "Diluted EPS": -294.4,
        "Total Revenue": 1,
        "Gross Profit": 1,
        "Operating Income": -2,
        "EBIT": -2,
        "Net Income": -2
    },
    "2013-03-31": {
        "Diluted EPS": -339.2,
        "Total Revenue": 1,
        "Gross Profit": 1,
        "Operating Income": -2,
        "EBIT": -2,
        "Net Income": -2
    },
    "2012-12-31": {
        "Diluted EPS": -214.4,
        "Total Revenue": 2,
        "Gross Profit": 1,
        "Operating Income": -2,
        "EBIT": -2,
        "Net Income": -2
    },
    "2012-09-30": {
        "Diluted EPS": -396.8,
        "Total Revenue": 2,
        "Gross Profit": 1,
        "Operating Income": -3,
        "EBIT": -2,
        "Net Income": -3
    },
    "2012-06-30": {
        "Diluted EPS": -422.4,
        "Total Revenue": 2,
        "Gross Profit": 1,
        "Operating Income": -3,
        "EBIT": -3,
        "Net Income": -3
    },
    "2012-03-31": {
        "Diluted EPS": -636.8,
        "Total Revenue": 2,
        "Gross Profit": 1,
        "Operating Income": -3,
        "EBIT": -3,
        "Net Income": -3
    },
    "2011-12-31": {
        "Diluted EPS": NaN,
        "Total Revenue": 2,
        "Gross Profit": 1,
        "Operating Income": -2,
        "EBIT": -2,
        "Net Income": -2
    },
    "2011-09-30": {
        "Diluted EPS": NaN,
        "Total Revenue": 3,
        "Gross Profit": 1,
        "Operating Income": -2,
        "EBIT": -2,
        "Net Income": -2
    },
    "2011-06-30": {
        "Diluted EPS": NaN,
        "Total Revenue": 3,
        "Gross Profit": 1,
        "Operating Income": -2,
        "EBIT": -2,
        "Net Income": -2
    },
    "2011-03-31": {
        "Diluted EPS": NaN,
        "Total Revenue": 3,
        "Gross Profit": 2,
        "Operating Income": -3,
        "EBIT": -3,
        "Net Income": -3
    },
    "2010-12-31": {
        "Diluted EPS": NaN,
        "Total Revenue": 3,
        "Gross Profit": 0,
        "Operating Income": -4,
        "EBIT": -4,
        "Net Income": -4
    },
    "2010-09-30": {
        "Diluted EPS": NaN,
        "Total Revenue": 3,
        "Gross Profit": 2,
        "Operating Income": -4,
        "EBIT": -3,
        "Net Income": -3
    },
    "2010-06-30": {
        "Diluted EPS": NaN,
        "Total Revenue": 4,
        "Gross Profit": 2,
        "Operating Income": -5,
        "EBIT": -4,
        "Net Income": -5
    },
    "2010-03-31": {
        "Diluted EPS": NaN,
        "Total Revenue": 4,
        "Gross Profit": 2,
        "Operating Income": -5,
        "EBIT": -5,
        "Net Income": -5
    },
    "2009-12-31": {
        "Diluted EPS": 919.6,
        "Total Revenue": 6,
        "Gross Profit": 4,
        "Operating Income": -2,
        "EBIT": -2,
        "Net Income": 0
    },
    "2009-09-30": {
        "Diluted EPS": NaN,
        "Total Revenue": 6,
        "Gross Profit": 4,
        "Operating Income": -2,
        "EBIT": -2,
        "Net Income": -9
    },
    "2009-06-30": {
        "Diluted EPS": NaN,
        "Total Revenue": 7,
        "Gross Profit": 5,
        "Operating Income": -2,
        "EBIT": -2,
        "Net Income": -2
    },
    "2009-03-31": {
        "Diluted EPS": NaN,
        "Total Revenue": 7,
        "Gross Profit": 5,
        "Operating Income": -1,
        "EBIT": -1,
        "Net Income": -1
    },
    "2023-09-30": {
        "Tax Effect Of Unusual Items": NaN,
        "Tax Rate For Calcs": NaN,
        "Normalized EBITDA": NaN,
        "Net Income From Continuing Operation Net Minority Interest": NaN,
        "Reconciled Depreciation": NaN,
        "Reconciled Cost Of Revenue": NaN,
        "EBITDA": NaN,
        "EBIT": NaN,
        "Net Interest Income": NaN,
        "Interest Income": NaN,
        "Normalized Income": NaN,
        "Net Income From Continuing And Discontinued Operation": NaN,
        "Total Expenses": NaN,
        "Total Operating Income As Reported": NaN,
        "Diluted Average Shares": 1052820.0,
        "Basic Average Shares": 1052820.0,
        "Diluted EPS": -1.68,
        "Basic EPS": -1.68,
        "Diluted NI Availto Com Stockholders": NaN,
        "Net Income Common Stockholders": NaN,
        "Net Income": NaN,
        "Net Income Including Noncontrolling Interests": NaN,
        "Net Income Continuous Operations": NaN,
        "Pretax Income": NaN,
        "Other Income Expense": NaN,
        "Other Non Operating Income Expenses": NaN,
        "Net Non Operating Interest Income Expense": NaN,
        "Interest Income Non Operating": NaN,
        "Operating Income": NaN,
        "Operating Expense": NaN,
        "Research And Development": NaN,
        "Selling General And Administration": NaN,
        "Selling And Marketing Expense": NaN,
        "General And Administrative Expense": NaN,
        "Other Gand A": NaN,
        "Gross Profit": NaN,
        "Cost Of Revenue": NaN,
        "Total Revenue": NaN,
        "Operating Revenue": NaN
    },
    "2023-12-31": {
        "Tax Effect Of Unusual Items": 0.0,
        "Tax Rate For Calcs": 0.0,
        "Normalized EBITDA": -1832344.0,
        "Net Income From Continuing Operation Net Minority Interest": -1649547.0,
        "Reconciled Depreciation": 24755.0,
        "Reconciled Cost Of Revenue": 469772.0,
        "EBITDA": -1832344.0,
        "EBIT": -1857099.0,
        "Net Interest Income": 9406.0,
        "Interest Income": 9406.0,
        "Normalized Income": -1649547.0,
        "Net Income From Continuing And Discontinued Operation": -1649547.0,
        "Total Expenses": 3174845.0,
        "Total Operating Income As Reported": -1857099.0,
        "Diluted Average Shares": 1524939.0,
        "Basic Average Shares": 1524939.0,
        "Diluted EPS": -1.081713,
        "Basic EPS": -1.081713,
        "Diluted NI Availto Com Stockholders": -1649547.0,
        "Net Income Common Stockholders": -1649547.0,
        "Net Income": -1649547.0,
        "Net Income Including Noncontrolling Interests": -1649547.0,
        "Net Income Continuous Operations": -1649547.0,
        "Pretax Income": -1649547.0,
        "Other Income Expense": 198146.0,
        "Other Non Operating Income Expenses": 198146.0,
        "Net Non Operating Interest Income Expense": 9406.0,
        "Interest Income Non Operating": 9406.0,
        "Operating Income": -1857099.0,
        "Operating Expense": 2705073.0,
        "Research And Development": 732372.0,
        "Selling General And Administration": 1972701.0,
        "Selling And Marketing Expense": 860635.0,
        "General And Administrative Expense": 1112066.0,
        "Other Gand A": 1112066.0,
        "Gross Profit": 847974.0,
        "Cost Of Revenue": 469772.0,
        "Total Revenue": 1317746.0,
        "Operating Revenue": 1317746.0
    },
    "2024-03-31": {
        "Tax Effect Of Unusual Items": 0.0,
        "Tax Rate For Calcs": 0.0,
        "Normalized EBITDA": -3229083.0,
        "Net Income From Continuing Operation Net Minority Interest": -3029574.0,
        "Reconciled Depreciation": 24908.0,
        "Reconciled Cost Of Revenue": 576539.0,
        "EBITDA": -3229083.0,
        "EBIT": -3253991.0,
        "Net Interest Income": 19162.0,
        "Interest Income": 19162.0,
        "Normalized Income": -3029574.0,
        "Net Income From Continuing And Discontinued Operation": -3029574.0,
        "Total Expenses": 4347547.0,
        "Total Operating Income As Reported": -3253991.0,
        "Diluted Average Shares": 1812455.0,
        "Basic Average Shares": 1812455.0,
        "Diluted EPS": -1.67,
        "Basic EPS": -1.67,
        "Diluted NI Availto Com Stockholders": -3029574.0,
        "Net Income Common Stockholders": -3029574.0,
        "Net Income": -3029574.0,
        "Net Income Including Noncontrolling Interests": -3029574.0,
        "Net Income Continuous Operations": -3029574.0,
        "Pretax Income": -3029574.0,
        "Other Income Expense": 205255.0,
        "Other Non Operating Income Expenses": 205255.0,
        "Net Non Operating Interest Income Expense": 19162.0,
        "Interest Income Non Operating": 19162.0,
        "Operating Income": -3253991.0,
        "Operating Expense": 3771008.0,
        "Research And Development": 943552.0,
        "Selling General And Administration": 2827456.0,
        "Selling And Marketing Expense": 1061729.0,
        "General And Administrative Expense": 1765727.0,
        "Other Gand A": 1765727.0,
        "Gross Profit": 517017.0,
        "Cost Of Revenue": 576539.0,
        "Total Revenue": 1093556.0,
        "Operating Revenue": 1093556.0
    },
    "2024-06-30": {
        "Tax Effect Of Unusual Items": 0.0,
        "Tax Rate For Calcs": 0.0,
        "Normalized EBITDA": -1736758.0,
        "Net Income From Continuing Operation Net Minority Interest": -1487932.0,
        "Reconciled Depreciation": 91897.0,
        "Reconciled Cost Of Revenue": 277229.0,
        "EBITDA": -1736758.0,
        "EBIT": -1828655.0,
        "Net Interest Income": 13005.0,
        "Interest Income": 13005.0,
        "Normalized Income": -1487932.0,
        "Net Income From Continuing And Discontinued Operation": -1487932.0,
        "Total Expenses": 2597803.0,
        "Total Operating Income As Reported": -1828655.0,
        "Diluted Average Shares": 2001400.0,
        "Basic Average Shares": 2001400.0,
        "Diluted EPS": -0.74,
        "Basic EPS": -0.74,
        "Diluted NI Availto Com Stockholders": -1487932.0,
        "Net Income Common Stockholders": -1487932.0,
        "Net Income": -1487932.0,
        "Net Income Including Noncontrolling Interests": -1487932.0,
        "Net Income Continuous Operations": -1487932.0,
        "Pretax Income": -1487932.0,
        "Other Income Expense": 327718.0,
        "Other Non Operating Income Expenses": 327718.0,
        "Net Non Operating Interest Income Expense": 13005.0,
        "Interest Income Non Operating": 13005.0,
        "Operating Income": -1828655.0,
        "Operating Expense": 2320574.0,
        "Research And Development": 266932.0,
        "Selling General And Administration": 2053642.0,
        "Selling And Marketing Expense": 435014.0,
        "General And Administrative Expense": 1618628.0,
        "Other Gand A": 1618628.0,
        "Gross Profit": 491919.0,
        "Cost Of Revenue": 277229.0,
        "Total Revenue": 769148.0,
        "Operating Revenue": 769148.0
    },
    "2024-09-30": {
        "Tax Effect Of Unusual Items": 0.0,
        "Tax Rate For Calcs": 0.0,
        "Normalized EBITDA": -1682184.0,
        "Net Income From Continuing Operation Net Minority Interest": -1508226.0,
        "Reconciled Depreciation": 59864.0,
        "Reconciled Cost Of Revenue": 275357.0,
        "EBITDA": -1682184.0,
        "EBIT": -1742048.0,
        "Net Interest Income": 8412.0,
        "Interest Income": 8412.0,
        "Normalized Income": -1508226.0,
        "Net Income From Continuing And Discontinued Operation": -1508226.0,
        "Total Expenses": 2329362.0,
        "Total Operating Income As Reported": -1742048.0,
        "Diluted Average Shares": 2023280.0,
        "Basic Average Shares": 2023280.0,
        "Diluted EPS": -0.75,
        "Basic EPS": -0.75,
        "Diluted NI Availto Com Stockholders": -1508226.0,
        "Net Income Common Stockholders": -1508226.0,
        "Net Income": -1508226.0,
        "Net Income Including Noncontrolling Interests": -1508226.0,
        "Net Income Continuous Operations": -1508226.0,
        "Pretax Income": -1508226.0,
        "Other Income Expense": 225410.0,
        "Other Non Operating Income Expenses": 225410.0,
        "Net Non Operating Interest Income Expense": 8412.0,
        "Interest Income Non Operating": 8412.0,
        "Operating Income": -1742048.0,
        "Operating Expense": 2054005.0,
        "Research And Development": 299739.0,
        "Selling General And Administration": 1754266.0,
        "Selling And Marketing Expense": 441171.0,
        "General And Administrative Expense": 1313095.0,
        "Other Gand A": 1313095.0,
        "Gross Profit": 311957.0,
        "Cost Of Revenue": 275357.0,
        "Total Revenue": 587314.0,
        "Operating Revenue": 587314.0
    },
    "2024-12-31": {
        "Tax Effect Of Unusual Items": 0.0,
        "Tax Rate For Calcs": 0.0,
        "Normalized EBITDA": -1901029.0,
        "Net Income From Continuing Operation Net Minority Interest": -1780323.0,
        "Reconciled Depreciation": 56314.0,
        "Reconciled Cost Of Revenue": 224045.0,
        "EBITDA": -1901029.0,
        "EBIT": -1957343.0,
        "Net Interest Income": 6246.0,
        "Interest Income": 6246.0,
        "Normalized Income": -1780323.0,
        "Net Income From Continuing And Discontinued Operation": -1780323.0,
        "Total Expenses": 2540162.0,
        "Total Operating Income As Reported": -1957343.0,
        "Diluted Average Shares": NaN,
        "Basic Average Shares": NaN,
        "Diluted EPS": NaN,
        "Basic EPS": NaN,
        "Diluted NI Availto Com Stockholders": -1780323.0,
        "Net Income Common Stockholders": -1780323.0,
        "Net Income": -1780323.0,
        "Net Income Including Noncontrolling Interests": -1780323.0,
        "Net Income Continuous Operations": -1780323.0,
        "Pretax Income": -1780323.0,
        "Other Income Expense": 170774.0,
        "Other Non Operating Income Expenses": 170774.0,
        "Net Non Operating Interest Income Expense": 6246.0,
        "Interest Income Non Operating": 6246.0,
        "Operating Income": -1957343.0,
        "Operating Expense": 2316117.0,
        "Research And Development": 282387.0,
        "Selling General And Administration": 2033730.0,
        "Selling And Marketing Expense": 399730.0,
        "General And Administrative Expense": 1634000.0,
        "Other Gand A": 1634000.0,
        "Gross Profit": 358774.0,
        "Cost Of Revenue": 224045.0,
        "Total Revenue": 582819.0,
        "Operating Revenue": 582819.0
    }
}