{
    "2023-03-31": {
        "Tax Effect Of Unusual Items": NaN,
        "Tax Rate For Calcs": NaN,
        "Normalized EBITDA": NaN,
        "Total Unusual Items": NaN,
        "Total Unusual Items Excluding Goodwill": NaN,
        "Net Income From Continuing Operation Net Minority Interest": NaN,
        "Reconciled Depreciation": NaN,
        "Reconciled Cost Of Revenue": NaN,
        "EBITDA": NaN,
        "EBIT": NaN,
        "Net Interest Income": NaN,
        "Interest Expense": NaN,
        "Normalized Income": NaN,
        "Net Income From Continuing And Discontinued Operation": NaN,
        "Total Expenses": NaN,
        "Total Operating Income As Reported": NaN,
        "Diluted Average Shares": NaN,
        "Basic Average Shares": NaN,
        "Diluted EPS": NaN,
        "Basic EPS": NaN,
        "Diluted NI Availto Com Stockholders": NaN,
        "Net Income Common Stockholders": NaN,
        "Net Income": NaN,
        "Minority Interests": NaN,
        "Net Income Including Noncontrolling Interests": NaN,
        "Net Income Continuous Operations": NaN,
        "Tax Provision": NaN,
        "Pretax Income": NaN,
        "Other Income Expense": NaN,
        "Other Non Operating Income Expenses": NaN,
        "Special Income Charges": NaN,
        "Write Off": NaN,
        "Impairment Of Capital Assets": NaN,
        "Restructuring And Mergern Acquisition": NaN,
        "Gain On Sale Of Security": NaN,
        "Net Non Operating Interest Income Expense": NaN,
        "Interest Expense Non Operating": NaN,
        "Operating Income": NaN,
        "Operating Expense": NaN,
        "Other Operating Expenses": 217266.0,
        "Selling General And Administration": NaN,
        "General And Administrative Expense": NaN,
        "Other Gand A": NaN,
        "Salaries And Wages": NaN,
        "Gross Profit": NaN,
        "Cost Of Revenue": NaN,
        "Total Revenue": NaN,
        "Operating Revenue": NaN
    },
    "2022-12-31": {
        "Tax Effect Of Unusual Items": NaN,
        "Tax Rate For Calcs": NaN,
        "Normalized EBITDA": NaN,
        "Total Unusual Items": NaN,
        "Total Unusual Items Excluding Goodwill": NaN,
        "Net Income From Continuing Operation Net Minority Interest": NaN,
        "Reconciled Depreciation": NaN,
        "Reconciled Cost Of Revenue": NaN,
        "EBITDA": NaN,
        "EBIT": NaN,
        "Net Interest Income": NaN,
        "Interest Expense": NaN,
        "Normalized Income": NaN,
        "Net Income From Continuing And Discontinued Operation": NaN,
        "Total Expenses": NaN,
        "Total Operating Income As Reported": NaN,
        "Diluted Average Shares": NaN,
        "Basic Average Shares": NaN,
        "Diluted EPS": NaN,
        "Basic EPS": NaN,
        "Diluted NI Availto Com Stockholders": NaN,
        "Net Income Common Stockholders": NaN,
        "Net Income": NaN,
        "Minority Interests": NaN,
        "Net Income Including Noncontrolling Interests": NaN,
        "Net Income Continuous Operations": NaN,
        "Tax Provision": NaN,
        "Pretax Income": NaN,
        "Other Income Expense": NaN,
        "Other Non Operating Income Expenses": NaN,
        "Special Income Charges": 10331537.0,
        "Write Off": NaN,
        "Impairment Of Capital Assets": -10331537.0,
        "Restructuring And Mergern Acquisition": 0.0,
        "Gain On Sale Of Security": NaN,
        "Net Non Operating Interest Income Expense": NaN,
        "Interest Expense Non Operating": NaN,
        "Operating Income": NaN,
        "Operating Expense": NaN,
        "Other Operating Expenses": NaN,
        "Selling General And Administration": NaN,
        "General And Administrative Expense": NaN,
        "Other Gand A": NaN,
        "Salaries And Wages": NaN,
        "Gross Profit": NaN,
        "Cost Of Revenue": NaN,
        "Total Revenue": NaN,
        "Operating Revenue": NaN
    },
    "2022-09-30": {
        "Tax Effect Of Unusual Items": NaN,
        "Tax Rate For Calcs": NaN,
        "Normalized EBITDA": NaN,
        "Total Unusual Items": NaN,
        "Total Unusual Items Excluding Goodwill": NaN,
        "Net Income From Continuing Operation Net Minority Interest": NaN,
        "Reconciled Depreciation": NaN,
        "Reconciled Cost Of Revenue": NaN,
        "EBITDA": NaN,
        "EBIT": NaN,
        "Net Interest Income": NaN,
        "Interest Expense": NaN,
        "Normalized Income": NaN,
        "Net Income From Continuing And Discontinued Operation": NaN,
        "Total Expenses": NaN,
        "Total Operating Income As Reported": NaN,
        "Diluted Average Shares": NaN,
        "Basic Average Shares": NaN,
        "Diluted EPS": NaN,
        "Basic EPS": NaN,
        "Diluted NI Availto Com Stockholders": NaN,
        "Net Income Common Stockholders": NaN,
        "Net Income": NaN,
        "Minority Interests": NaN,
        "Net Income Including Noncontrolling Interests": NaN,
        "Net Income Continuous Operations": NaN,
        "Tax Provision": NaN,
        "Pretax Income": NaN,
        "Other Income Expense": NaN,
        "Other Non Operating Income Expenses": NaN,
        "Special Income Charges": -398135038.0,
        "Impairment Of Capital Assets": 398135038.0,
        "Restructuring And Mergern Acquisition": 0.0,
        "Gain On Sale Of Security": NaN,
        "Net Non Operating Interest Income Expense": NaN,
        "Interest Expense Non Operating": NaN,
        "Operating Income": NaN,
        "Operating Expense": NaN,
        "Other Operating Expenses": NaN,
        "Selling General And Administration": NaN,
        "General And Administrative Expense": NaN,
        "Other Gand A": NaN,
        "Salaries And Wages": NaN,
        "Gross Profit": NaN,
        "Cost Of Revenue": NaN,
        "Total Revenue": NaN,
        "Operating Revenue": NaN
    },
    "2022-06-30": {
        "Tax Effect Of Unusual Items": -979187.832,
        "Tax Rate For Calcs": 0.252,
        "Normalized EBITDA": 9210721.0,
        "Total Unusual Items": -3885666.0,
        "Total Unusual Items Excluding Goodwill": -3885666.0,
        "Net Income From Continuing Operation Net Minority Interest": -19395752.0,
        "Reconciled Depreciation": 5300310.0,
        "Reconciled Cost Of Revenue": 53055407.0,
        "EBITDA": 5325055.0,
        "EBIT": 24745.0,
        "Net Interest Income": -3849629.0,
        "Interest Expense": 3849629.0,
        "Normalized Income": -16489273.832,
        "Net Income From Continuing And Discontinued Operation": -19395752.0,
        "Total Expenses": 55540744.0,
        "Total Operating Income As Reported": -1378477.0,
        "Diluted Average Shares": 646370173.0,
        "Basic Average Shares": 646370173.0,
        "Diluted EPS": -0.03,
        "Basic EPS": -0.03,
        "Diluted NI Availto Com Stockholders": -19395752.0,
        "Net Income Common Stockholders": -19395752.0,
        "Net Income": -19395752.0,
        "Minority Interests": 4082418.0,
        "Net Income Including Noncontrolling Interests": -23478170.0,
        "Net Income Continuous Operations": -23478170.0,
        "Tax Provision": 19653286.0,
        "Pretax Income": -3824884.0,
        "Other Income Expense": -2482444.0,
        "Other Non Operating Income Expenses": 1403222.0,
        "Special Income Charges": -3885666.0,
        "Impairment Of Capital Assets": NaN,
        "Restructuring And Mergern Acquisition": 3885666.0,
        "Net Non Operating Interest Income Expense": -3849629.0,
        "Interest Expense Non Operating": 3849629.0,
        "Operating Income": 2507189.0,
        "Operating Expense": 2485337.0,
        "Other Operating Expenses": NaN,
        "Selling General And Administration": 2485337.0,
        "General And Administrative Expense": 2485337.0,
        "Other Gand A": 2485337.0,
        "Salaries And Wages": NaN,
        "Gross Profit": 4992526.0,
        "Cost Of Revenue": 53055407.0,
        "Total Revenue": 58047933.0,
        "Operating Revenue": 58047933.0
    },
    "2022-03-31": {
        "Diluted EPS": 0.04,
        "Total Revenue": 79,
        "Gross Profit": 36,
        "Operating Income": 29,
        "EBIT": 32,
        "Net Income": 21
    },
    "2021-12-31": {
        "Diluted EPS": 0.32,
        "Total Revenue": 149,
        "Gross Profit": 74,
        "Operating Income": 72,
        "EBIT": 74,
        "Net Income": 56
    },
    "2021-09-30": {
        "Diluted EPS": 0.09,
        "Total Revenue": 118,
        "Gross Profit": 76,
        "Operating Income": 74,
        "EBIT": 76,
        "Net Income": 54
    },
    "2021-06-30": {
        "Diluted EPS": 0.05,
        "Total Revenue": 63,
        "Gross Profit": 29,
        "Operating Income": 28,
        "EBIT": 32,
        "Net Income": 27
    },
    "2021-03-31": {
        "Diluted EPS": -0.24,
        "Total Revenue": 2,
        "Gross Profit": 0,
        "Operating Income": -4,
        "EBIT": -4,
        "Net Income": -4
    },
    "2020-12-31": {
        "Diluted EPS": 0.03,
        "Total Revenue": 273,
        "Gross Profit": 157,
        "Operating Income": 152,
        "EBIT": 157,
        "Net Income": 105
    },
    "2020-09-30": {
        "Diluted EPS": 0.34,
        "Total Revenue": 0,
        "Gross Profit": 0,
        "Operating Income": 2,
        "EBIT": 2,
        "Net Income": 2
    },
    "2020-06-30": {
        "Diluted EPS": 0.05,
        "Total Revenue": 0,
        "Gross Profit": 0,
        "Operating Income": 1,
        "EBIT": 1,
        "Net Income": 0
    },
    "2020-03-31": {
        "Diluted EPS": -0.24,
        "Total Revenue": 0,
        "Gross Profit": 0,
        "Operating Income": -1,
        "EBIT": -1,
        "Net Income": -1
    },
    "2019-12-31": {
        "Diluted EPS": -0.92,
        "Total Revenue": 1,
        "Gross Profit": 0,
        "Operating Income": -4,
        "EBIT": -3,
        "Net Income": -4
    },
    "2019-09-30": {
        "Diluted EPS": -0.22,
        "Total Revenue": 0,
        "Gross Profit": 0,
        "Operating Income": -1,
        "EBIT": -1,
        "Net Income": -1
    },
    "2019-06-30": {
        "Diluted EPS": -0.44,
        "Total Revenue": 0,
        "Gross Profit": 0,
        "Operating Income": -1,
        "EBIT": -1,
        "Net Income": -2
    },
    "2019-03-31": {
        "Diluted EPS": -0.38,
        "Total Revenue": 0,
        "Gross Profit": 0,
        "Operating Income": -1,
        "EBIT": -1,
        "Net Income": -1
    },
    "2018-12-31": {
        "Diluted EPS": 11.53,
        "Total Revenue": 1,
        "Gross Profit": 1,
        "Operating Income": 0,
        "EBIT": 0,
        "Net Income": 1
    },
    "2018-09-30": {
        "Diluted EPS": -2.09,
        "Total Revenue": 0,
        "Gross Profit": 0,
        "Operating Income": 0,
        "EBIT": 0,
        "Net Income": -1
    },
    "2018-06-30": {
        "Diluted EPS": -5.0,
        "Total Revenue": 0,
        "Gross Profit": 0,
        "Operating Income": 0,
        "EBIT": 0,
        "Net Income": -1
    },
    "2018-03-31": {
        "Diluted EPS": -5.0,
        "Total Revenue": 0,
        "Gross Profit": 0,
        "Operating Income": 0,
        "EBIT": 0,
        "Net Income": -1
    },
    "2017-12-31": {
        "Diluted EPS": -10.0,
        "Total Revenue": 0,
        "Gross Profit": 0,
        "Operating Income": -4,
        "EBIT": -4,
        "Net Income": -4
    },
    "2017-09-30": {
        "Diluted EPS": 30.0,
        "Total Revenue": 0,
        "Gross Profit": 0,
        "Operating Income": -1,
        "EBIT": 0,
        "Net Income": 6
    },
    "2017-06-30": {
        "Diluted EPS": -15.0,
        "Total Revenue": 0,
        "Gross Profit": 0,
        "Operating Income": -1,
        "EBIT": -1,
        "Net Income": -2
    },
    "2017-03-31": {
        "Diluted EPS": 0.0,
        "Total Revenue": 0,
        "Gross Profit": 0,
        "Operating Income": 0,
        "EBIT": 0,
        "Net Income": 0
    },
    "2016-12-31": {
        "Diluted EPS": 0.0,
        "Total Revenue": NaN,
        "Gross Profit": NaN,
        "Operating Income": -1,
        "EBIT": 0,
        "Net Income": -7
    },
    "2016-09-30": {
        "Diluted EPS": 0.0,
        "Total Revenue": NaN,
        "Gross Profit": NaN,
        "Operating Income": 0,
        "EBIT": 0,
        "Net Income": 0
    },
    "2016-06-30": {
        "Diluted EPS": 0.0,
        "Total Revenue": NaN,
        "Gross Profit": NaN,
        "Operating Income": 0,
        "EBIT": 0,
        "Net Income": 0
    },
    "2016-03-31": {
        "Diluted EPS": -0.01,
        "Total Revenue": 0,
        "Gross Profit": 0,
        "Operating Income": 0,
        "EBIT": 0,
        "Net Income": 0
    },
    "2015-12-31": {
        "Diluted EPS": 0.0,
        "Total Revenue": NaN,
        "Gross Profit": NaN,
        "Operating Income": NaN,
        "EBIT": NaN,
        "Net Income": NaN
    },
    "2015-09-30": {
        "Diluted EPS": 0.0,
        "Total Revenue": 0,
        "Gross Profit": 0,
        "Operating Income": 0,
        "EBIT": 0,
        "Net Income": 0
    },
    "2015-06-30": {
        "Diluted EPS": -0.01,
        "Total Revenue": 0,
        "Gross Profit": 0,
        "Operating Income": 0,
        "EBIT": 0,
        "Net Income": 0
    },
    "2015-03-31": {
        "Diluted EPS": 0.0,
        "Total Revenue": NaN,
        "Gross Profit": NaN,
        "Operating Income": NaN,
        "EBIT": NaN,
        "Net Income": NaN
    },
    "2023-06-30": {
        "Tax Effect Of Unusual Items": NaN,
        "Tax Rate For Calcs": NaN,
        "Normalized EBITDA": NaN,
        "Total Unusual Items": NaN,
        "Total Unusual Items Excluding Goodwill": NaN,
        "Net Income From Continuing Operation Net Minority Interest": NaN,
        "Reconciled Depreciation": NaN,
        "Reconciled Cost Of Revenue": NaN,
        "EBITDA": NaN,
        "EBIT": NaN,
        "Net Interest Income": NaN,
        "Interest Expense": NaN,
        "Normalized Income": NaN,
        "Net Income From Continuing And Discontinued Operation": NaN,
        "Total Expenses": NaN,
        "Total Operating Income As Reported": NaN,
        "Diluted Average Shares": NaN,
        "Basic Average Shares": NaN,
        "Diluted EPS": NaN,
        "Basic EPS": NaN,
        "Diluted NI Availto Com Stockholders": NaN,
        "Net Income Common Stockholders": NaN,
        "Net Income": NaN,
        "Minority Interests": NaN,
        "Net Income Including Noncontrolling Interests": NaN,
        "Net Income Continuous Operations": NaN,
        "Tax Provision": NaN,
        "Pretax Income": NaN,
        "Other Income Expense": NaN,
        "Other Non Operating Income Expenses": NaN,
        "Special Income Charges": 0.0,
        "Write Off": 0.0,
        "Impairment Of Capital Assets": 0.0,
        "Restructuring And Mergern Acquisition": 0.0,
        "Gain On Sale Of Security": NaN,
        "Net Non Operating Interest Income Expense": NaN,
        "Interest Expense Non Operating": NaN,
        "Operating Income": NaN,
        "Operating Expense": NaN,
        "Other Operating Expenses": NaN,
        "Selling General And Administration": NaN,
        "General And Administrative Expense": NaN,
        "Other Gand A": NaN,
        "Salaries And Wages": NaN,
        "Gross Profit": NaN,
        "Cost Of Revenue": NaN,
        "Total Revenue": NaN,
        "Operating Revenue": NaN
    },
    "2023-09-30": {
        "Tax Effect Of Unusual Items": NaN,
        "Tax Rate For Calcs": NaN,
        "Normalized EBITDA": NaN,
        "Total Unusual Items": NaN,
        "Total Unusual Items Excluding Goodwill": NaN,
        "Net Income From Continuing Operation Net Minority Interest": NaN,
        "Reconciled Depreciation": NaN,
        "Reconciled Cost Of Revenue": NaN,
        "EBITDA": NaN,
        "EBIT": NaN,
        "Net Interest Income": NaN,
        "Interest Expense": NaN,
        "Normalized Income": NaN,
        "Net Income From Continuing And Discontinued Operation": NaN,
        "Total Expenses": NaN,
        "Total Operating Income As Reported": NaN,
        "Diluted Average Shares": NaN,
        "Basic Average Shares": NaN,
        "Diluted EPS": NaN,
        "Basic EPS": NaN,
        "Diluted NI Availto Com Stockholders": NaN,
        "Net Income Common Stockholders": NaN,
        "Net Income": NaN,
        "Minority Interests": NaN,
        "Net Income Including Noncontrolling Interests": NaN,
        "Net Income Continuous Operations": NaN,
        "Tax Provision": NaN,
        "Pretax Income": NaN,
        "Other Income Expense": NaN,
        "Other Non Operating Income Expenses": NaN,
        "Special Income Charges": -43464.0,
        "Write Off": 0.0,
        "Impairment Of Capital Assets": 0.0,
        "Restructuring And Mergern Acquisition": 43464.0,
        "Gain On Sale Of Security": NaN,
        "Net Non Operating Interest Income Expense": NaN,
        "Interest Expense Non Operating": NaN,
        "Operating Income": NaN,
        "Operating Expense": NaN,
        "Other Operating Expenses": NaN,
        "Selling General And Administration": NaN,
        "General And Administrative Expense": NaN,
        "Other Gand A": NaN,
        "Salaries And Wages": NaN,
        "Gross Profit": NaN,
        "Cost Of Revenue": NaN,
        "Total Revenue": NaN,
        "Operating Revenue": NaN
    },
    "2023-12-31": {
        "Tax Effect Of Unusual Items": NaN,
        "Tax Rate For Calcs": NaN,
        "Normalized EBITDA": NaN,
        "Total Unusual Items": -30221500.0,
        "Total Unusual Items Excluding Goodwill": -30221500.0,
        "Net Income From Continuing Operation Net Minority Interest": NaN,
        "Reconciled Depreciation": NaN,
        "Reconciled Cost Of Revenue": NaN,
        "EBITDA": NaN,
        "EBIT": NaN,
        "Net Interest Income": NaN,
        "Interest Expense": NaN,
        "Normalized Income": NaN,
        "Net Income From Continuing And Discontinued Operation": NaN,
        "Total Expenses": NaN,
        "Total Operating Income As Reported": NaN,
        "Diluted Average Shares": NaN,
        "Basic Average Shares": NaN,
        "Diluted EPS": NaN,
        "Basic EPS": NaN,
        "Diluted NI Availto Com Stockholders": NaN,
        "Net Income Common Stockholders": NaN,
        "Net Income": NaN,
        "Minority Interests": NaN,
        "Net Income Including Noncontrolling Interests": NaN,
        "Net Income Continuous Operations": NaN,
        "Tax Provision": NaN,
        "Pretax Income": NaN,
        "Other Income Expense": NaN,
        "Other Non Operating Income Expenses": NaN,
        "Special Income Charges": -30221500.0,
        "Write Off": NaN,
        "Impairment Of Capital Assets": 30221500.0,
        "Restructuring And Mergern Acquisition": 0.0,
        "Gain On Sale Of Security": NaN,
        "Net Non Operating Interest Income Expense": NaN,
        "Interest Expense Non Operating": NaN,
        "Operating Income": NaN,
        "Operating Expense": NaN,
        "Other Operating Expenses": 0.0,
        "Selling General And Administration": NaN,
        "General And Administrative Expense": NaN,
        "Other Gand A": NaN,
        "Salaries And Wages": NaN,
        "Gross Profit": NaN,
        "Cost Of Revenue": NaN,
        "Total Revenue": NaN,
        "Operating Revenue": NaN
    },
    "2024-03-31": {
        "Tax Effect Of Unusual Items": NaN,
        "Tax Rate For Calcs": NaN,
        "Normalized EBITDA": NaN,
        "Total Unusual Items": NaN,
        "Total Unusual Items Excluding Goodwill": NaN,
        "Net Income From Continuing Operation Net Minority Interest": NaN,
        "Reconciled Depreciation": NaN,
        "Reconciled Cost Of Revenue": NaN,
        "EBITDA": NaN,
        "EBIT": NaN,
        "Net Interest Income": NaN,
        "Interest Expense": NaN,
        "Normalized Income": NaN,
        "Net Income From Continuing And Discontinued Operation": NaN,
        "Total Expenses": NaN,
        "Total Operating Income As Reported": NaN,
        "Diluted Average Shares": NaN,
        "Basic Average Shares": NaN,
        "Diluted EPS": NaN,
        "Basic EPS": NaN,
        "Diluted NI Availto Com Stockholders": NaN,
        "Average Dilution Earnings": NaN,
        "Net Income Common Stockholders": NaN,
        "Net Income": NaN,
        "Minority Interests": NaN,
        "Net Income Including Noncontrolling Interests": NaN,
        "Net Income Continuous Operations": NaN,
        "Tax Provision": NaN,
        "Pretax Income": NaN,
        "Other Income Expense": NaN,
        "Other Non Operating Income Expenses": NaN,
        "Special Income Charges": NaN,
        "Write Off": NaN,
        "Impairment Of Capital Assets": NaN,
        "Restructuring And Mergern Acquisition": NaN,
        "Gain On Sale Of Security": 2601000.0,
        "Net Non Operating Interest Income Expense": NaN,
        "Interest Expense Non Operating": NaN,
        "Operating Income": NaN,
        "Operating Expense": NaN,
        "Selling General And Administration": NaN,
        "General And Administrative Expense": NaN,
        "Other Gand A": NaN,
        "Salaries And Wages": NaN,
        "Gross Profit": NaN,
        "Cost Of Revenue": NaN,
        "Total Revenue": NaN,
        "Operating Revenue": NaN
    },
    "2024-06-30": {
        "Tax Effect Of Unusual Items": NaN,
        "Tax Rate For Calcs": NaN,
        "Normalized EBITDA": NaN,
        "Total Unusual Items": -3611000.0,
        "Total Unusual Items Excluding Goodwill": -3611000.0,
        "Net Income From Continuing Operation Net Minority Interest": NaN,
        "Reconciled Depreciation": NaN,
        "Reconciled Cost Of Revenue": NaN,
        "EBITDA": NaN,
        "EBIT": NaN,
        "Net Interest Income": NaN,
        "Interest Expense": NaN,
        "Normalized Income": NaN,
        "Net Income From Continuing And Discontinued Operation": NaN,
        "Total Expenses": NaN,
        "Total Operating Income As Reported": NaN,
        "Diluted Average Shares": NaN,
        "Basic Average Shares": NaN,
        "Diluted EPS": NaN,
        "Basic EPS": NaN,
        "Diluted NI Availto Com Stockholders": NaN,
        "Average Dilution Earnings": NaN,
        "Net Income Common Stockholders": NaN,
        "Net Income": NaN,
        "Minority Interests": NaN,
        "Net Income Including Noncontrolling Interests": NaN,
        "Net Income Continuous Operations": NaN,
        "Tax Provision": NaN,
        "Pretax Income": NaN,
        "Other Income Expense": NaN,
        "Other Non Operating Income Expenses": NaN,
        "Special Income Charges": -6671000.0,
        "Write Off": 3474000.0,
        "Impairment Of Capital Assets": 3197000.0,
        "Restructuring And Mergern Acquisition": NaN,
        "Gain On Sale Of Security": 3060000.0,
        "Net Non Operating Interest Income Expense": NaN,
        "Interest Expense Non Operating": NaN,
        "Operating Income": NaN,
        "Operating Expense": NaN,
        "Selling General And Administration": NaN,
        "General And Administrative Expense": NaN,
        "Other Gand A": NaN,
        "Salaries And Wages": NaN,
        "Gross Profit": NaN,
        "Cost Of Revenue": NaN,
        "Total Revenue": NaN,
        "Operating Revenue": NaN
    },
    "2024-09-30": {
        "Tax Effect Of Unusual Items": -1503390.0,
        "Tax Rate For Calcs": 0.21,
        "Normalized EBITDA": 14932000.0,
        "Total Unusual Items": -7159000.0,
        "Total Unusual Items Excluding Goodwill": -7159000.0,
        "Net Income From Continuing Operation Net Minority Interest": -8788000.0,
        "Reconciled Depreciation": 4972000.0,
        "Reconciled Cost Of Revenue": 56878000.0,
        "EBITDA": 7773000.0,
        "EBIT": 2801000.0,
        "Net Interest Income": -5381000.0,
        "Interest Expense": 5381000.0,
        "Normalized Income": -3132390.0,
        "Net Income From Continuing And Discontinued Operation": -8788000.0,
        "Total Expenses": 68707000.0,
        "Total Operating Income As Reported": 9663000.0,
        "Diluted Average Shares": 5100030.0,
        "Basic Average Shares": 5100030.0,
        "Diluted EPS": -1.72,
        "Basic EPS": -1.72,
        "Diluted NI Availto Com Stockholders": -8788000.0,
        "Average Dilution Earnings": NaN,
        "Net Income Common Stockholders": -8788000.0,
        "Net Income": -8788000.0,
        "Minority Interests": -1623000.0,
        "Net Income Including Noncontrolling Interests": -7165000.0,
        "Net Income Continuous Operations": -7165000.0,
        "Tax Provision": 4585000.0,
        "Pretax Income": -2580000.0,
        "Other Income Expense": -7287000.0,
        "Other Non Operating Income Expenses": -128000.0,
        "Special Income Charges": -425000.0,
        "Write Off": 425000.0,
        "Impairment Of Capital Assets": 0.0,
        "Restructuring And Mergern Acquisition": 0.0,
        "Gain On Sale Of Security": -6734000.0,
        "Net Non Operating Interest Income Expense": -5381000.0,
        "Interest Expense Non Operating": 5381000.0,
        "Operating Income": 10088000.0,
        "Operating Expense": 11829000.0,
        "Selling General And Administration": 11829000.0,
        "General And Administrative Expense": 11829000.0,
        "Other Gand A": 9865000.0,
        "Salaries And Wages": 1964000.0,
        "Gross Profit": 21917000.0,
        "Cost Of Revenue": 56878000.0,
        "Total Revenue": 78795000.0,
        "Operating Revenue": 78795000.0
    },
    "2024-12-31": {
        "Tax Effect Of Unusual Items": -41595.512045,
        "Tax Rate For Calcs": 0.079286,
        "Normalized EBITDA": 119435127.0,
        "Total Unusual Items": -524624.0,
        "Total Unusual Items Excluding Goodwill": -524624.0,
        "Net Income From Continuing Operation Net Minority Interest": 61695604.0,
        "Reconciled Depreciation": 5280488.0,
        "Reconciled Cost Of Revenue": 115991662.0,
        "EBITDA": 118910503.0,
        "EBIT": 113630015.0,
        "Net Interest Income": -5052081.0,
        "Interest Expense": 5052081.0,
        "Normalized Income": 62178632.487955,
        "Net Income From Continuing And Discontinued Operation": 61695604.0,
        "Total Expenses": 143419958.0,
        "Total Operating Income As Reported": 114209398.0,
        "Diluted Average Shares": 5548166.0,
        "Basic Average Shares": 5215182.0,
        "Diluted EPS": 11.12,
        "Basic EPS": 11.83,
        "Diluted NI Availto Com Stockholders": 61695604.0,
        "Average Dilution Earnings": NaN,
        "Net Income Common Stockholders": 61695604.0,
        "Net Income": 61695604.0,
        "Minority Interests": -38273584.0,
        "Net Income Including Noncontrolling Interests": 99969188.0,
        "Net Income Continuous Operations": 99969188.0,
        "Tax Provision": 8608746.0,
        "Pretax Income": 108577934.0,
        "Other Income Expense": -567743.0,
        "Other Non Operating Income Expenses": -43119.0,
        "Special Income Charges": 11640.0,
        "Write Off": -11640.0,
        "Impairment Of Capital Assets": 0.0,
        "Restructuring And Mergern Acquisition": 0.0,
        "Gain On Sale Of Security": -536264.0,
        "Net Non Operating Interest Income Expense": -5052081.0,
        "Interest Expense Non Operating": 5052081.0,
        "Operating Income": 114197758.0,
        "Operating Expense": 27428296.0,
        "Selling General And Administration": 27428296.0,
        "General And Administrative Expense": 27428296.0,
        "Other Gand A": 12747842.0,
        "Salaries And Wages": 14680454.0,
        "Gross Profit": 141626054.0,
        "Cost Of Revenue": 115991662.0,
        "Total Revenue": 257617716.0,
        "Operating Revenue": 257617716.0
    },
    "2025-03-31": {
        "Tax Effect Of Unusual Items": 0.0,
        "Tax Rate For Calcs": 0.286593,
        "Normalized EBITDA": 82428000.0,
        "Total Unusual Items": NaN,
        "Total Unusual Items Excluding Goodwill": NaN,
        "Net Income From Continuing Operation Net Minority Interest": 21217000.0,
        "Reconciled Depreciation": 5092000.0,
        "Reconciled Cost Of Revenue": 93451000.0,
        "EBITDA": 82428000.0,
        "EBIT": 77336000.0,
        "Net Interest Income": -6120000.0,
        "Interest Expense": 6120000.0,
        "Normalized Income": 21217000.0,
        "Net Income From Continuing And Discontinued Operation": 21217000.0,
        "Total Expenses": 131128000.0,
        "Total Operating Income As Reported": 80661000.0,
        "Diluted Average Shares": 6371471.0,
        "Basic Average Shares": 5672995.0,
        "Diluted EPS": 3.33,
        "Basic EPS": 3.74,
        "Diluted NI Availto Com Stockholders": 21472000.0,
        "Average Dilution Earnings": 255000.0,
        "Net Income Common Stockholders": 21217000.0,
        "Net Income": 21217000.0,
        "Minority Interests": -29589000.0,
        "Net Income Including Noncontrolling Interests": 50806000.0,
        "Net Income Continuous Operations": 50806000.0,
        "Tax Provision": 20410000.0,
        "Pretax Income": 71216000.0,
        "Other Income Expense": -3325000.0,
        "Other Non Operating Income Expenses": -3325000.0,
        "Special Income Charges": NaN,
        "Write Off": NaN,
        "Impairment Of Capital Assets": NaN,
        "Restructuring And Mergern Acquisition": NaN,
        "Gain On Sale Of Security": NaN,
        "Net Non Operating Interest Income Expense": -6120000.0,
        "Interest Expense Non Operating": 6120000.0,
        "Operating Income": 80661000.0,
        "Operating Expense": 37677000.0,
        "Selling General And Administration": 37677000.0,
        "General And Administrative Expense": 37677000.0,
        "Other Gand A": 10035000.0,
        "Salaries And Wages": 27642000.0,
        "Gross Profit": 118338000.0,
        "Cost Of Revenue": 93451000.0,
        "Total Revenue": 211789000.0,
        "Operating Revenue": 211789000.0
    },
    "2025-06-30": {
        "Tax Effect Of Unusual Items": 0.0,
        "Tax Rate For Calcs": 0.32,
        "Normalized EBITDA": 34658000.0,
        "Total Unusual Items": 0.0,
        "Total Unusual Items Excluding Goodwill": 0.0,
        "Net Income From Continuing Operation Net Minority Interest": -17697000.0,
        "Reconciled Depreciation": 5248000.0,
        "Reconciled Cost Of Revenue": 119061000.0,
        "EBITDA": 34658000.0,
        "EBIT": 29410000.0,
        "Net Interest Income": -5678000.0,
        "Interest Expense": 5678000.0,
        "Normalized Income": -17697000.0,
        "Net Income From Continuing And Discontinued Operation": -17697000.0,
        "Total Expenses": 210306000.0,
        "Total Operating Income As Reported": 33679000.0,
        "Diluted Average Shares": 5998983.0,
        "Basic Average Shares": 5998983.0,
        "Diluted EPS": -2.95,
        "Basic EPS": -2.95,
        "Diluted NI Availto Com Stockholders": -17697000.0,
        "Average Dilution Earnings": NaN,
        "Net Income Common Stockholders": -17697000.0,
        "Net Income": -17697000.0,
        "Minority Interests": -33841000.0,
        "Net Income Including Noncontrolling Interests": 16144000.0,
        "Net Income Continuous Operations": 16144000.0,
        "Tax Provision": 7588000.0,
        "Pretax Income": 23732000.0,
        "Other Income Expense": -4269000.0,
        "Other Non Operating Income Expenses": -4269000.0,
        "Special Income Charges": 0.0,
        "Write Off": 0.0,
        "Impairment Of Capital Assets": 0.0,
        "Restructuring And Mergern Acquisition": NaN,
        "Gain On Sale Of Security": NaN,
        "Net Non Operating Interest Income Expense": -5678000.0,
        "Interest Expense Non Operating": 5678000.0,
        "Operating Income": 33679000.0,
        "Operating Expense": 91245000.0,
        "Selling General And Administration": 91245000.0,
        "General And Administrative Expense": 91245000.0,
        "Other Gand A": 12498000.0,
        "Salaries And Wages": 78747000.0,
        "Gross Profit": 124924000.0,
        "Cost Of Revenue": 119061000.0,
        "Total Revenue": 243985000.0,
        "Operating Revenue": 243985000.0
    },
    "2025-09-30": {
        "Tax Effect Of Unusual Items": 0.0,
        "Tax Rate For Calcs": 0.219,
        "Normalized EBITDA": 134394000.0,
        "Total Unusual Items": 0.0,
        "Total Unusual Items Excluding Goodwill": 0.0,
        "Net Income From Continuing Operation Net Minority Interest": 55435000.0,
        "Reconciled Depreciation": 5003000.0,
        "Reconciled Cost Of Revenue": 112923000.0,
        "EBITDA": 134394000.0,
        "EBIT": 129391000.0,
        "Net Interest Income": -5452000.0,
        "Interest Expense": 5452000.0,
        "Normalized Income": 55435000.0,
        "Net Income From Continuing And Discontinued Operation": 55435000.0,
        "Total Expenses": 137437000.0,
        "Total Operating Income As Reported": 130367000.0,
        "Diluted Average Shares": 7143686.0,
        "Basic Average Shares": 6703144.0,
        "Diluted EPS": 7.76,
        "Basic EPS": 8.27,
        "Diluted NI Availto Com Stockholders": 55435000.0,
        "Average Dilution Earnings": NaN,
        "Net Income Common Stockholders": 55435000.0,
        "Net Income": 55435000.0,
        "Minority Interests": -41364000.0,
        "Net Income Including Noncontrolling Interests": 96799000.0,
        "Net Income Continuous Operations": 96799000.0,
        "Tax Provision": 27140000.0,
        "Pretax Income": 123939000.0,
        "Other Income Expense": -976000.0,
        "Other Non Operating Income Expenses": -976000.0,
        "Special Income Charges": 0.0,
        "Write Off": 0.0,
        "Impairment Of Capital Assets": 0.0,
        "Restructuring And Mergern Acquisition": NaN,
        "Gain On Sale Of Security": NaN,
        "Net Non Operating Interest Income Expense": -5452000.0,
        "Interest Expense Non Operating": 5452000.0,
        "Operating Income": 130367000.0,
        "Operating Expense": 24514000.0,
        "Selling General And Administration": 24514000.0,
        "General And Administrative Expense": 24514000.0,
        "Other Gand A": 11297000.0,
        "Salaries And Wages": 13217000.0,
        "Gross Profit": 154881000.0,
        "Cost Of Revenue": 112923000.0,
        "Total Revenue": 267804000.0,
        "Operating Revenue": 267804000.0
    }
}