{
    "2023-03-31": {
        "Tax Effect Of Unusual Items": NaN,
        "Tax Rate For Calcs": NaN,
        "Normalized EBITDA": NaN,
        "Total Unusual Items": NaN,
        "Total Unusual Items Excluding Goodwill": NaN,
        "Net Income From Continuing Operation Net Minority Interest": NaN,
        "Reconciled Depreciation": NaN,
        "Reconciled Cost Of Revenue": NaN,
        "EBITDA": NaN,
        "EBIT": NaN,
        "Net Interest Income": NaN,
        "Interest Expense": NaN,
        "Interest Income": NaN,
        "Normalized Income": NaN,
        "Net Income From Continuing And Discontinued Operation": NaN,
        "Total Expenses": NaN,
        "Total Operating Income As Reported": NaN,
        "Diluted Average Shares": NaN,
        "Basic Average Shares": NaN,
        "Diluted EPS": NaN,
        "Basic EPS": NaN,
        "Diluted NI Availto Com Stockholders": NaN,
        "Net Income Common Stockholders": NaN,
        "Net Income": NaN,
        "Net Income Including Noncontrolling Interests": NaN,
        "Net Income Continuous Operations": NaN,
        "Tax Provision": NaN,
        "Pretax Income": NaN,
        "Other Income Expense": NaN,
        "Other Non Operating Income Expenses": NaN,
        "Gain On Sale Of Security": NaN,
        "Net Non Operating Interest Income Expense": NaN,
        "Interest Expense Non Operating": NaN,
        "Interest Income Non Operating": NaN,
        "Operating Income": NaN,
        "Operating Expense": NaN,
        "Research And Development": NaN,
        "Selling General And Administration": NaN,
        "General And Administrative Expense": 7734000.0,
        "Other Gand A": 7734000.0,
        "Gross Profit": NaN,
        "Cost Of Revenue": NaN,
        "Total Revenue": NaN,
        "Operating Revenue": NaN
    },
    "2022-12-31": {
        "Tax Effect Of Unusual Items": NaN,
        "Tax Rate For Calcs": NaN,
        "Normalized EBITDA": NaN,
        "Total Unusual Items": NaN,
        "Total Unusual Items Excluding Goodwill": NaN,
        "Net Income From Continuing Operation Net Minority Interest": NaN,
        "Reconciled Depreciation": NaN,
        "EBITDA": NaN,
        "EBIT": NaN,
        "Net Interest Income": NaN,
        "Interest Income": NaN,
        "Normalized Income": NaN,
        "Net Income From Continuing And Discontinued Operation": NaN,
        "Total Expenses": NaN,
        "Total Operating Income As Reported": NaN,
        "Diluted Average Shares": 218497000.0,
        "Basic Average Shares": 218497000.0,
        "Diluted EPS": -0.1,
        "Basic EPS": -0.1,
        "Diluted NI Availto Com Stockholders": NaN,
        "Net Income Common Stockholders": NaN,
        "Net Income": NaN,
        "Net Income Including Noncontrolling Interests": NaN,
        "Net Income Continuous Operations": NaN,
        "Tax Provision": NaN,
        "Pretax Income": NaN,
        "Other Income Expense": NaN,
        "Other Non Operating Income Expenses": NaN,
        "Gain On Sale Of Security": NaN,
        "Net Non Operating Interest Income Expense": NaN,
        "Interest Income Non Operating": NaN,
        "Operating Income": NaN,
        "Operating Expense": NaN,
        "Research And Development": NaN,
        "Selling General And Administration": NaN,
        "General And Administrative Expense": NaN,
        "Other Gand A": NaN,
        "Total Revenue": NaN,
        "Operating Revenue": NaN
    },
    "2022-09-30": {
        "Tax Effect Of Unusual Items": 0.0,
        "Tax Rate For Calcs": 0.0,
        "Normalized EBITDA": -29553000.0,
        "Total Unusual Items": 271000.0,
        "Total Unusual Items Excluding Goodwill": 271000.0,
        "Net Income From Continuing Operation Net Minority Interest": -27203000.0,
        "Reconciled Depreciation": 56000.0,
        "EBITDA": -29282000.0,
        "EBIT": -29338000.0,
        "Net Interest Income": 2127000.0,
        "Interest Income": 2127000.0,
        "Normalized Income": -27474000.0,
        "Net Income From Continuing And Discontinued Operation": -27203000.0,
        "Total Expenses": 29338000.0,
        "Total Operating Income As Reported": -29338000.0,
        "Diluted Average Shares": 218300000.0,
        "Basic Average Shares": 218300000.0,
        "Diluted EPS": -0.12,
        "Basic EPS": -0.12,
        "Diluted NI Availto Com Stockholders": -27203000.0,
        "Net Income Common Stockholders": -27203000.0,
        "Net Income": -27203000.0,
        "Net Income Including Noncontrolling Interests": -27203000.0,
        "Net Income Continuous Operations": -27203000.0,
        "Tax Provision": 0.0,
        "Pretax Income": -27203000.0,
        "Other Income Expense": 8000.0,
        "Other Non Operating Income Expenses": -263000.0,
        "Gain On Sale Of Security": 271000.0,
        "Net Non Operating Interest Income Expense": 2127000.0,
        "Interest Income Non Operating": 2127000.0,
        "Operating Income": -29338000.0,
        "Operating Expense": 29338000.0,
        "Research And Development": 21294000.0,
        "Selling General And Administration": 8044000.0,
        "General And Administrative Expense": 8044000.0,
        "Other Gand A": 8044000.0,
        "Total Revenue": 0.0,
        "Operating Revenue": 0.0
    },
    "2022-06-30": {
        "Tax Effect Of Unusual Items": 0.0,
        "Tax Rate For Calcs": 0.0,
        "Normalized EBITDA": -40208000.0,
        "Total Unusual Items": 2386000.0,
        "Total Unusual Items Excluding Goodwill": 2386000.0,
        "Net Income From Continuing Operation Net Minority Interest": -34858000.0,
        "Reconciled Depreciation": 48000.0,
        "EBITDA": -37822000.0,
        "EBIT": -37870000.0,
        "Net Interest Income": 841000.0,
        "Interest Income": 841000.0,
        "Normalized Income": -37244000.0,
        "Net Income From Continuing And Discontinued Operation": -34858000.0,
        "Total Expenses": 37870000.0,
        "Total Operating Income As Reported": -37870000.0,
        "Diluted Average Shares": 216603000.0,
        "Basic Average Shares": 216603000.0,
        "Diluted EPS": -0.16,
        "Basic EPS": -0.16,
        "Diluted NI Availto Com Stockholders": -34858000.0,
        "Net Income Common Stockholders": -34858000.0,
        "Net Income": -34858000.0,
        "Net Income Including Noncontrolling Interests": -34858000.0,
        "Net Income Continuous Operations": -34858000.0,
        "Tax Provision": 0.0,
        "Pretax Income": -34858000.0,
        "Other Income Expense": 2171000.0,
        "Other Non Operating Income Expenses": -215000.0,
        "Gain On Sale Of Security": 2386000.0,
        "Net Non Operating Interest Income Expense": 841000.0,
        "Interest Income Non Operating": 841000.0,
        "Operating Income": -37870000.0,
        "Operating Expense": 37870000.0,
        "Research And Development": 28922000.0,
        "Selling General And Administration": 8948000.0,
        "General And Administrative Expense": 8948000.0,
        "Other Gand A": 8948000.0,
        "Total Revenue": 0.0,
        "Operating Revenue": 0.0
    },
    "2022-03-31": {
        "Diluted EPS": -0.1,
        "Total Revenue": NaN,
        "Gross Profit": NaN,
        "Operating Income": -28,
        "EBIT": -28,
        "Net Income": -21
    },
    "2021-12-31": {
        "Diluted EPS": -0.12,
        "Total Revenue": NaN,
        "Gross Profit": NaN,
        "Operating Income": -30,
        "EBIT": -30,
        "Net Income": -25
    },
    "2021-09-30": {
        "Diluted EPS": -0.11,
        "Total Revenue": NaN,
        "Gross Profit": NaN,
        "Operating Income": -23,
        "EBIT": -23,
        "Net Income": -22
    },
    "2021-06-30": {
        "Diluted EPS": -0.09,
        "Total Revenue": NaN,
        "Gross Profit": NaN,
        "Operating Income": -20,
        "EBIT": -20,
        "Net Income": -19
    },
    "2021-03-31": {
        "Diluted EPS": -0.12,
        "Total Revenue": NaN,
        "Gross Profit": NaN,
        "Operating Income": -20,
        "EBIT": -20,
        "Net Income": -20
    },
    "2020-12-31": {
        "Diluted EPS": -0.11,
        "Total Revenue": NaN,
        "Gross Profit": NaN,
        "Operating Income": -14,
        "EBIT": -14,
        "Net Income": -13
    },
    "2020-09-30": {
        "Diluted EPS": -0.12,
        "Total Revenue": NaN,
        "Gross Profit": NaN,
        "Operating Income": -12,
        "EBIT": -12,
        "Net Income": -11
    },
    "2020-06-30": {
        "Diluted EPS": -0.1,
        "Total Revenue": NaN,
        "Gross Profit": NaN,
        "Operating Income": -9,
        "EBIT": -9,
        "Net Income": -9
    },
    "2020-03-31": {
        "Diluted EPS": -0.1,
        "Total Revenue": NaN,
        "Gross Profit": NaN,
        "Operating Income": -9,
        "EBIT": -9,
        "Net Income": -9
    },
    "2019-09-30": {
        "Diluted EPS": -0.2,
        "Total Revenue": NaN,
        "Gross Profit": NaN,
        "Operating Income": -1,
        "EBIT": -1,
        "Net Income": -1
    },
    "2023-06-30": {
        "Tax Effect Of Unusual Items": NaN,
        "Tax Rate For Calcs": NaN,
        "Normalized EBITDA": NaN,
        "Total Unusual Items": NaN,
        "Total Unusual Items Excluding Goodwill": NaN,
        "Net Income From Continuing Operation Net Minority Interest": NaN,
        "Reconciled Depreciation": NaN,
        "Reconciled Cost Of Revenue": NaN,
        "EBITDA": NaN,
        "EBIT": NaN,
        "Net Interest Income": NaN,
        "Interest Expense": 0.0,
        "Interest Income": NaN,
        "Normalized Income": NaN,
        "Net Income From Continuing And Discontinued Operation": NaN,
        "Total Expenses": NaN,
        "Total Operating Income As Reported": NaN,
        "Diluted Average Shares": NaN,
        "Basic Average Shares": NaN,
        "Diluted EPS": NaN,
        "Basic EPS": NaN,
        "Diluted NI Availto Com Stockholders": NaN,
        "Net Income Common Stockholders": NaN,
        "Net Income": NaN,
        "Net Income Including Noncontrolling Interests": NaN,
        "Net Income Continuous Operations": NaN,
        "Tax Provision": NaN,
        "Pretax Income": NaN,
        "Other Income Expense": NaN,
        "Other Non Operating Income Expenses": NaN,
        "Gain On Sale Of Security": NaN,
        "Net Non Operating Interest Income Expense": NaN,
        "Interest Expense Non Operating": 0.0,
        "Interest Income Non Operating": NaN,
        "Operating Income": NaN,
        "Operating Expense": NaN,
        "Research And Development": NaN,
        "Selling General And Administration": NaN,
        "General And Administrative Expense": 7541000.0,
        "Other Gand A": 7541000.0,
        "Gross Profit": 0.0,
        "Cost Of Revenue": NaN,
        "Total Revenue": NaN,
        "Operating Revenue": NaN
    },
    "2023-09-30": {
        "Tax Effect Of Unusual Items": NaN,
        "Tax Rate For Calcs": NaN,
        "Normalized EBITDA": NaN,
        "Total Unusual Items": NaN,
        "Total Unusual Items Excluding Goodwill": NaN,
        "Net Income From Continuing Operation Net Minority Interest": NaN,
        "Reconciled Depreciation": NaN,
        "Reconciled Cost Of Revenue": NaN,
        "EBITDA": NaN,
        "EBIT": NaN,
        "Net Interest Income": NaN,
        "Interest Expense": NaN,
        "Interest Income": NaN,
        "Normalized Income": NaN,
        "Net Income From Continuing And Discontinued Operation": NaN,
        "Total Expenses": NaN,
        "Total Operating Income As Reported": NaN,
        "Diluted Average Shares": NaN,
        "Basic Average Shares": NaN,
        "Diluted EPS": NaN,
        "Basic EPS": NaN,
        "Diluted NI Availto Com Stockholders": NaN,
        "Net Income Common Stockholders": NaN,
        "Net Income": NaN,
        "Net Income Including Noncontrolling Interests": NaN,
        "Net Income Continuous Operations": NaN,
        "Tax Provision": NaN,
        "Pretax Income": NaN,
        "Other Income Expense": NaN,
        "Other Non Operating Income Expenses": NaN,
        "Gain On Sale Of Security": NaN,
        "Net Non Operating Interest Income Expense": NaN,
        "Interest Expense Non Operating": NaN,
        "Interest Income Non Operating": NaN,
        "Operating Income": NaN,
        "Operating Expense": NaN,
        "Research And Development": NaN,
        "Selling General And Administration": NaN,
        "General And Administrative Expense": 7778000.0,
        "Other Gand A": 7778000.0,
        "Gross Profit": NaN,
        "Cost Of Revenue": NaN,
        "Total Revenue": NaN,
        "Operating Revenue": NaN
    },
    "2023-12-31": {
        "Tax Effect Of Unusual Items": NaN,
        "Tax Rate For Calcs": NaN,
        "Normalized EBITDA": NaN,
        "Total Unusual Items": NaN,
        "Total Unusual Items Excluding Goodwill": NaN,
        "Net Income From Continuing Operation Net Minority Interest": NaN,
        "Reconciled Depreciation": NaN,
        "Reconciled Cost Of Revenue": NaN,
        "EBITDA": NaN,
        "EBIT": NaN,
        "Net Interest Income": NaN,
        "Interest Expense": NaN,
        "Interest Income": NaN,
        "Normalized Income": NaN,
        "Net Income From Continuing And Discontinued Operation": NaN,
        "Total Expenses": NaN,
        "Total Operating Income As Reported": NaN,
        "Diluted Average Shares": NaN,
        "Basic Average Shares": NaN,
        "Diluted EPS": NaN,
        "Basic EPS": NaN,
        "Diluted NI Availto Com Stockholders": NaN,
        "Net Income Common Stockholders": NaN,
        "Net Income": NaN,
        "Net Income Including Noncontrolling Interests": NaN,
        "Net Income Continuous Operations": NaN,
        "Tax Provision": NaN,
        "Pretax Income": NaN,
        "Other Income Expense": NaN,
        "Other Non Operating Income Expenses": NaN,
        "Special Income Charges": NaN,
        "Gain On Sale Of Ppe": NaN,
        "Gain On Sale Of Security": NaN,
        "Net Non Operating Interest Income Expense": NaN,
        "Interest Expense Non Operating": NaN,
        "Interest Income Non Operating": NaN,
        "Operating Income": NaN,
        "Operating Expense": NaN,
        "Research And Development": NaN,
        "Selling General And Administration": NaN,
        "General And Administrative Expense": 5480000.0,
        "Other Gand A": 5480000.0,
        "Gross Profit": NaN,
        "Cost Of Revenue": NaN,
        "Total Revenue": NaN,
        "Operating Revenue": NaN
    },
    "2024-03-31": {
        "Tax Effect Of Unusual Items": NaN,
        "Tax Rate For Calcs": NaN,
        "Normalized EBITDA": NaN,
        "Total Unusual Items": NaN,
        "Total Unusual Items Excluding Goodwill": NaN,
        "Net Income From Continuing Operation Net Minority Interest": NaN,
        "Reconciled Depreciation": NaN,
        "Reconciled Cost Of Revenue": NaN,
        "EBITDA": NaN,
        "EBIT": NaN,
        "Net Interest Income": NaN,
        "Interest Expense": NaN,
        "Interest Income": NaN,
        "Normalized Income": NaN,
        "Net Income From Continuing And Discontinued Operation": NaN,
        "Total Expenses": NaN,
        "Total Operating Income As Reported": NaN,
        "Diluted Average Shares": NaN,
        "Basic Average Shares": NaN,
        "Diluted EPS": NaN,
        "Basic EPS": NaN,
        "Diluted NI Availto Com Stockholders": NaN,
        "Net Income Common Stockholders": NaN,
        "Net Income": NaN,
        "Net Income Including Noncontrolling Interests": NaN,
        "Net Income Continuous Operations": NaN,
        "Tax Provision": NaN,
        "Pretax Income": NaN,
        "Other Income Expense": NaN,
        "Other Non Operating Income Expenses": NaN,
        "Special Income Charges": NaN,
        "Gain On Sale Of Ppe": NaN,
        "Gain On Sale Of Security": NaN,
        "Net Non Operating Interest Income Expense": NaN,
        "Interest Expense Non Operating": NaN,
        "Interest Income Non Operating": NaN,
        "Operating Income": NaN,
        "Operating Expense": NaN,
        "Research And Development": NaN,
        "Selling General And Administration": NaN,
        "General And Administrative Expense": 7357000.0,
        "Other Gand A": 7357000.0,
        "Gross Profit": NaN,
        "Cost Of Revenue": NaN,
        "Total Revenue": NaN,
        "Operating Revenue": NaN
    },
    "2024-06-30": {
        "Tax Effect Of Unusual Items": 0.0,
        "Tax Rate For Calcs": 0.0,
        "Normalized EBITDA": -463244000.0,
        "Total Unusual Items": 1128000.0,
        "Total Unusual Items Excluding Goodwill": 1128000.0,
        "Net Income From Continuing Operation Net Minority Interest": -462492000.0,
        "Reconciled Depreciation": 244000.0,
        "Reconciled Cost Of Revenue": 1347000.0,
        "EBITDA": -462116000.0,
        "EBIT": -462360000.0,
        "Net Interest Income": 7012000.0,
        "Interest Expense": 132000.0,
        "Interest Income": 7144000.0,
        "Normalized Income": -463620000.0,
        "Net Income From Continuing And Discontinued Operation": -462492000.0,
        "Total Expenses": 471820000.0,
        "Total Operating Income As Reported": -470385000.0,
        "Diluted Average Shares": 244738000.0,
        "Basic Average Shares": 244738000.0,
        "Diluted EPS": -1.89,
        "Basic EPS": -1.89,
        "Diluted NI Availto Com Stockholders": -462492000.0,
        "Net Income Common Stockholders": -462492000.0,
        "Net Income": -462492000.0,
        "Net Income Including Noncontrolling Interests": -462492000.0,
        "Net Income Continuous Operations": -462492000.0,
        "Tax Provision": 0.0,
        "Pretax Income": -462492000.0,
        "Other Income Expense": 881000.0,
        "Other Non Operating Income Expenses": -247000.0,
        "Special Income Charges": NaN,
        "Gain On Sale Of Ppe": NaN,
        "Gain On Sale Of Security": 1128000.0,
        "Net Non Operating Interest Income Expense": 7012000.0,
        "Interest Expense Non Operating": 132000.0,
        "Interest Income Non Operating": 7144000.0,
        "Operating Income": -470385000.0,
        "Operating Expense": 470473000.0,
        "Research And Development": 454317000.0,
        "Selling General And Administration": 16156000.0,
        "General And Administrative Expense": NaN,
        "Other Gand A": NaN,
        "Gross Profit": 88000.0,
        "Cost Of Revenue": 1347000.0,
        "Total Revenue": 1435000.0,
        "Operating Revenue": 1435000.0
    },
    "2024-09-30": {
        "Tax Effect Of Unusual Items": 0.0,
        "Tax Rate For Calcs": 0.0,
        "Normalized EBITDA": -41450000.0,
        "Total Unusual Items": 522000.0,
        "Total Unusual Items Excluding Goodwill": 522000.0,
        "Net Income From Continuing Operation Net Minority Interest": -41210000.0,
        "Reconciled Depreciation": 162000.0,
        "Reconciled Cost Of Revenue": 1515000.0,
        "EBITDA": -40928000.0,
        "EBIT": -41090000.0,
        "Net Interest Income": 6606000.0,
        "Interest Expense": 120000.0,
        "Interest Income": 6726000.0,
        "Normalized Income": -41732000.0,
        "Net Income From Continuing And Discontinued Operation": -41210000.0,
        "Total Expenses": 48828000.0,
        "Total Operating Income As Reported": -48101000.0,
        "Diluted Average Shares": 273565000.0,
        "Basic Average Shares": 273565000.0,
        "Diluted EPS": -0.15,
        "Basic EPS": -0.15,
        "Diluted NI Availto Com Stockholders": -41210000.0,
        "Net Income Common Stockholders": -41210000.0,
        "Net Income": -41210000.0,
        "Net Income Including Noncontrolling Interests": -41210000.0,
        "Net Income Continuous Operations": -41210000.0,
        "Tax Provision": 0.0,
        "Pretax Income": -41210000.0,
        "Other Income Expense": 285000.0,
        "Other Non Operating Income Expenses": -237000.0,
        "Special Income Charges": NaN,
        "Gain On Sale Of Ppe": NaN,
        "Gain On Sale Of Security": 522000.0,
        "Net Non Operating Interest Income Expense": 6606000.0,
        "Interest Expense Non Operating": 120000.0,
        "Interest Income Non Operating": 6726000.0,
        "Operating Income": -48101000.0,
        "Operating Expense": 47313000.0,
        "Research And Development": 27731000.0,
        "Selling General And Administration": 19582000.0,
        "General And Administrative Expense": NaN,
        "Other Gand A": NaN,
        "Gross Profit": -788000.0,
        "Cost Of Revenue": 1515000.0,
        "Total Revenue": 727000.0,
        "Operating Revenue": 727000.0
    },
    "2024-12-31": {
        "Tax Effect Of Unusual Items": 0.0,
        "Tax Rate For Calcs": 0.0,
        "Normalized EBITDA": -47997000.0,
        "Total Unusual Items": -1140000.0,
        "Total Unusual Items Excluding Goodwill": -1140000.0,
        "Net Income From Continuing Operation Net Minority Interest": -49445000.0,
        "Reconciled Depreciation": 219000.0,
        "Reconciled Cost Of Revenue": 4216000.0,
        "EBITDA": -49137000.0,
        "EBIT": -49356000.0,
        "Net Interest Income": 5973000.0,
        "Interest Expense": 89000.0,
        "Interest Income": 6062000.0,
        "Normalized Income": -48305000.0,
        "Net Income From Continuing And Discontinued Operation": -49445000.0,
        "Total Expenses": 59653000.0,
        "Total Operating Income As Reported": -53942000.0,
        "Diluted Average Shares": 336934000.0,
        "Basic Average Shares": 336934000.0,
        "Diluted EPS": -0.15,
        "Basic EPS": -0.15,
        "Diluted NI Availto Com Stockholders": -49445000.0,
        "Net Income Common Stockholders": -49445000.0,
        "Net Income": -49445000.0,
        "Net Income Including Noncontrolling Interests": -49445000.0,
        "Net Income Continuous Operations": -49445000.0,
        "Tax Provision": 0.0,
        "Pretax Income": -49445000.0,
        "Other Income Expense": -1476000.0,
        "Other Non Operating Income Expenses": -336000.0,
        "Special Income Charges": NaN,
        "Gain On Sale Of Ppe": NaN,
        "Gain On Sale Of Security": -1140000.0,
        "Net Non Operating Interest Income Expense": 5973000.0,
        "Interest Expense Non Operating": 89000.0,
        "Interest Income Non Operating": 6062000.0,
        "Operating Income": -53942000.0,
        "Operating Expense": 55437000.0,
        "Research And Development": 29299000.0,
        "Selling General And Administration": 26138000.0,
        "General And Administrative Expense": NaN,
        "Other Gand A": NaN,
        "Gross Profit": 1495000.0,
        "Cost Of Revenue": 4216000.0,
        "Total Revenue": 5711000.0,
        "Operating Revenue": 5711000.0
    },
    "2025-03-31": {
        "Tax Effect Of Unusual Items": 0.0,
        "Tax Rate For Calcs": 0.0,
        "Normalized EBITDA": -52124000.0,
        "Total Unusual Items": -748000.0,
        "Total Unusual Items Excluding Goodwill": -748000.0,
        "Net Income From Continuing Operation Net Minority Interest": -53236000.0,
        "Reconciled Depreciation": 310000.0,
        "Reconciled Cost Of Revenue": 2094000.0,
        "EBITDA": -52872000.0,
        "EBIT": -53182000.0,
        "Net Interest Income": 5267000.0,
        "Interest Expense": 54000.0,
        "Interest Income": 5321000.0,
        "Normalized Income": -52488000.0,
        "Net Income From Continuing And Discontinued Operation": -53236000.0,
        "Total Expenses": 62088000.0,
        "Total Operating Income As Reported": -59004000.0,
        "Diluted Average Shares": 338612000.0,
        "Basic Average Shares": 338612000.0,
        "Diluted EPS": -0.16,
        "Basic EPS": -0.16,
        "Diluted NI Availto Com Stockholders": -53236000.0,
        "Net Income Common Stockholders": -53236000.0,
        "Net Income": -53236000.0,
        "Net Income Including Noncontrolling Interests": -53236000.0,
        "Net Income Continuous Operations": -53236000.0,
        "Tax Provision": 0.0,
        "Pretax Income": -53236000.0,
        "Other Income Expense": 501000.0,
        "Other Non Operating Income Expenses": 1249000.0,
        "Special Income Charges": NaN,
        "Gain On Sale Of Ppe": NaN,
        "Gain On Sale Of Security": -748000.0,
        "Net Non Operating Interest Income Expense": 5267000.0,
        "Interest Expense Non Operating": 54000.0,
        "Interest Income Non Operating": 5321000.0,
        "Operating Income": -59004000.0,
        "Operating Expense": 59994000.0,
        "Research And Development": 24601000.0,
        "Selling General And Administration": 35393000.0,
        "General And Administrative Expense": NaN,
        "Other Gand A": NaN,
        "Gross Profit": 990000.0,
        "Cost Of Revenue": 2094000.0,
        "Total Revenue": 3084000.0,
        "Operating Revenue": 3084000.0
    },
    "2025-06-30": {
        "Tax Effect Of Unusual Items": 0.0,
        "Tax Rate For Calcs": 0.0,
        "Normalized EBITDA": -58649000.0,
        "Total Unusual Items": 419000.0,
        "Total Unusual Items Excluding Goodwill": 419000.0,
        "Net Income From Continuing Operation Net Minority Interest": -59007000.0,
        "Reconciled Depreciation": 356000.0,
        "Reconciled Cost Of Revenue": 2576000.0,
        "EBITDA": -58230000.0,
        "EBIT": -58586000.0,
        "Net Interest Income": 4359000.0,
        "Interest Expense": 421000.0,
        "Interest Income": 4780000.0,
        "Normalized Income": -59426000.0,
        "Net Income From Continuing And Discontinued Operation": -59007000.0,
        "Total Expenses": 68422000.0,
        "Total Operating Income As Reported": -63589000.0,
        "Diluted Average Shares": 340746000.0,
        "Basic Average Shares": 340746000.0,
        "Diluted EPS": -0.17,
        "Basic EPS": -0.17,
        "Diluted NI Availto Com Stockholders": -59007000.0,
        "Net Income Common Stockholders": -59007000.0,
        "Net Income": -59007000.0,
        "Net Income Including Noncontrolling Interests": -59007000.0,
        "Net Income Continuous Operations": -59007000.0,
        "Tax Provision": 0.0,
        "Pretax Income": -59007000.0,
        "Other Income Expense": 223000.0,
        "Other Non Operating Income Expenses": -196000.0,
        "Special Income Charges": -34000.0,
        "Gain On Sale Of Ppe": -34000.0,
        "Gain On Sale Of Security": 453000.0,
        "Net Non Operating Interest Income Expense": 4359000.0,
        "Interest Expense Non Operating": 421000.0,
        "Interest Income Non Operating": 4780000.0,
        "Operating Income": -63589000.0,
        "Operating Expense": 65846000.0,
        "Research And Development": 27362000.0,
        "Selling General And Administration": 38484000.0,
        "General And Administrative Expense": NaN,
        "Other Gand A": NaN,
        "Gross Profit": 2257000.0,
        "Cost Of Revenue": 2576000.0,
        "Total Revenue": 4833000.0,
        "Operating Revenue": 4833000.0
    }
}