{
    "2023-03-31": {
        "Tax Effect Of Unusual Items": NaN,
        "Tax Rate For Calcs": NaN,
        "Normalized EBITDA": NaN,
        "Net Income From Continuing Operation Net Minority Interest": NaN,
        "EBITDA": NaN,
        "EBIT": NaN,
        "Net Interest Income": NaN,
        "Interest Income": NaN,
        "Normalized Income": NaN,
        "Net Income From Continuing And Discontinued Operation": NaN,
        "Total Expenses": NaN,
        "Total Operating Income As Reported": NaN,
        "Diluted Average Shares": NaN,
        "Basic Average Shares": NaN,
        "Diluted EPS": NaN,
        "Basic EPS": NaN,
        "Diluted NI Availto Com Stockholders": NaN,
        "Net Income Common Stockholders": NaN,
        "Net Income": NaN,
        "Net Income Including Noncontrolling Interests": NaN,
        "Net Income Continuous Operations": NaN,
        "Tax Provision": NaN,
        "Pretax Income": NaN,
        "Other Income Expense": 5018000.0,
        "Other Non Operating Income Expenses": 5018000.0,
        "Net Non Operating Interest Income Expense": NaN,
        "Interest Income Non Operating": NaN,
        "Operating Income": NaN,
        "Operating Expense": NaN,
        "Other Operating Expenses": 8085000.0,
        "Research And Development": NaN,
        "Selling General And Administration": NaN,
        "General And Administrative Expense": NaN,
        "Other Gand A": NaN,
        "Insurance And Claims": NaN,
        "Salaries And Wages": NaN,
        "Total Revenue": NaN,
        "Operating Revenue": NaN
    },
    "2022-12-31": {
        "Tax Effect Of Unusual Items": NaN,
        "Tax Rate For Calcs": NaN,
        "Normalized EBITDA": NaN,
        "Net Income From Continuing Operation Net Minority Interest": NaN,
        "EBITDA": NaN,
        "EBIT": NaN,
        "Net Interest Income": NaN,
        "Interest Income": NaN,
        "Normalized Income": NaN,
        "Net Income From Continuing And Discontinued Operation": NaN,
        "Total Expenses": NaN,
        "Total Operating Income As Reported": NaN,
        "Diluted Average Shares": NaN,
        "Basic Average Shares": NaN,
        "Diluted EPS": NaN,
        "Basic EPS": NaN,
        "Diluted NI Availto Com Stockholders": NaN,
        "Net Income Common Stockholders": NaN,
        "Net Income": NaN,
        "Net Income Including Noncontrolling Interests": NaN,
        "Net Income Continuous Operations": NaN,
        "Tax Provision": NaN,
        "Pretax Income": NaN,
        "Other Income Expense": 3176000.0,
        "Other Non Operating Income Expenses": 3176000.0,
        "Net Non Operating Interest Income Expense": NaN,
        "Interest Income Non Operating": NaN,
        "Operating Income": NaN,
        "Operating Expense": NaN,
        "Other Operating Expenses": NaN,
        "Research And Development": NaN,
        "Selling General And Administration": NaN,
        "General And Administrative Expense": NaN,
        "Other Gand A": NaN,
        "Insurance And Claims": NaN,
        "Salaries And Wages": NaN,
        "Total Revenue": NaN,
        "Operating Revenue": NaN
    },
    "2022-09-30": {
        "Tax Effect Of Unusual Items": NaN,
        "Tax Rate For Calcs": NaN,
        "Normalized EBITDA": NaN,
        "Net Income From Continuing Operation Net Minority Interest": NaN,
        "EBITDA": NaN,
        "EBIT": NaN,
        "Net Interest Income": NaN,
        "Interest Income": NaN,
        "Normalized Income": NaN,
        "Net Income From Continuing And Discontinued Operation": NaN,
        "Total Expenses": NaN,
        "Total Operating Income As Reported": NaN,
        "Diluted Average Shares": NaN,
        "Basic Average Shares": NaN,
        "Diluted EPS": NaN,
        "Basic EPS": NaN,
        "Diluted NI Availto Com Stockholders": NaN,
        "Net Income Common Stockholders": NaN,
        "Net Income": NaN,
        "Net Income Including Noncontrolling Interests": NaN,
        "Net Income Continuous Operations": NaN,
        "Tax Provision": NaN,
        "Pretax Income": NaN,
        "Other Income Expense": 672000.0,
        "Other Non Operating Income Expenses": 672000.0,
        "Net Non Operating Interest Income Expense": NaN,
        "Interest Income Non Operating": NaN,
        "Operating Income": NaN,
        "Operating Expense": NaN,
        "Other Operating Expenses": NaN,
        "Research And Development": NaN,
        "Selling General And Administration": NaN,
        "General And Administrative Expense": NaN,
        "Other Gand A": NaN,
        "Insurance And Claims": NaN,
        "Salaries And Wages": NaN,
        "Total Revenue": NaN,
        "Operating Revenue": NaN
    },
    "2022-06-30": {
        "Tax Effect Of Unusual Items": 0.0,
        "Tax Rate For Calcs": 0.0,
        "Normalized EBITDA": -18733000.0,
        "Net Income From Continuing Operation Net Minority Interest": -18466000.0,
        "EBITDA": -18733000.0,
        "EBIT": -18733000.0,
        "Net Interest Income": NaN,
        "Interest Income": NaN,
        "Normalized Income": -18466000.0,
        "Net Income From Continuing And Discontinued Operation": -18466000.0,
        "Total Expenses": 18733000.0,
        "Total Operating Income As Reported": -18733000.0,
        "Diluted Average Shares": 48319067.0,
        "Basic Average Shares": 48319067.0,
        "Diluted EPS": -0.38,
        "Basic EPS": -0.38,
        "Diluted NI Availto Com Stockholders": -18466000.0,
        "Net Income Common Stockholders": -18466000.0,
        "Net Income": -18466000.0,
        "Net Income Including Noncontrolling Interests": -18466000.0,
        "Net Income Continuous Operations": -18466000.0,
        "Pretax Income": -18466000.0,
        "Other Income Expense": 267000.0,
        "Other Non Operating Income Expenses": 267000.0,
        "Net Non Operating Interest Income Expense": NaN,
        "Interest Income Non Operating": NaN,
        "Operating Income": -18733000.0,
        "Operating Expense": 18733000.0,
        "Other Operating Expenses": NaN,
        "Research And Development": 13558000.0,
        "Selling General And Administration": 5175000.0,
        "General And Administrative Expense": 5175000.0,
        "Other Gand A": 2265000.0,
        "Insurance And Claims": NaN,
        "Salaries And Wages": 2910000.0,
        "Total Revenue": 0.0,
        "Operating Revenue": 0.0
    },
    "2022-03-31": {
        "Diluted EPS": -0.36,
        "Total Revenue": NaN,
        "Gross Profit": NaN,
        "Operating Income": -18,
        "EBIT": -17,
        "Net Income": -18
    },
    "2021-12-31": {
        "Diluted EPS": 3.63,
        "Total Revenue": NaN,
        "Gross Profit": NaN,
        "Operating Income": -17,
        "EBIT": -17,
        "Net Income": -17
    },
    "2021-09-30": {
        "Diluted EPS": -0.39,
        "Total Revenue": NaN,
        "Gross Profit": NaN,
        "Operating Income": -12,
        "EBIT": -12,
        "Net Income": -12
    },
    "2021-06-30": {
        "Diluted EPS": -3.17,
        "Total Revenue": NaN,
        "Gross Profit": NaN,
        "Operating Income": -10,
        "EBIT": -10,
        "Net Income": -10
    },
    "2021-03-31": {
        "Diluted EPS": -2.2,
        "Total Revenue": NaN,
        "Gross Profit": NaN,
        "Operating Income": -6,
        "EBIT": -6,
        "Net Income": -7
    },
    "2020-12-31": {
        "Diluted EPS": 0.0,
        "Total Revenue": NaN,
        "Gross Profit": NaN,
        "Operating Income": NaN,
        "EBIT": NaN,
        "Net Income": NaN
    },
    "2020-09-30": {
        "Diluted EPS": -1.57,
        "Total Revenue": NaN,
        "Gross Profit": NaN,
        "Operating Income": -4,
        "EBIT": -4,
        "Net Income": -5
    },
    "2020-06-30": {
        "Diluted EPS": -2.82,
        "Total Revenue": NaN,
        "Gross Profit": NaN,
        "Operating Income": -4,
        "EBIT": -4,
        "Net Income": -9
    },
    "2023-06-30": {
        "Tax Effect Of Unusual Items": NaN,
        "Tax Rate For Calcs": NaN,
        "Normalized EBITDA": NaN,
        "Net Income From Continuing Operation Net Minority Interest": NaN,
        "EBITDA": NaN,
        "EBIT": NaN,
        "Net Interest Income": NaN,
        "Interest Income": NaN,
        "Normalized Income": NaN,
        "Net Income From Continuing And Discontinued Operation": NaN,
        "Total Expenses": NaN,
        "Total Operating Income As Reported": NaN,
        "Diluted Average Shares": NaN,
        "Basic Average Shares": NaN,
        "Diluted EPS": NaN,
        "Basic EPS": NaN,
        "Diluted NI Availto Com Stockholders": NaN,
        "Net Income Common Stockholders": NaN,
        "Net Income": NaN,
        "Net Income Including Noncontrolling Interests": NaN,
        "Net Income Continuous Operations": NaN,
        "Tax Provision": 0.0,
        "Pretax Income": NaN,
        "Other Income Expense": NaN,
        "Other Non Operating Income Expenses": NaN,
        "Net Non Operating Interest Income Expense": NaN,
        "Interest Income Non Operating": NaN,
        "Operating Income": NaN,
        "Operating Expense": NaN,
        "Other Operating Expenses": NaN,
        "Research And Development": NaN,
        "Selling General And Administration": NaN,
        "General And Administrative Expense": NaN,
        "Other Gand A": NaN,
        "Insurance And Claims": NaN,
        "Salaries And Wages": NaN,
        "Total Revenue": NaN,
        "Operating Revenue": NaN
    },
    "2023-09-30": {
        "Tax Effect Of Unusual Items": NaN,
        "Tax Rate For Calcs": NaN,
        "Normalized EBITDA": NaN,
        "Net Income From Continuing Operation Net Minority Interest": NaN,
        "EBITDA": NaN,
        "EBIT": NaN,
        "Net Interest Income": NaN,
        "Interest Income": NaN,
        "Normalized Income": NaN,
        "Net Income From Continuing And Discontinued Operation": NaN,
        "Total Expenses": NaN,
        "Total Operating Income As Reported": NaN,
        "Diluted Average Shares": NaN,
        "Basic Average Shares": NaN,
        "Diluted EPS": NaN,
        "Basic EPS": NaN,
        "Diluted NI Availto Com Stockholders": NaN,
        "Net Income Common Stockholders": NaN,
        "Net Income": NaN,
        "Net Income Including Noncontrolling Interests": NaN,
        "Net Income Continuous Operations": NaN,
        "Tax Provision": 0.0,
        "Pretax Income": NaN,
        "Other Income Expense": NaN,
        "Other Non Operating Income Expenses": NaN,
        "Net Non Operating Interest Income Expense": NaN,
        "Interest Income Non Operating": NaN,
        "Operating Income": NaN,
        "Operating Expense": NaN,
        "Other Operating Expenses": NaN,
        "Research And Development": NaN,
        "Selling General And Administration": NaN,
        "General And Administrative Expense": NaN,
        "Other Gand A": NaN,
        "Insurance And Claims": NaN,
        "Salaries And Wages": NaN,
        "Total Revenue": NaN,
        "Operating Revenue": NaN
    },
    "2023-12-31": {
        "Tax Effect Of Unusual Items": 0.0,
        "Tax Rate For Calcs": 0.0,
        "Normalized EBITDA": -46437000.0,
        "Net Income From Continuing Operation Net Minority Interest": -38292000.0,
        "EBITDA": -46437000.0,
        "EBIT": -46437000.0,
        "Net Interest Income": 8145000.0,
        "Interest Income": 8145000.0,
        "Normalized Income": -38292000.0,
        "Net Income From Continuing And Discontinued Operation": -38292000.0,
        "Total Expenses": 46437000.0,
        "Total Operating Income As Reported": -46437000.0,
        "Diluted Average Shares": 62183325.0,
        "Basic Average Shares": 62183325.0,
        "Diluted EPS": -0.62,
        "Basic EPS": -0.62,
        "Diluted NI Availto Com Stockholders": -38292000.0,
        "Net Income Common Stockholders": -38292000.0,
        "Net Income": -38292000.0,
        "Net Income Including Noncontrolling Interests": -38292000.0,
        "Net Income Continuous Operations": -38292000.0,
        "Tax Provision": NaN,
        "Pretax Income": -38292000.0,
        "Other Income Expense": NaN,
        "Other Non Operating Income Expenses": NaN,
        "Net Non Operating Interest Income Expense": 8145000.0,
        "Interest Income Non Operating": 8145000.0,
        "Operating Income": -46437000.0,
        "Operating Expense": 46437000.0,
        "Other Operating Expenses": NaN,
        "Research And Development": 35585000.0,
        "Selling General And Administration": 10852000.0,
        "General And Administrative Expense": 10852000.0,
        "Other Gand A": 2423000.0,
        "Insurance And Claims": 1394000.0,
        "Salaries And Wages": 7035000.0,
        "Total Revenue": 0.0,
        "Operating Revenue": 0.0
    },
    "2024-03-31": {
        "Tax Effect Of Unusual Items": NaN,
        "Tax Rate For Calcs": NaN,
        "Normalized EBITDA": NaN,
        "Net Income From Continuing Operation Net Minority Interest": NaN,
        "EBITDA": NaN,
        "EBIT": NaN,
        "Net Interest Income": NaN,
        "Interest Income": NaN,
        "Normalized Income": NaN,
        "Net Income From Continuing And Discontinued Operation": NaN,
        "Total Expenses": NaN,
        "Total Operating Income As Reported": NaN,
        "Diluted Average Shares": NaN,
        "Basic Average Shares": NaN,
        "Diluted EPS": NaN,
        "Basic EPS": NaN,
        "Diluted NI Availto Com Stockholders": NaN,
        "Net Income Common Stockholders": NaN,
        "Net Income": NaN,
        "Net Income Including Noncontrolling Interests": NaN,
        "Net Income Continuous Operations": NaN,
        "Tax Provision": NaN,
        "Pretax Income": NaN,
        "Other Income Expense": NaN,
        "Other Non Operating Income Expenses": NaN,
        "Net Non Operating Interest Income Expense": NaN,
        "Interest Income Non Operating": NaN,
        "Operating Income": NaN,
        "Operating Expense": NaN,
        "Other Operating Expenses": 13954000.0,
        "Research And Development": NaN,
        "Selling General And Administration": NaN,
        "General And Administrative Expense": NaN,
        "Other Gand A": NaN,
        "Insurance And Claims": 1767000.0,
        "Salaries And Wages": NaN,
        "Total Revenue": NaN,
        "Operating Revenue": NaN
    },
    "2024-06-30": {
        "Tax Effect Of Unusual Items": 0.0,
        "Tax Rate For Calcs": 0.21,
        "Normalized EBITDA": -65150000.0,
        "Net Income From Continuing Operation Net Minority Interest": -57166000.0,
        "EBITDA": -65150000.0,
        "EBIT": -65150000.0,
        "Net Interest Income": 8154000.0,
        "Interest Income": 8154000.0,
        "Normalized Income": -57166000.0,
        "Net Income From Continuing And Discontinued Operation": -57166000.0,
        "Total Expenses": 65150000.0,
        "Total Operating Income As Reported": -65150000.0,
        "Diluted Average Shares": 64605308.0,
        "Basic Average Shares": 64605308.0,
        "Diluted EPS": -0.88,
        "Basic EPS": -0.88,
        "Diluted NI Availto Com Stockholders": -57166000.0,
        "Net Income Common Stockholders": -57166000.0,
        "Net Income": -57166000.0,
        "Net Income Including Noncontrolling Interests": -57166000.0,
        "Net Income Continuous Operations": -57166000.0,
        "Tax Provision": 170000.0,
        "Pretax Income": -56996000.0,
        "Other Income Expense": NaN,
        "Other Non Operating Income Expenses": NaN,
        "Net Non Operating Interest Income Expense": 8154000.0,
        "Interest Income Non Operating": 8154000.0,
        "Operating Income": -65150000.0,
        "Operating Expense": 65150000.0,
        "Other Operating Expenses": NaN,
        "Research And Development": 49166000.0,
        "Selling General And Administration": 15984000.0,
        "General And Administrative Expense": 15984000.0,
        "Other Gand A": 5119000.0,
        "Insurance And Claims": 2467000.0,
        "Salaries And Wages": 10865000.0,
        "Total Revenue": 0.0,
        "Operating Revenue": 0.0
    },
    "2024-09-30": {
        "Tax Effect Of Unusual Items": 0.0,
        "Tax Rate For Calcs": 0.21,
        "Normalized EBITDA": -76331000.0,
        "Net Income From Continuing Operation Net Minority Interest": -84345000.0,
        "EBITDA": -76331000.0,
        "EBIT": -76331000.0,
        "Net Interest Income": 8626000.0,
        "Interest Income": 8626000.0,
        "Normalized Income": -84345000.0,
        "Net Income From Continuing And Discontinued Operation": -84345000.0,
        "Total Expenses": 76331000.0,
        "Total Operating Income As Reported": -76331000.0,
        "Diluted Average Shares": 65678693.0,
        "Basic Average Shares": 65678693.0,
        "Diluted EPS": -1.28,
        "Basic EPS": -1.28,
        "Diluted NI Availto Com Stockholders": -84345000.0,
        "Net Income Common Stockholders": -84345000.0,
        "Net Income": -84345000.0,
        "Net Income Including Noncontrolling Interests": -84345000.0,
        "Net Income Continuous Operations": -84345000.0,
        "Tax Provision": 40000.0,
        "Pretax Income": -84305000.0,
        "Other Income Expense": -16600000.0,
        "Other Non Operating Income Expenses": -16600000.0,
        "Net Non Operating Interest Income Expense": 8626000.0,
        "Interest Income Non Operating": 8626000.0,
        "Operating Income": -76331000.0,
        "Operating Expense": 76331000.0,
        "Other Operating Expenses": NaN,
        "Research And Development": 60551000.0,
        "Selling General And Administration": 15780000.0,
        "General And Administrative Expense": 15780000.0,
        "Other Gand A": 3058000.0,
        "Insurance And Claims": 2513000.0,
        "Salaries And Wages": 10209000.0,
        "Total Revenue": 0.0,
        "Operating Revenue": 0.0
    },
    "2024-12-31": {
        "Tax Effect Of Unusual Items": 0.0,
        "Tax Rate For Calcs": 0.21,
        "Normalized EBITDA": -86299000.0,
        "Net Income From Continuing Operation Net Minority Interest": -74763000.0,
        "EBITDA": -86299000.0,
        "EBIT": -86299000.0,
        "Net Interest Income": 13047000.0,
        "Interest Income": 13047000.0,
        "Normalized Income": -74763000.0,
        "Net Income From Continuing And Discontinued Operation": -74763000.0,
        "Total Expenses": 86299000.0,
        "Total Operating Income As Reported": -86299000.0,
        "Diluted Average Shares": 71156489.0,
        "Basic Average Shares": 71156489.0,
        "Diluted EPS": -1.05,
        "Basic EPS": -1.05,
        "Diluted NI Availto Com Stockholders": -74763000.0,
        "Net Income Common Stockholders": -74763000.0,
        "Net Income": -74763000.0,
        "Net Income Including Noncontrolling Interests": -74763000.0,
        "Net Income Continuous Operations": -74763000.0,
        "Tax Provision": 171000.0,
        "Pretax Income": -74592000.0,
        "Other Income Expense": -1340000.0,
        "Other Non Operating Income Expenses": -1340000.0,
        "Net Non Operating Interest Income Expense": 13047000.0,
        "Interest Income Non Operating": 13047000.0,
        "Operating Income": -86299000.0,
        "Operating Expense": 86299000.0,
        "Other Operating Expenses": NaN,
        "Research And Development": 69423000.0,
        "Selling General And Administration": 16876000.0,
        "General And Administrative Expense": 16876000.0,
        "Other Gand A": 3119000.0,
        "Insurance And Claims": 2887000.0,
        "Salaries And Wages": 10870000.0,
        "Total Revenue": 0.0,
        "Operating Revenue": 0.0
    },
    "2025-03-31": {
        "Tax Effect Of Unusual Items": 0.0,
        "Tax Rate For Calcs": 0.21,
        "Normalized EBITDA": -94812000.0,
        "Net Income From Continuing Operation Net Minority Interest": -84582000.0,
        "EBITDA": -94812000.0,
        "EBIT": -94812000.0,
        "Net Interest Income": 11817000.0,
        "Interest Income": 11817000.0,
        "Normalized Income": -84582000.0,
        "Net Income From Continuing And Discontinued Operation": -84582000.0,
        "Total Expenses": 94812000.0,
        "Total Operating Income As Reported": -94812000.0,
        "Diluted Average Shares": 71607546.0,
        "Basic Average Shares": 71607546.0,
        "Diluted EPS": -1.18,
        "Basic EPS": -1.18,
        "Diluted NI Availto Com Stockholders": -84582000.0,
        "Net Income Common Stockholders": -84582000.0,
        "Net Income": -84582000.0,
        "Net Income Including Noncontrolling Interests": -84582000.0,
        "Net Income Continuous Operations": -84582000.0,
        "Tax Provision": 157000.0,
        "Pretax Income": -84425000.0,
        "Other Income Expense": -1430000.0,
        "Other Non Operating Income Expenses": -1430000.0,
        "Net Non Operating Interest Income Expense": 11817000.0,
        "Interest Income Non Operating": 11817000.0,
        "Operating Income": -94812000.0,
        "Operating Expense": 94812000.0,
        "Other Operating Expenses": NaN,
        "Research And Development": 74418000.0,
        "Selling General And Administration": 20394000.0,
        "General And Administrative Expense": 20394000.0,
        "Other Gand A": 2866000.0,
        "Insurance And Claims": 4455000.0,
        "Salaries And Wages": 13073000.0,
        "Total Revenue": 0.0,
        "Operating Revenue": 0.0
    },
    "2025-06-30": {
        "Tax Effect Of Unusual Items": 0.0,
        "Tax Rate For Calcs": 0.21,
        "Normalized EBITDA": -104571000.0,
        "Net Income From Continuing Operation Net Minority Interest": -99653000.0,
        "EBITDA": -104571000.0,
        "EBIT": -104571000.0,
        "Net Interest Income": 11103000.0,
        "Interest Income": 11103000.0,
        "Normalized Income": -99653000.0,
        "Net Income From Continuing And Discontinued Operation": -99653000.0,
        "Total Expenses": 104571000.0,
        "Total Operating Income As Reported": -104571000.0,
        "Diluted Average Shares": 71843774.0,
        "Basic Average Shares": 71843774.0,
        "Diluted EPS": -1.39,
        "Basic EPS": -1.39,
        "Diluted NI Availto Com Stockholders": -99653000.0,
        "Net Income Common Stockholders": -99653000.0,
        "Net Income": -99653000.0,
        "Net Income Including Noncontrolling Interests": -99653000.0,
        "Net Income Continuous Operations": -99653000.0,
        "Tax Provision": 145000.0,
        "Pretax Income": -99508000.0,
        "Other Income Expense": -6040000.0,
        "Other Non Operating Income Expenses": -6040000.0,
        "Net Non Operating Interest Income Expense": 11103000.0,
        "Interest Income Non Operating": 11103000.0,
        "Operating Income": -104571000.0,
        "Operating Expense": 104571000.0,
        "Other Operating Expenses": NaN,
        "Research And Development": 80913000.0,
        "Selling General And Administration": 23658000.0,
        "General And Administrative Expense": 23658000.0,
        "Other Gand A": 8127000.0,
        "Insurance And Claims": NaN,
        "Salaries And Wages": 15531000.0,
        "Total Revenue": 0.0,
        "Operating Revenue": 0.0
    }
}