{
    "2023-03-31": {
        "Tax Effect Of Unusual Items": NaN,
        "Tax Rate For Calcs": NaN,
        "Normalized EBITDA": NaN,
        "Total Unusual Items": -755000.0,
        "Total Unusual Items Excluding Goodwill": -755000.0,
        "Net Income From Continuing Operation Net Minority Interest": NaN,
        "Reconciled Depreciation": NaN,
        "Reconciled Cost Of Revenue": NaN,
        "EBITDA": NaN,
        "EBIT": NaN,
        "Net Interest Income": NaN,
        "Interest Expense": NaN,
        "Normalized Income": NaN,
        "Net Income From Continuing And Discontinued Operation": NaN,
        "Total Expenses": NaN,
        "Total Operating Income As Reported": NaN,
        "Diluted Average Shares": NaN,
        "Basic Average Shares": NaN,
        "Diluted EPS": NaN,
        "Basic EPS": NaN,
        "Diluted NI Availto Com Stockholders": NaN,
        "Net Income Common Stockholders": NaN,
        "Preferred Stock Dividends": NaN,
        "Net Income": NaN,
        "Net Income Including Noncontrolling Interests": NaN,
        "Net Income Continuous Operations": NaN,
        "Tax Provision": NaN,
        "Pretax Income": NaN,
        "Other Income Expense": NaN,
        "Other Non Operating Income Expenses": NaN,
        "Gain On Sale Of Security": -755000.0,
        "Net Non Operating Interest Income Expense": NaN,
        "Interest Expense Non Operating": NaN,
        "Operating Income": NaN,
        "Operating Expense": NaN,
        "Research And Development": NaN,
        "Selling General And Administration": NaN,
        "Gross Profit": NaN,
        "Cost Of Revenue": NaN,
        "Total Revenue": NaN,
        "Operating Revenue": NaN
    },
    "2022-12-31": {
        "Tax Effect Of Unusual Items": 0.0,
        "Tax Rate For Calcs": 0.21,
        "Normalized EBITDA": 7439000.0,
        "Total Unusual Items": NaN,
        "Total Unusual Items Excluding Goodwill": NaN,
        "Net Income From Continuing Operation Net Minority Interest": -1896000.0,
        "Reconciled Depreciation": 71000.0,
        "Reconciled Cost Of Revenue": 1008000.0,
        "EBITDA": 7439000.0,
        "EBIT": 7368000.0,
        "Normalized Income": -1896000.0,
        "Net Income From Continuing And Discontinued Operation": -1896000.0,
        "Total Expenses": 6873000.0,
        "Total Operating Income As Reported": -4534000.0,
        "Diluted Average Shares": 379000.0,
        "Basic Average Shares": 379000.0,
        "Diluted EPS": -5.0,
        "Basic EPS": -5.0,
        "Diluted NI Availto Com Stockholders": -1896000.0,
        "Net Income Common Stockholders": -1896000.0,
        "Net Income": -1896000.0,
        "Net Income Including Noncontrolling Interests": -1896000.0,
        "Net Income Continuous Operations": -1896000.0,
        "Tax Provision": 3000.0,
        "Pretax Income": -1893000.0,
        "Other Income Expense": 11888000.0,
        "Other Non Operating Income Expenses": 61000.0,
        "Gain On Sale Of Security": NaN,
        "Operating Income": -4534000.0,
        "Operating Expense": 5865000.0,
        "Research And Development": 1201000.0,
        "Selling General And Administration": 4664000.0,
        "Gross Profit": 1331000.0,
        "Cost Of Revenue": 1008000.0,
        "Total Revenue": 2339000.0,
        "Operating Revenue": 2339000.0
    },
    "2022-09-30": {
        "Tax Effect Of Unusual Items": 0.0,
        "Tax Rate For Calcs": 0.4,
        "Normalized EBITDA": -3825000.0,
        "Total Unusual Items": NaN,
        "Total Unusual Items Excluding Goodwill": NaN,
        "Net Income From Continuing Operation Net Minority Interest": -3870000.0,
        "Reconciled Depreciation": 95000.0,
        "Reconciled Cost Of Revenue": 806000.0,
        "EBITDA": -3825000.0,
        "EBIT": -3920000.0,
        "Net Interest Income": NaN,
        "Interest Expense": NaN,
        "Normalized Income": -3870000.0,
        "Net Income From Continuing And Discontinued Operation": -3870000.0,
        "Total Expenses": 5985000.0,
        "Total Operating Income As Reported": -3920000.0,
        "Diluted Average Shares": 105000.0,
        "Basic Average Shares": 105000.0,
        "Diluted EPS": -36.72,
        "Basic EPS": -36.72,
        "Diluted NI Availto Com Stockholders": -3870000.0,
        "Net Income Common Stockholders": -3870000.0,
        "Net Income": -3870000.0,
        "Net Income Including Noncontrolling Interests": -3870000.0,
        "Net Income Continuous Operations": -3870000.0,
        "Tax Provision": 2000.0,
        "Pretax Income": -3868000.0,
        "Other Income Expense": 52000.0,
        "Other Non Operating Income Expenses": 52000.0,
        "Gain On Sale Of Security": NaN,
        "Net Non Operating Interest Income Expense": NaN,
        "Interest Expense Non Operating": NaN,
        "Operating Income": -3920000.0,
        "Operating Expense": 5179000.0,
        "Research And Development": 928000.0,
        "Selling General And Administration": 4251000.0,
        "Gross Profit": 1259000.0,
        "Cost Of Revenue": 806000.0,
        "Total Revenue": 2065000.0,
        "Operating Revenue": 2065000.0
    },
    "2022-06-30": {
        "Tax Effect Of Unusual Items": 0.0,
        "Tax Rate For Calcs": 0.4,
        "Normalized EBITDA": -4200000.0,
        "Total Unusual Items": NaN,
        "Total Unusual Items Excluding Goodwill": NaN,
        "Net Income From Continuing Operation Net Minority Interest": -4286000.0,
        "Reconciled Depreciation": 101000.0,
        "Reconciled Cost Of Revenue": 1150000.0,
        "EBITDA": -4200000.0,
        "EBIT": -4301000.0,
        "Net Interest Income": NaN,
        "Interest Expense": NaN,
        "Normalized Income": -4286000.0,
        "Net Income From Continuing And Discontinued Operation": -4286000.0,
        "Total Expenses": 6514000.0,
        "Total Operating Income As Reported": -4301000.0,
        "Diluted Average Shares": 105000.0,
        "Basic Average Shares": 105000.0,
        "Diluted EPS": -40.67,
        "Basic EPS": -40.67,
        "Diluted NI Availto Com Stockholders": -4286000.0,
        "Net Income Common Stockholders": -4286000.0,
        "Net Income": -4286000.0,
        "Net Income Including Noncontrolling Interests": -4286000.0,
        "Net Income Continuous Operations": -4286000.0,
        "Tax Provision": 2000.0,
        "Pretax Income": -4284000.0,
        "Other Income Expense": 17000.0,
        "Other Non Operating Income Expenses": 17000.0,
        "Gain On Sale Of Security": NaN,
        "Net Non Operating Interest Income Expense": NaN,
        "Interest Expense Non Operating": NaN,
        "Operating Income": -4301000.0,
        "Operating Expense": 5364000.0,
        "Research And Development": 1107000.0,
        "Selling General And Administration": 4257000.0,
        "Gross Profit": 1063000.0,
        "Cost Of Revenue": 1150000.0,
        "Total Revenue": 2213000.0,
        "Operating Revenue": 2213000.0
    },
    "2022-03-31": {
        "Diluted EPS": -42.45,
        "Total Revenue": 2,
        "Gross Profit": 1,
        "Operating Income": -4,
        "EBIT": -4,
        "Net Income": -4
    },
    "2021-12-31": {
        "Diluted EPS": 23.64,
        "Total Revenue": 2,
        "Gross Profit": 1,
        "Operating Income": -4,
        "EBIT": -4,
        "Net Income": -4
    },
    "2021-09-30": {
        "Diluted EPS": -75.0,
        "Total Revenue": 2,
        "Gross Profit": 1,
        "Operating Income": -5,
        "EBIT": -5,
        "Net Income": -5
    },
    "2021-06-30": {
        "Diluted EPS": -72.0,
        "Total Revenue": 3,
        "Gross Profit": 2,
        "Operating Income": -5,
        "EBIT": -5,
        "Net Income": -5
    },
    "2021-03-31": {
        "Diluted EPS": -162.0,
        "Total Revenue": 2,
        "Gross Profit": 1,
        "Operating Income": -5,
        "EBIT": -5,
        "Net Income": -5
    },
    "2020-12-31": {
        "Diluted EPS": 605.0,
        "Total Revenue": 2,
        "Gross Profit": 1,
        "Operating Income": -4,
        "EBIT": -4,
        "Net Income": -3
    },
    "2020-09-30": {
        "Diluted EPS": -208.0,
        "Total Revenue": 2,
        "Gross Profit": 1,
        "Operating Income": -4,
        "EBIT": -4,
        "Net Income": -4
    },
    "2020-06-30": {
        "Diluted EPS": -310.0,
        "Total Revenue": 2,
        "Gross Profit": 1,
        "Operating Income": -4,
        "EBIT": -4,
        "Net Income": -4
    },
    "2020-03-31": {
        "Diluted EPS": NaN,
        "Total Revenue": 2,
        "Gross Profit": 1,
        "Operating Income": -5,
        "EBIT": -5,
        "Net Income": -6
    },
    "2019-12-31": {
        "Diluted EPS": NaN,
        "Total Revenue": 1,
        "Gross Profit": 1,
        "Operating Income": -4,
        "EBIT": -4,
        "Net Income": -4
    },
    "2019-09-30": {
        "Diluted EPS": NaN,
        "Total Revenue": 1,
        "Gross Profit": 1,
        "Operating Income": -5,
        "EBIT": -4,
        "Net Income": -5
    },
    "2019-06-30": {
        "Diluted EPS": NaN,
        "Total Revenue": 2,
        "Gross Profit": 1,
        "Operating Income": -4,
        "EBIT": -4,
        "Net Income": -4
    },
    "2019-03-31": {
        "Diluted EPS": NaN,
        "Total Revenue": 1,
        "Gross Profit": 1,
        "Operating Income": -5,
        "EBIT": -5,
        "Net Income": -9
    },
    "2018-12-31": {
        "Diluted EPS": NaN,
        "Total Revenue": 1,
        "Gross Profit": 1,
        "Operating Income": -4,
        "EBIT": -4,
        "Net Income": -4
    },
    "2018-09-30": {
        "Diluted EPS": NaN,
        "Total Revenue": 1,
        "Gross Profit": 0,
        "Operating Income": -4,
        "EBIT": -4,
        "Net Income": -4
    },
    "2018-06-30": {
        "Diluted EPS": NaN,
        "Total Revenue": 1,
        "Gross Profit": 0,
        "Operating Income": -4,
        "EBIT": -4,
        "Net Income": -4
    },
    "2018-03-31": {
        "Diluted EPS": NaN,
        "Total Revenue": 1,
        "Gross Profit": 0,
        "Operating Income": -4,
        "EBIT": -4,
        "Net Income": -4
    },
    "2017-12-31": {
        "Diluted EPS": NaN,
        "Total Revenue": 1,
        "Gross Profit": 0,
        "Operating Income": -7,
        "EBIT": -3,
        "Net Income": -19
    },
    "2017-09-30": {
        "Diluted EPS": NaN,
        "Total Revenue": 1,
        "Gross Profit": 0,
        "Operating Income": -3,
        "EBIT": -3,
        "Net Income": -3
    },
    "2017-06-30": {
        "Diluted EPS": NaN,
        "Total Revenue": 1,
        "Gross Profit": 0,
        "Operating Income": -2,
        "EBIT": -2,
        "Net Income": -2
    },
    "2017-03-31": {
        "Diluted EPS": NaN,
        "Total Revenue": 1,
        "Gross Profit": 0,
        "Operating Income": -2,
        "EBIT": -2,
        "Net Income": -1
    },
    "2016-12-31": {
        "Diluted EPS": NaN,
        "Total Revenue": 1,
        "Gross Profit": 0,
        "Operating Income": -3,
        "EBIT": -3,
        "Net Income": -5
    },
    "2016-09-30": {
        "Diluted EPS": NaN,
        "Total Revenue": 1,
        "Gross Profit": 0,
        "Operating Income": -4,
        "EBIT": -4,
        "Net Income": -4
    },
    "2016-06-30": {
        "Diluted EPS": -6.83,
        "Total Revenue": NaN,
        "Gross Profit": NaN,
        "Operating Income": -4,
        "EBIT": -4,
        "Net Income": -4
    },
    "2016-03-31": {
        "Diluted EPS": -7.82,
        "Total Revenue": NaN,
        "Gross Profit": NaN,
        "Operating Income": -5,
        "EBIT": -4,
        "Net Income": -5
    },
    "2015-12-31": {
        "Diluted EPS": -42.9,
        "Total Revenue": NaN,
        "Gross Profit": NaN,
        "Operating Income": -6,
        "EBIT": -6,
        "Net Income": -7
    },
    "2015-09-30": {
        "Diluted EPS": -0.36,
        "Total Revenue": NaN,
        "Gross Profit": NaN,
        "Operating Income": -6,
        "EBIT": -6,
        "Net Income": -7
    },
    "2015-06-30": {
        "Diluted EPS": -0.35,
        "Total Revenue": NaN,
        "Gross Profit": NaN,
        "Operating Income": -6,
        "EBIT": -6,
        "Net Income": -6
    },
    "2015-03-31": {
        "Diluted EPS": -0.4,
        "Total Revenue": 0,
        "Gross Profit": 0,
        "Operating Income": -7,
        "EBIT": -7,
        "Net Income": -7
    },
    "2014-12-31": {
        "Diluted EPS": -0.39,
        "Total Revenue": 0,
        "Gross Profit": 0,
        "Operating Income": -7,
        "EBIT": -7,
        "Net Income": -7
    },
    "2014-09-30": {
        "Diluted EPS": -0.36,
        "Total Revenue": 0,
        "Gross Profit": 0,
        "Operating Income": -6,
        "EBIT": -6,
        "Net Income": -6
    },
    "2014-06-30": {
        "Diluted EPS": -0.38,
        "Total Revenue": NaN,
        "Gross Profit": NaN,
        "Operating Income": -7,
        "EBIT": -7,
        "Net Income": -6
    },
    "2014-03-31": {
        "Diluted EPS": -0.38,
        "Total Revenue": 0,
        "Gross Profit": 0,
        "Operating Income": -6,
        "EBIT": -6,
        "Net Income": -6
    },
    "2013-12-31": {
        "Diluted EPS": -0.42,
        "Total Revenue": NaN,
        "Gross Profit": NaN,
        "Operating Income": -7,
        "EBIT": -7,
        "Net Income": -7
    },
    "2013-09-30": {
        "Diluted EPS": -0.47,
        "Total Revenue": 0,
        "Gross Profit": 0,
        "Operating Income": -6,
        "EBIT": -6,
        "Net Income": -6
    },
    "2013-06-30": {
        "Diluted EPS": -0.35,
        "Total Revenue": NaN,
        "Gross Profit": NaN,
        "Operating Income": -5,
        "EBIT": -5,
        "Net Income": -4
    },
    "2013-03-31": {
        "Diluted EPS": -0.47,
        "Total Revenue": NaN,
        "Gross Profit": NaN,
        "Operating Income": -4,
        "EBIT": -4,
        "Net Income": -4
    },
    "2012-12-31": {
        "Diluted EPS": -0.48,
        "Total Revenue": NaN,
        "Gross Profit": NaN,
        "Operating Income": -4,
        "EBIT": -4,
        "Net Income": -4
    },
    "2012-09-30": {
        "Diluted EPS": -0.42,
        "Total Revenue": NaN,
        "Gross Profit": NaN,
        "Operating Income": -3,
        "EBIT": -3,
        "Net Income": -3
    },
    "2012-06-30": {
        "Diluted EPS": -0.42,
        "Total Revenue": NaN,
        "Gross Profit": NaN,
        "Operating Income": -3,
        "EBIT": -3,
        "Net Income": -3
    },
    "2012-03-31": {
        "Diluted EPS": -0.66,
        "Total Revenue": NaN,
        "Gross Profit": NaN,
        "Operating Income": -4,
        "EBIT": -4,
        "Net Income": -4
    },
    "2011-12-31": {
        "Diluted EPS": -0.91,
        "Total Revenue": NaN,
        "Gross Profit": NaN,
        "Operating Income": -5,
        "EBIT": -5,
        "Net Income": -5
    },
    "2011-09-30": {
        "Diluted EPS": -0.84,
        "Total Revenue": NaN,
        "Gross Profit": NaN,
        "Operating Income": -5,
        "EBIT": -5,
        "Net Income": -5
    },
    "2011-06-30": {
        "Diluted EPS": -0.68,
        "Total Revenue": NaN,
        "Gross Profit": NaN,
        "Operating Income": -4,
        "EBIT": -4,
        "Net Income": -3
    },
    "2011-03-31": {
        "Diluted EPS": -0.55,
        "Total Revenue": NaN,
        "Gross Profit": NaN,
        "Operating Income": -3,
        "EBIT": -3,
        "Net Income": -3
    },
    "2010-12-31": {
        "Diluted EPS": 0.0,
        "Total Revenue": NaN,
        "Gross Profit": NaN,
        "Operating Income": NaN,
        "EBIT": NaN,
        "Net Income": NaN
    },
    "2023-06-30": {
        "Tax Effect Of Unusual Items": NaN,
        "Tax Rate For Calcs": NaN,
        "Normalized EBITDA": NaN,
        "Total Unusual Items": NaN,
        "Total Unusual Items Excluding Goodwill": NaN,
        "Net Income From Continuing Operation Net Minority Interest": NaN,
        "Reconciled Depreciation": NaN,
        "Reconciled Cost Of Revenue": NaN,
        "EBITDA": NaN,
        "EBIT": NaN,
        "Net Interest Income": 0.0,
        "Interest Expense": 0.0,
        "Normalized Income": NaN,
        "Net Income From Continuing And Discontinued Operation": NaN,
        "Total Expenses": NaN,
        "Total Operating Income As Reported": NaN,
        "Diluted Average Shares": NaN,
        "Basic Average Shares": NaN,
        "Diluted EPS": NaN,
        "Basic EPS": NaN,
        "Diluted NI Availto Com Stockholders": NaN,
        "Net Income Common Stockholders": NaN,
        "Preferred Stock Dividends": NaN,
        "Net Income": NaN,
        "Net Income Including Noncontrolling Interests": NaN,
        "Net Income Continuous Operations": NaN,
        "Tax Provision": NaN,
        "Pretax Income": NaN,
        "Other Income Expense": NaN,
        "Other Non Operating Income Expenses": NaN,
        "Gain On Sale Of Security": NaN,
        "Net Non Operating Interest Income Expense": 0.0,
        "Interest Expense Non Operating": 0.0,
        "Operating Income": NaN,
        "Operating Expense": NaN,
        "Research And Development": NaN,
        "Selling General And Administration": NaN,
        "Gross Profit": NaN,
        "Cost Of Revenue": NaN,
        "Total Revenue": NaN,
        "Operating Revenue": NaN
    },
    "2023-09-30": {
        "Tax Effect Of Unusual Items": NaN,
        "Tax Rate For Calcs": NaN,
        "Normalized EBITDA": NaN,
        "Total Unusual Items": NaN,
        "Total Unusual Items Excluding Goodwill": NaN,
        "Net Income From Continuing Operation Net Minority Interest": NaN,
        "Reconciled Depreciation": NaN,
        "Reconciled Cost Of Revenue": NaN,
        "EBITDA": NaN,
        "EBIT": NaN,
        "Net Interest Income": 0.0,
        "Interest Expense": 0.0,
        "Normalized Income": NaN,
        "Net Income From Continuing And Discontinued Operation": NaN,
        "Total Expenses": NaN,
        "Total Operating Income As Reported": NaN,
        "Diluted Average Shares": NaN,
        "Basic Average Shares": NaN,
        "Diluted EPS": NaN,
        "Basic EPS": NaN,
        "Diluted NI Availto Com Stockholders": NaN,
        "Net Income Common Stockholders": NaN,
        "Preferred Stock Dividends": NaN,
        "Net Income": NaN,
        "Net Income Including Noncontrolling Interests": NaN,
        "Net Income Continuous Operations": NaN,
        "Tax Provision": NaN,
        "Pretax Income": NaN,
        "Other Income Expense": NaN,
        "Other Non Operating Income Expenses": NaN,
        "Gain On Sale Of Security": NaN,
        "Net Non Operating Interest Income Expense": 0.0,
        "Interest Expense Non Operating": 0.0,
        "Operating Income": NaN,
        "Operating Expense": NaN,
        "Research And Development": NaN,
        "Selling General And Administration": NaN,
        "Gross Profit": NaN,
        "Cost Of Revenue": NaN,
        "Total Revenue": NaN,
        "Operating Revenue": NaN
    },
    "2023-12-31": {
        "Tax Effect Of Unusual Items": 317730.0,
        "Tax Rate For Calcs": 0.21,
        "Normalized EBITDA": -4085000.0,
        "Total Unusual Items": 1513000.0,
        "Total Unusual Items Excluding Goodwill": 1513000.0,
        "Net Income From Continuing Operation Net Minority Interest": -5509000.0,
        "Reconciled Depreciation": 109000.0,
        "Reconciled Cost Of Revenue": 1163000.0,
        "EBITDA": -2572000.0,
        "EBIT": -2681000.0,
        "Net Interest Income": NaN,
        "Interest Expense": NaN,
        "Normalized Income": -6704270.0,
        "Net Income From Continuing And Discontinued Operation": -5509000.0,
        "Total Expenses": 6144000.0,
        "Total Operating Income As Reported": -3593000.0,
        "Diluted Average Shares": 101119.0,
        "Basic Average Shares": 101119.0,
        "Diluted EPS": -78.4,
        "Basic EPS": -78.4,
        "Diluted NI Availto Com Stockholders": -7927000.0,
        "Net Income Common Stockholders": -7927000.0,
        "Preferred Stock Dividends": NaN,
        "Net Income": -5509000.0,
        "Net Income Including Noncontrolling Interests": -5509000.0,
        "Net Income Continuous Operations": -5509000.0,
        "Tax Provision": 2000.0,
        "Pretax Income": -5507000.0,
        "Other Income Expense": 1569000.0,
        "Other Non Operating Income Expenses": 56000.0,
        "Gain On Sale Of Security": 1513000.0,
        "Net Non Operating Interest Income Expense": NaN,
        "Interest Expense Non Operating": NaN,
        "Operating Income": -3593000.0,
        "Operating Expense": 4981000.0,
        "Research And Development": 1372000.0,
        "Selling General And Administration": 3609000.0,
        "Gross Profit": 1388000.0,
        "Cost Of Revenue": 1163000.0,
        "Total Revenue": 2551000.0,
        "Operating Revenue": 2551000.0
    },
    "2024-03-31": {
        "Tax Effect Of Unusual Items": NaN,
        "Tax Rate For Calcs": NaN,
        "Normalized EBITDA": NaN,
        "Total Unusual Items": NaN,
        "Total Unusual Items Excluding Goodwill": NaN,
        "Net Income From Continuing Operation Net Minority Interest": NaN,
        "Reconciled Depreciation": NaN,
        "Reconciled Cost Of Revenue": NaN,
        "EBITDA": NaN,
        "EBIT": NaN,
        "Net Interest Income": NaN,
        "Interest Expense": NaN,
        "Normalized Income": NaN,
        "Net Income From Continuing And Discontinued Operation": NaN,
        "Total Expenses": NaN,
        "Total Operating Income As Reported": NaN,
        "Diluted Average Shares": NaN,
        "Basic Average Shares": NaN,
        "Diluted EPS": NaN,
        "Basic EPS": NaN,
        "Diluted NI Availto Com Stockholders": NaN,
        "Net Income Common Stockholders": NaN,
        "Preferred Stock Dividends": -541000.0,
        "Net Income": NaN,
        "Net Income Including Noncontrolling Interests": NaN,
        "Net Income Continuous Operations": NaN,
        "Tax Provision": NaN,
        "Pretax Income": NaN,
        "Other Income Expense": NaN,
        "Other Non Operating Income Expenses": NaN,
        "Gain On Sale Of Security": NaN,
        "Net Non Operating Interest Income Expense": NaN,
        "Interest Expense Non Operating": NaN,
        "Operating Income": NaN,
        "Operating Expense": NaN,
        "Research And Development": NaN,
        "Selling General And Administration": NaN,
        "Gross Profit": NaN,
        "Cost Of Revenue": NaN,
        "Total Revenue": NaN,
        "Operating Revenue": NaN
    },
    "2024-06-30": {
        "Tax Effect Of Unusual Items": NaN,
        "Tax Rate For Calcs": NaN,
        "Normalized EBITDA": NaN,
        "Total Unusual Items": NaN,
        "Total Unusual Items Excluding Goodwill": NaN,
        "Net Income From Continuing Operation Net Minority Interest": NaN,
        "Reconciled Depreciation": NaN,
        "Reconciled Cost Of Revenue": NaN,
        "EBITDA": NaN,
        "EBIT": NaN,
        "Net Interest Income": -5607000.0,
        "Interest Expense": 5607000.0,
        "Normalized Income": NaN,
        "Net Income From Continuing And Discontinued Operation": NaN,
        "Total Expenses": NaN,
        "Total Operating Income As Reported": NaN,
        "Diluted Average Shares": NaN,
        "Basic Average Shares": NaN,
        "Diluted EPS": NaN,
        "Basic EPS": NaN,
        "Diluted NI Availto Com Stockholders": NaN,
        "Net Income Common Stockholders": NaN,
        "Preferred Stock Dividends": NaN,
        "Net Income": NaN,
        "Net Income Including Noncontrolling Interests": NaN,
        "Net Income Continuous Operations": NaN,
        "Tax Provision": NaN,
        "Pretax Income": NaN,
        "Other Income Expense": NaN,
        "Other Non Operating Income Expenses": NaN,
        "Gain On Sale Of Security": NaN,
        "Net Non Operating Interest Income Expense": -5607000.0,
        "Interest Expense Non Operating": 5607000.0,
        "Operating Income": NaN,
        "Operating Expense": NaN,
        "Research And Development": NaN,
        "Selling General And Administration": NaN,
        "Gross Profit": NaN,
        "Cost Of Revenue": NaN,
        "Total Revenue": NaN,
        "Operating Revenue": NaN
    },
    "2024-09-30": {
        "Tax Effect Of Unusual Items": 0.0,
        "Tax Rate For Calcs": 0.0,
        "Normalized EBITDA": -1298000.0,
        "Total Unusual Items": 3882000.0,
        "Total Unusual Items Excluding Goodwill": 3882000.0,
        "Net Income From Continuing Operation Net Minority Interest": 2358000.0,
        "Reconciled Depreciation": 226000.0,
        "Reconciled Cost Of Revenue": 711000.0,
        "EBITDA": 2584000.0,
        "EBIT": 2358000.0,
        "Net Interest Income": 0.0,
        "Interest Expense": 0.0,
        "Normalized Income": -1524000.0,
        "Net Income From Continuing And Discontinued Operation": 2358000.0,
        "Total Expenses": 3899000.0,
        "Total Operating Income As Reported": -1532000.0,
        "Diluted Average Shares": 32189.0,
        "Basic Average Shares": 32189.0,
        "Diluted EPS": 73.08,
        "Basic EPS": 73.08,
        "Diluted NI Availto Com Stockholders": 2358000.0,
        "Net Income Common Stockholders": 2358000.0,
        "Preferred Stock Dividends": NaN,
        "Net Income": 2358000.0,
        "Net Income Including Noncontrolling Interests": 2358000.0,
        "Net Income Continuous Operations": 2358000.0,
        "Tax Provision": 0.0,
        "Pretax Income": 2358000.0,
        "Other Income Expense": 3890000.0,
        "Other Non Operating Income Expenses": 8000.0,
        "Gain On Sale Of Security": 3882000.0,
        "Net Non Operating Interest Income Expense": 0.0,
        "Interest Expense Non Operating": 0.0,
        "Operating Income": -1532000.0,
        "Operating Expense": 3188000.0,
        "Research And Development": 486000.0,
        "Selling General And Administration": 2702000.0,
        "Gross Profit": 1656000.0,
        "Cost Of Revenue": 711000.0,
        "Total Revenue": 2367000.0,
        "Operating Revenue": 2367000.0
    },
    "2024-12-31": {
        "Tax Effect Of Unusual Items": 191730.0,
        "Tax Rate For Calcs": 0.21,
        "Normalized EBITDA": -2297000.0,
        "Total Unusual Items": 913000.0,
        "Total Unusual Items Excluding Goodwill": 913000.0,
        "Net Income From Continuing Operation Net Minority Interest": -1468000.0,
        "Reconciled Depreciation": 83000.0,
        "Reconciled Cost Of Revenue": 967000.0,
        "EBITDA": -1384000.0,
        "EBIT": -1467000.0,
        "Net Interest Income": 0.0,
        "Interest Expense": 0.0,
        "Normalized Income": -2189270.0,
        "Net Income From Continuing And Discontinued Operation": -1468000.0,
        "Total Expenses": 4709000.0,
        "Total Operating Income As Reported": -2387000.0,
        "Diluted Average Shares": 80184.0,
        "Basic Average Shares": 80184.0,
        "Diluted EPS": -18.48,
        "Basic EPS": -18.48,
        "Diluted NI Availto Com Stockholders": -1468000.0,
        "Net Income Common Stockholders": -1468000.0,
        "Preferred Stock Dividends": 0.0,
        "Net Income": -1468000.0,
        "Net Income Including Noncontrolling Interests": -1468000.0,
        "Net Income Continuous Operations": -1468000.0,
        "Tax Provision": 1000.0,
        "Pretax Income": -1467000.0,
        "Other Income Expense": 920000.0,
        "Other Non Operating Income Expenses": 7000.0,
        "Gain On Sale Of Security": 13000.0,
        "Net Non Operating Interest Income Expense": 0.0,
        "Interest Expense Non Operating": 0.0,
        "Operating Income": -2387000.0,
        "Operating Expense": 3742000.0,
        "Research And Development": 831000.0,
        "Selling General And Administration": 2911000.0,
        "Gross Profit": 1355000.0,
        "Cost Of Revenue": 967000.0,
        "Total Revenue": 2322000.0,
        "Operating Revenue": 2322000.0
    },
    "2025-03-31": {
        "Tax Effect Of Unusual Items": 8400.0,
        "Tax Rate For Calcs": 0.21,
        "Normalized EBITDA": -3027000.0,
        "Total Unusual Items": 40000.0,
        "Total Unusual Items Excluding Goodwill": 40000.0,
        "Net Income From Continuing Operation Net Minority Interest": -3014000.0,
        "Reconciled Depreciation": 73000.0,
        "Reconciled Cost Of Revenue": 837000.0,
        "EBITDA": -2987000.0,
        "EBIT": -3060000.0,
        "Net Interest Income": NaN,
        "Interest Expense": NaN,
        "Normalized Income": -3045600.0,
        "Net Income From Continuing And Discontinued Operation": -3014000.0,
        "Total Expenses": 4964000.0,
        "Total Operating Income As Reported": -3060000.0,
        "Diluted Average Shares": 104142.0,
        "Basic Average Shares": 104142.0,
        "Diluted EPS": -28.98,
        "Basic EPS": -28.98,
        "Diluted NI Availto Com Stockholders": -3013000.0,
        "Net Income Common Stockholders": -3013000.0,
        "Preferred Stock Dividends": -1000.0,
        "Net Income": -3014000.0,
        "Net Income Including Noncontrolling Interests": -3014000.0,
        "Net Income Continuous Operations": -3014000.0,
        "Tax Provision": 1000.0,
        "Pretax Income": -3013000.0,
        "Other Income Expense": 47000.0,
        "Other Non Operating Income Expenses": 7000.0,
        "Gain On Sale Of Security": 40000.0,
        "Net Non Operating Interest Income Expense": NaN,
        "Interest Expense Non Operating": NaN,
        "Operating Income": -3060000.0,
        "Operating Expense": 4127000.0,
        "Research And Development": 550000.0,
        "Selling General And Administration": 3577000.0,
        "Gross Profit": 1067000.0,
        "Cost Of Revenue": 837000.0,
        "Total Revenue": 1904000.0,
        "Operating Revenue": 1904000.0
    },
    "2025-06-30": {
        "Tax Effect Of Unusual Items": 189000.0,
        "Tax Rate For Calcs": 0.21,
        "Normalized EBITDA": -2846000.0,
        "Total Unusual Items": 900000.0,
        "Total Unusual Items Excluding Goodwill": 900000.0,
        "Net Income From Continuing Operation Net Minority Interest": -12553000.0,
        "Reconciled Depreciation": 50000.0,
        "Reconciled Cost Of Revenue": 767000.0,
        "EBITDA": -1946000.0,
        "EBIT": -1996000.0,
        "Net Interest Income": -10553000.0,
        "Interest Expense": 10553000.0,
        "Normalized Income": -13264000.0,
        "Net Income From Continuing And Discontinued Operation": -12553000.0,
        "Total Expenses": 4631000.0,
        "Total Operating Income As Reported": -2906000.0,
        "Diluted Average Shares": 4900.0,
        "Basic Average Shares": 4900.0,
        "Diluted EPS": -2561.580001,
        "Basic EPS": -2561.580001,
        "Diluted NI Availto Com Stockholders": -12552000.0,
        "Net Income Common Stockholders": -12552000.0,
        "Preferred Stock Dividends": -1000.0,
        "Net Income": -12553000.0,
        "Net Income Including Noncontrolling Interests": -12553000.0,
        "Net Income Continuous Operations": -12553000.0,
        "Tax Provision": 4000.0,
        "Pretax Income": -12549000.0,
        "Other Income Expense": 910000.0,
        "Other Non Operating Income Expenses": 10000.0,
        "Gain On Sale Of Security": 900000.0,
        "Net Non Operating Interest Income Expense": -10553000.0,
        "Interest Expense Non Operating": 10553000.0,
        "Operating Income": -2906000.0,
        "Operating Expense": 3864000.0,
        "Research And Development": 675000.0,
        "Selling General And Administration": 3189000.0,
        "Gross Profit": 958000.0,
        "Cost Of Revenue": 767000.0,
        "Total Revenue": 1725000.0,
        "Operating Revenue": 1725000.0
    },
    "2025-09-30": {
        "Tax Effect Of Unusual Items": 0.0,
        "Tax Rate For Calcs": 0.0,
        "Normalized EBITDA": -2489000.0,
        "Total Unusual Items": 3161000.0,
        "Total Unusual Items Excluding Goodwill": 3161000.0,
        "Net Income From Continuing Operation Net Minority Interest": 468000.0,
        "Reconciled Depreciation": 204000.0,
        "Reconciled Cost Of Revenue": 772000.0,
        "EBITDA": 672000.0,
        "EBIT": 468000.0,
        "Net Interest Income": 0.0,
        "Interest Expense": 0.0,
        "Normalized Income": -2693000.0,
        "Net Income From Continuing And Discontinued Operation": 468000.0,
        "Total Expenses": 4914000.0,
        "Total Operating Income As Reported": -2697000.0,
        "Diluted Average Shares": 836386.0,
        "Basic Average Shares": 836386.0,
        "Diluted EPS": 0.56,
        "Basic EPS": 0.56,
        "Diluted NI Availto Com Stockholders": 469000.0,
        "Net Income Common Stockholders": 469000.0,
        "Preferred Stock Dividends": -1000.0,
        "Net Income": 468000.0,
        "Net Income Including Noncontrolling Interests": 468000.0,
        "Net Income Continuous Operations": 468000.0,
        "Tax Provision": 0.0,
        "Pretax Income": 468000.0,
        "Other Income Expense": 3165000.0,
        "Other Non Operating Income Expenses": 4000.0,
        "Gain On Sale Of Security": 3161000.0,
        "Net Non Operating Interest Income Expense": 0.0,
        "Interest Expense Non Operating": 0.0,
        "Operating Income": -2697000.0,
        "Operating Expense": 4142000.0,
        "Research And Development": 603000.0,
        "Selling General And Administration": 3539000.0,
        "Gross Profit": 1445000.0,
        "Cost Of Revenue": 772000.0,
        "Total Revenue": 2217000.0,
        "Operating Revenue": 2217000.0
    }
}