{
    "2023-03-31": {
        "Tax Effect Of Unusual Items": NaN,
        "Tax Rate For Calcs": NaN,
        "Normalized EBITDA": NaN,
        "Net Income From Continuing Operation Net Minority Interest": NaN,
        "Reconciled Depreciation": NaN,
        "Reconciled Cost Of Revenue": NaN,
        "EBITDA": NaN,
        "EBIT": NaN,
        "Net Interest Income": NaN,
        "Interest Expense": NaN,
        "Normalized Income": NaN,
        "Net Income From Continuing And Discontinued Operation": NaN,
        "Total Expenses": NaN,
        "Total Operating Income As Reported": NaN,
        "Diluted Average Shares": NaN,
        "Basic Average Shares": NaN,
        "Diluted EPS": NaN,
        "Basic EPS": NaN,
        "Diluted NI Availto Com Stockholders": NaN,
        "Average Dilution Earnings": 0.0,
        "Net Income Common Stockholders": NaN,
        "Net Income": NaN,
        "Net Income Including Noncontrolling Interests": NaN,
        "Net Income Continuous Operations": NaN,
        "Tax Provision": NaN,
        "Pretax Income": NaN,
        "Other Income Expense": NaN,
        "Other Non Operating Income Expenses": NaN,
        "Net Non Operating Interest Income Expense": NaN,
        "Interest Expense Non Operating": NaN,
        "Operating Income": NaN,
        "Operating Expense": NaN,
        "Other Operating Expenses": -87379000.0,
        "Research And Development": NaN,
        "Selling General And Administration": NaN,
        "Gross Profit": NaN,
        "Cost Of Revenue": NaN,
        "Total Revenue": NaN,
        "Operating Revenue": NaN
    },
    "2022-12-31": {
        "Tax Effect Of Unusual Items": NaN,
        "Tax Rate For Calcs": NaN,
        "Normalized EBITDA": NaN,
        "Net Income From Continuing Operation Net Minority Interest": NaN,
        "Reconciled Depreciation": NaN,
        "Reconciled Cost Of Revenue": NaN,
        "EBITDA": NaN,
        "EBIT": NaN,
        "Net Interest Income": NaN,
        "Interest Expense": NaN,
        "Normalized Income": NaN,
        "Net Income From Continuing And Discontinued Operation": NaN,
        "Total Expenses": NaN,
        "Total Operating Income As Reported": NaN,
        "Diluted Average Shares": 79822000.0,
        "Basic Average Shares": 79822000.0,
        "Diluted EPS": -2.28,
        "Basic EPS": -2.28,
        "Diluted NI Availto Com Stockholders": NaN,
        "Average Dilution Earnings": NaN,
        "Net Income Common Stockholders": NaN,
        "Net Income": NaN,
        "Net Income Including Noncontrolling Interests": NaN,
        "Net Income Continuous Operations": NaN,
        "Tax Provision": NaN,
        "Pretax Income": NaN,
        "Other Income Expense": NaN,
        "Other Non Operating Income Expenses": NaN,
        "Net Non Operating Interest Income Expense": NaN,
        "Interest Expense Non Operating": NaN,
        "Operating Income": NaN,
        "Operating Expense": NaN,
        "Other Operating Expenses": NaN,
        "Research And Development": NaN,
        "Selling General And Administration": NaN,
        "Gross Profit": NaN,
        "Cost Of Revenue": NaN,
        "Total Revenue": NaN,
        "Operating Revenue": NaN
    },
    "2022-09-30": {
        "Tax Effect Of Unusual Items": NaN,
        "Tax Rate For Calcs": NaN,
        "Normalized EBITDA": NaN,
        "Net Income From Continuing Operation Net Minority Interest": NaN,
        "Reconciled Depreciation": NaN,
        "Reconciled Cost Of Revenue": NaN,
        "EBITDA": NaN,
        "EBIT": NaN,
        "Net Interest Income": NaN,
        "Interest Expense": NaN,
        "Normalized Income": NaN,
        "Net Income From Continuing And Discontinued Operation": NaN,
        "Total Expenses": NaN,
        "Total Operating Income As Reported": NaN,
        "Diluted Average Shares": NaN,
        "Basic Average Shares": NaN,
        "Diluted EPS": NaN,
        "Basic EPS": NaN,
        "Diluted NI Availto Com Stockholders": NaN,
        "Average Dilution Earnings": NaN,
        "Net Income Common Stockholders": NaN,
        "Net Income": NaN,
        "Net Income Including Noncontrolling Interests": NaN,
        "Net Income Continuous Operations": NaN,
        "Tax Provision": NaN,
        "Pretax Income": NaN,
        "Other Income Expense": NaN,
        "Other Non Operating Income Expenses": NaN,
        "Net Non Operating Interest Income Expense": NaN,
        "Interest Expense Non Operating": NaN,
        "Operating Income": NaN,
        "Operating Expense": NaN,
        "Other Operating Expenses": -106273000.0,
        "Research And Development": NaN,
        "Selling General And Administration": NaN,
        "Gross Profit": NaN,
        "Cost Of Revenue": NaN,
        "Total Revenue": NaN,
        "Operating Revenue": NaN
    },
    "2022-06-30": {
        "Tax Effect Of Unusual Items": 0.0,
        "Tax Rate For Calcs": 0.4,
        "Normalized EBITDA": -496113000.0,
        "Net Income From Continuing Operation Net Minority Interest": -510485000.0,
        "Reconciled Depreciation": 6720000.0,
        "Reconciled Cost Of Revenue": 271077000.0,
        "EBITDA": -496113000.0,
        "EBIT": -502833000.0,
        "Net Interest Income": -6234000.0,
        "Interest Expense": 6234000.0,
        "Normalized Income": -510485000.0,
        "Net Income From Continuing And Discontinued Operation": -510485000.0,
        "Total Expenses": 668885000.0,
        "Total Operating Income As Reported": -482960000.0,
        "Diluted Average Shares": 78143000.0,
        "Basic Average Shares": 78143000.0,
        "Diluted EPS": -6.53,
        "Basic EPS": -6.53,
        "Diluted NI Availto Com Stockholders": -510485000.0,
        "Average Dilution Earnings": NaN,
        "Net Income Common Stockholders": -510485000.0,
        "Net Income": -510485000.0,
        "Net Income Including Noncontrolling Interests": -510485000.0,
        "Net Income Continuous Operations": -510485000.0,
        "Tax Provision": 1418000.0,
        "Pretax Income": -509067000.0,
        "Other Income Expense": -19873000.0,
        "Other Non Operating Income Expenses": -19873000.0,
        "Net Non Operating Interest Income Expense": -6234000.0,
        "Interest Expense Non Operating": 6234000.0,
        "Operating Income": -482960000.0,
        "Operating Expense": 397808000.0,
        "Other Operating Expenses": -107774000.0,
        "Research And Development": 289648000.0,
        "Selling General And Administration": 108160000.0,
        "Gross Profit": -85152000.0,
        "Cost Of Revenue": 271077000.0,
        "Total Revenue": 185925000.0,
        "Operating Revenue": 185925000.0
    },
    "2022-03-31": {
        "Diluted EPS": 2.56,
        "Total Revenue": 704,
        "Gross Profit": 689,
        "Operating Income": 209,
        "EBIT": 216,
        "Net Income": 203
    },
    "2021-12-31": {
        "Diluted EPS": -11.33,
        "Total Revenue": 222,
        "Gross Profit": 222,
        "Operating Income": -825,
        "EBIT": -821,
        "Net Income": -846
    },
    "2021-09-30": {
        "Diluted EPS": -4.31,
        "Total Revenue": 179,
        "Gross Profit": 179,
        "Operating Income": -307,
        "EBIT": -303,
        "Net Income": -322
    },
    "2021-06-30": {
        "Diluted EPS": -4.75,
        "Total Revenue": 298,
        "Gross Profit": 298,
        "Operating Income": -346,
        "EBIT": -343,
        "Net Income": -352
    },
    "2021-03-31": {
        "Diluted EPS": -3.05,
        "Total Revenue": 447,
        "Gross Profit": 447,
        "Operating Income": -209,
        "EBIT": -206,
        "Net Income": -223
    },
    "2020-12-31": {
        "Diluted EPS": -3.18,
        "Total Revenue": 280,
        "Gross Profit": 280,
        "Operating Income": -183,
        "EBIT": -181,
        "Net Income": -178
    },
    "2020-09-30": {
        "Diluted EPS": -3.21,
        "Total Revenue": 157,
        "Gross Profit": 157,
        "Operating Income": -194,
        "EBIT": -193,
        "Net Income": -197
    },
    "2020-06-30": {
        "Diluted EPS": -0.3,
        "Total Revenue": 36,
        "Gross Profit": 36,
        "Operating Income": -17,
        "EBIT": -16,
        "Net Income": -18
    },
    "2020-03-31": {
        "Diluted EPS": -0.58,
        "Total Revenue": 3,
        "Gross Profit": 3,
        "Operating Income": -23,
        "EBIT": -22,
        "Net Income": -26
    },
    "2019-12-31": {
        "Diluted EPS": -0.97,
        "Total Revenue": 9,
        "Gross Profit": 9,
        "Operating Income": -29,
        "EBIT": -29,
        "Net Income": -32
    },
    "2019-09-30": {
        "Diluted EPS": -0.74,
        "Total Revenue": 3,
        "Gross Profit": 3,
        "Operating Income": -15,
        "EBIT": -14,
        "Net Income": -18
    },
    "2019-06-30": {
        "Diluted EPS": -1.69,
        "Total Revenue": 3,
        "Gross Profit": 3,
        "Operating Income": -37,
        "EBIT": -34,
        "Net Income": -40
    },
    "2019-03-31": {
        "Diluted EPS": -2.11,
        "Total Revenue": 4,
        "Gross Profit": 4,
        "Operating Income": -40,
        "EBIT": -38,
        "Net Income": -43
    },
    "2018-12-31": {
        "Diluted EPS": -2.49,
        "Total Revenue": 6,
        "Gross Profit": 6,
        "Operating Income": -47,
        "EBIT": -44,
        "Net Income": -49
    },
    "2018-09-30": {
        "Diluted EPS": -2.33,
        "Total Revenue": 8,
        "Gross Profit": 8,
        "Operating Income": -42,
        "EBIT": -40,
        "Net Income": -45
    },
    "2018-06-30": {
        "Diluted EPS": -2.37,
        "Total Revenue": 11,
        "Gross Profit": 11,
        "Operating Income": -42,
        "EBIT": -40,
        "Net Income": -44
    },
    "2018-03-31": {
        "Diluted EPS": -2.8,
        "Total Revenue": 10,
        "Gross Profit": 10,
        "Operating Income": -44,
        "EBIT": -41,
        "Net Income": -46
    },
    "2017-12-31": {
        "Diluted EPS": -3.16,
        "Total Revenue": 10,
        "Gross Profit": 10,
        "Operating Income": -48,
        "EBIT": -45,
        "Net Income": -51
    },
    "2017-09-30": {
        "Diluted EPS": -3.0,
        "Total Revenue": 8,
        "Gross Profit": 8,
        "Operating Income": -42,
        "EBIT": -38,
        "Net Income": -45
    },
    "2017-06-30": {
        "Diluted EPS": -3.2,
        "Total Revenue": 7,
        "Gross Profit": 7,
        "Operating Income": -41,
        "EBIT": -39,
        "Net Income": -44
    },
    "2017-03-31": {
        "Diluted EPS": -3.2,
        "Total Revenue": 6,
        "Gross Profit": 6,
        "Operating Income": -41,
        "EBIT": -38,
        "Net Income": -44
    },
    "2016-12-31": {
        "Diluted EPS": -4.2,
        "Total Revenue": 5,
        "Gross Profit": 5,
        "Operating Income": -54,
        "EBIT": -51,
        "Net Income": -57
    },
    "2016-09-30": {
        "Diluted EPS": -4.8,
        "Total Revenue": 3,
        "Gross Profit": 3,
        "Operating Income": -63,
        "EBIT": -61,
        "Net Income": -66
    },
    "2016-06-30": {
        "Diluted EPS": -5.8,
        "Total Revenue": 3,
        "Gross Profit": 3,
        "Operating Income": -76,
        "EBIT": -74,
        "Net Income": -79
    },
    "2016-03-31": {
        "Diluted EPS": -5.8,
        "Total Revenue": 4,
        "Gross Profit": 4,
        "Operating Income": -75,
        "EBIT": -73,
        "Net Income": -77
    },
    "2015-12-31": {
        "Diluted EPS": -6.0,
        "Total Revenue": 6,
        "Gross Profit": 6,
        "Operating Income": -79,
        "EBIT": -78,
        "Net Income": -79
    },
    "2015-09-30": {
        "Diluted EPS": -2.4,
        "Total Revenue": 7,
        "Gross Profit": 7,
        "Operating Income": -33,
        "EBIT": -31,
        "Net Income": -33
    },
    "2015-06-30": {
        "Diluted EPS": -1.6,
        "Total Revenue": 14,
        "Gross Profit": 14,
        "Operating Income": -21,
        "EBIT": -19,
        "Net Income": -21
    },
    "2015-03-31": {
        "Diluted EPS": -2.0,
        "Total Revenue": 10,
        "Gross Profit": 10,
        "Operating Income": -24,
        "EBIT": -23,
        "Net Income": -24
    },
    "2014-12-31": {
        "Diluted EPS": -2.8,
        "Total Revenue": 7,
        "Gross Profit": 7,
        "Operating Income": -32,
        "EBIT": -30,
        "Net Income": -32
    },
    "2014-09-30": {
        "Diluted EPS": -1.6,
        "Total Revenue": 8,
        "Gross Profit": 4,
        "Operating Income": -20,
        "EBIT": -19,
        "Net Income": -20
    },
    "2014-06-30": {
        "Diluted EPS": -1.6,
        "Total Revenue": 8,
        "Gross Profit": 3,
        "Operating Income": -18,
        "EBIT": -17,
        "Net Income": -18
    },
    "2014-03-31": {
        "Diluted EPS": -1.4,
        "Total Revenue": 7,
        "Gross Profit": 4,
        "Operating Income": -14,
        "EBIT": -13,
        "Net Income": -14
    },
    "2013-12-31": {
        "Diluted EPS": -1.4,
        "Total Revenue": 9,
        "Gross Profit": 9,
        "Operating Income": -14,
        "EBIT": -13,
        "Net Income": -14
    },
    "2013-09-30": {
        "Diluted EPS": -1.8,
        "Total Revenue": 5,
        "Gross Profit": 3,
        "Operating Income": -15,
        "EBIT": -15,
        "Net Income": -15
    },
    "2013-06-30": {
        "Diluted EPS": -1.6,
        "Total Revenue": 4,
        "Gross Profit": 2,
        "Operating Income": -13,
        "EBIT": -12,
        "Net Income": -13
    },
    "2013-03-31": {
        "Diluted EPS": -1.4,
        "Total Revenue": 4,
        "Gross Profit": 2,
        "Operating Income": -10,
        "EBIT": -9,
        "Net Income": -10
    },
    "2012-12-31": {
        "Diluted EPS": -1.2,
        "Total Revenue": 5,
        "Gross Profit": 3,
        "Operating Income": -9,
        "EBIT": -9,
        "Net Income": -8
    },
    "2012-09-30": {
        "Diluted EPS": -1.0,
        "Total Revenue": 6,
        "Gross Profit": 2,
        "Operating Income": -7,
        "EBIT": -6,
        "Net Income": -7
    },
    "2012-06-30": {
        "Diluted EPS": -1.0,
        "Total Revenue": 7,
        "Gross Profit": 2,
        "Operating Income": -6,
        "EBIT": -5,
        "Net Income": -6
    },
    "2012-03-31": {
        "Diluted EPS": -1.2,
        "Total Revenue": 5,
        "Gross Profit": 1,
        "Operating Income": -7,
        "EBIT": -7,
        "Net Income": -7
    },
    "2011-12-31": {
        "Diluted EPS": -0.6,
        "Total Revenue": 6,
        "Gross Profit": 3,
        "Operating Income": -4,
        "EBIT": -4,
        "Net Income": -4
    },
    "2011-09-30": {
        "Diluted EPS": -0.6,
        "Total Revenue": 5,
        "Gross Profit": 3,
        "Operating Income": -4,
        "EBIT": -3,
        "Net Income": -3
    },
    "2011-06-30": {
        "Diluted EPS": -0.8,
        "Total Revenue": 3,
        "Gross Profit": 2,
        "Operating Income": -6,
        "EBIT": -5,
        "Net Income": -5
    },
    "2011-03-31": {
        "Diluted EPS": -1.4,
        "Total Revenue": 1,
        "Gross Profit": 0,
        "Operating Income": -7,
        "EBIT": -7,
        "Net Income": -7
    },
    "2010-12-31": {
        "Diluted EPS": -1.0,
        "Total Revenue": 0,
        "Gross Profit": 0,
        "Operating Income": -7,
        "EBIT": -7,
        "Net Income": -6
    },
    "2010-09-30": {
        "Diluted EPS": -2.0,
        "Total Revenue": 0,
        "Gross Profit": 0,
        "Operating Income": -11,
        "EBIT": -10,
        "Net Income": -10
    },
    "2010-06-30": {
        "Diluted EPS": -1.8,
        "Total Revenue": 0,
        "Gross Profit": 0,
        "Operating Income": -9,
        "EBIT": -9,
        "Net Income": -9
    },
    "2010-03-31": {
        "Diluted EPS": -2.0,
        "Total Revenue": 0,
        "Gross Profit": 0,
        "Operating Income": -11,
        "EBIT": -11,
        "Net Income": -10
    },
    "2009-12-31": {
        "Diluted EPS": -3.4,
        "Total Revenue": 0,
        "Gross Profit": 0,
        "Operating Income": -14,
        "EBIT": -14,
        "Net Income": -16
    },
    "2009-09-30": {
        "Diluted EPS": -1.6,
        "Total Revenue": 0,
        "Gross Profit": 0,
        "Operating Income": -8,
        "EBIT": -8,
        "Net Income": -8
    },
    "2009-06-30": {
        "Diluted EPS": -2.0,
        "Total Revenue": 0,
        "Gross Profit": 0,
        "Operating Income": -8,
        "EBIT": -7,
        "Net Income": -9
    },
    "2009-03-31": {
        "Diluted EPS": -2.4,
        "Total Revenue": 0,
        "Gross Profit": 0,
        "Operating Income": -7,
        "EBIT": -7,
        "Net Income": -8
    },
    "2023-06-30": {
        "Tax Effect Of Unusual Items": NaN,
        "Tax Rate For Calcs": NaN,
        "Normalized EBITDA": NaN,
        "Net Income From Continuing Operation Net Minority Interest": NaN,
        "Reconciled Depreciation": NaN,
        "Reconciled Cost Of Revenue": NaN,
        "EBITDA": NaN,
        "EBIT": NaN,
        "Net Interest Income": NaN,
        "Interest Expense": NaN,
        "Normalized Income": NaN,
        "Net Income From Continuing And Discontinued Operation": NaN,
        "Total Expenses": NaN,
        "Total Operating Income As Reported": NaN,
        "Diluted Average Shares": NaN,
        "Basic Average Shares": NaN,
        "Diluted EPS": NaN,
        "Basic EPS": NaN,
        "Diluted NI Availto Com Stockholders": NaN,
        "Average Dilution Earnings": 2582000.0,
        "Net Income Common Stockholders": NaN,
        "Net Income": NaN,
        "Net Income Including Noncontrolling Interests": NaN,
        "Net Income Continuous Operations": NaN,
        "Tax Provision": NaN,
        "Pretax Income": NaN,
        "Other Income Expense": NaN,
        "Other Non Operating Income Expenses": NaN,
        "Net Non Operating Interest Income Expense": NaN,
        "Interest Expense Non Operating": NaN,
        "Operating Income": NaN,
        "Operating Expense": NaN,
        "Other Operating Expenses": NaN,
        "Research And Development": NaN,
        "Selling General And Administration": NaN,
        "Gross Profit": NaN,
        "Cost Of Revenue": NaN,
        "Total Revenue": NaN,
        "Operating Revenue": NaN
    },
    "2023-09-30": {
        "Tax Effect Of Unusual Items": NaN,
        "Tax Rate For Calcs": NaN,
        "Normalized EBITDA": NaN,
        "Net Income From Continuing Operation Net Minority Interest": NaN,
        "Reconciled Depreciation": NaN,
        "Reconciled Cost Of Revenue": NaN,
        "EBITDA": NaN,
        "EBIT": NaN,
        "Net Interest Income": NaN,
        "Interest Expense": NaN,
        "Normalized Income": NaN,
        "Net Income From Continuing And Discontinued Operation": NaN,
        "Total Expenses": NaN,
        "Total Operating Income As Reported": NaN,
        "Diluted Average Shares": NaN,
        "Basic Average Shares": NaN,
        "Diluted EPS": NaN,
        "Basic EPS": NaN,
        "Diluted NI Availto Com Stockholders": NaN,
        "Average Dilution Earnings": NaN,
        "Net Income Common Stockholders": NaN,
        "Net Income": NaN,
        "Net Income Including Noncontrolling Interests": NaN,
        "Net Income Continuous Operations": NaN,
        "Tax Provision": NaN,
        "Pretax Income": NaN,
        "Other Income Expense": NaN,
        "Other Non Operating Income Expenses": NaN,
        "Net Non Operating Interest Income Expense": NaN,
        "Interest Expense Non Operating": NaN,
        "Operating Income": NaN,
        "Operating Expense": NaN,
        "Other Operating Expenses": -164922000.0,
        "Research And Development": NaN,
        "Selling General And Administration": NaN,
        "Gross Profit": NaN,
        "Cost Of Revenue": NaN,
        "Total Revenue": NaN,
        "Operating Revenue": NaN
    },
    "2023-12-31": {
        "Tax Effect Of Unusual Items": NaN,
        "Tax Rate For Calcs": NaN,
        "Normalized EBITDA": NaN,
        "Net Income From Continuing Operation Net Minority Interest": NaN,
        "Reconciled Depreciation": NaN,
        "Reconciled Cost Of Revenue": NaN,
        "EBITDA": NaN,
        "EBIT": NaN,
        "Net Interest Income": NaN,
        "Interest Expense": NaN,
        "Normalized Income": NaN,
        "Net Income From Continuing And Discontinued Operation": NaN,
        "Total Expenses": NaN,
        "Total Operating Income As Reported": NaN,
        "Diluted Average Shares": NaN,
        "Basic Average Shares": NaN,
        "Diluted EPS": NaN,
        "Basic EPS": NaN,
        "Diluted NI Availto Com Stockholders": NaN,
        "Average Dilution Earnings": NaN,
        "Net Income Common Stockholders": NaN,
        "Net Income": NaN,
        "Net Income Including Noncontrolling Interests": NaN,
        "Net Income Continuous Operations": NaN,
        "Tax Provision": NaN,
        "Pretax Income": NaN,
        "Other Income Expense": NaN,
        "Other Non Operating Income Expenses": NaN,
        "Net Non Operating Interest Income Expense": NaN,
        "Interest Expense Non Operating": NaN,
        "Operating Income": NaN,
        "Operating Expense": NaN,
        "Other Operating Expenses": -37943000.0,
        "Research And Development": NaN,
        "Selling General And Administration": NaN,
        "Gross Profit": NaN,
        "Cost Of Revenue": NaN,
        "Total Revenue": NaN,
        "Operating Revenue": NaN
    },
    "2024-03-31": {
        "Tax Effect Of Unusual Items": NaN,
        "Tax Rate For Calcs": NaN,
        "Normalized EBITDA": NaN,
        "Total Unusual Items": NaN,
        "Total Unusual Items Excluding Goodwill": NaN,
        "Net Income From Continuing Operation Net Minority Interest": NaN,
        "Reconciled Depreciation": NaN,
        "Reconciled Cost Of Revenue": NaN,
        "EBITDA": NaN,
        "EBIT": NaN,
        "Net Interest Income": NaN,
        "Interest Expense": NaN,
        "Normalized Income": NaN,
        "Net Income From Continuing And Discontinued Operation": NaN,
        "Total Expenses": NaN,
        "Total Operating Income As Reported": NaN,
        "Diluted Average Shares": NaN,
        "Basic Average Shares": NaN,
        "Diluted EPS": NaN,
        "Basic EPS": NaN,
        "Diluted NI Availto Com Stockholders": NaN,
        "Average Dilution Earnings": 0.0,
        "Net Income Common Stockholders": NaN,
        "Net Income": NaN,
        "Net Income Including Noncontrolling Interests": NaN,
        "Net Income Continuous Operations": NaN,
        "Tax Provision": NaN,
        "Pretax Income": NaN,
        "Other Income Expense": NaN,
        "Other Non Operating Income Expenses": NaN,
        "Special Income Charges": NaN,
        "Other Special Charges": NaN,
        "Write Off": NaN,
        "Net Non Operating Interest Income Expense": NaN,
        "Interest Expense Non Operating": NaN,
        "Operating Income": NaN,
        "Operating Expense": NaN,
        "Other Operating Expenses": NaN,
        "Research And Development": NaN,
        "Selling General And Administration": NaN,
        "Gross Profit": NaN,
        "Cost Of Revenue": NaN,
        "Total Revenue": NaN,
        "Operating Revenue": NaN
    },
    "2024-06-30": {
        "Tax Effect Of Unusual Items": NaN,
        "Tax Rate For Calcs": NaN,
        "Normalized EBITDA": NaN,
        "Total Unusual Items": NaN,
        "Total Unusual Items Excluding Goodwill": NaN,
        "Net Income From Continuing Operation Net Minority Interest": NaN,
        "Reconciled Depreciation": NaN,
        "Reconciled Cost Of Revenue": NaN,
        "EBITDA": NaN,
        "EBIT": NaN,
        "Net Interest Income": NaN,
        "Interest Expense": NaN,
        "Normalized Income": NaN,
        "Net Income From Continuing And Discontinued Operation": NaN,
        "Total Expenses": NaN,
        "Total Operating Income As Reported": NaN,
        "Diluted Average Shares": NaN,
        "Basic Average Shares": NaN,
        "Diluted EPS": NaN,
        "Basic EPS": NaN,
        "Diluted NI Availto Com Stockholders": NaN,
        "Average Dilution Earnings": 2608000.0,
        "Net Income Common Stockholders": NaN,
        "Net Income": NaN,
        "Net Income Including Noncontrolling Interests": NaN,
        "Net Income Continuous Operations": NaN,
        "Tax Provision": NaN,
        "Pretax Income": NaN,
        "Other Income Expense": NaN,
        "Other Non Operating Income Expenses": NaN,
        "Special Income Charges": NaN,
        "Other Special Charges": NaN,
        "Write Off": NaN,
        "Net Non Operating Interest Income Expense": NaN,
        "Interest Expense Non Operating": NaN,
        "Operating Income": NaN,
        "Operating Expense": NaN,
        "Other Operating Expenses": NaN,
        "Research And Development": NaN,
        "Selling General And Administration": NaN,
        "Gross Profit": NaN,
        "Cost Of Revenue": NaN,
        "Total Revenue": NaN,
        "Operating Revenue": NaN
    },
    "2024-09-30": {
        "Tax Effect Of Unusual Items": 0.0,
        "Tax Rate For Calcs": 0.008436,
        "Normalized EBITDA": -105396000.0,
        "Total Unusual Items": NaN,
        "Total Unusual Items Excluding Goodwill": NaN,
        "Net Income From Continuing Operation Net Minority Interest": -121300000.0,
        "Reconciled Depreciation": 12700000.0,
        "Reconciled Cost Of Revenue": 60619000.0,
        "EBITDA": -105396000.0,
        "EBIT": -118096000.0,
        "Net Interest Income": -4236000.0,
        "Interest Expense": 4236000.0,
        "Normalized Income": -121300000.0,
        "Net Income From Continuing And Discontinued Operation": -121300000.0,
        "Total Expenses": 218530000.0,
        "Total Operating Income As Reported": -134018000.0,
        "Diluted Average Shares": 160049000.0,
        "Basic Average Shares": 160049000.0,
        "Diluted EPS": -0.76,
        "Basic EPS": -0.76,
        "Diluted NI Availto Com Stockholders": -121300000.0,
        "Average Dilution Earnings": NaN,
        "Net Income Common Stockholders": -121300000.0,
        "Net Income": -121300000.0,
        "Net Income Including Noncontrolling Interests": -121300000.0,
        "Net Income Continuous Operations": -121300000.0,
        "Tax Provision": -1032000.0,
        "Pretax Income": -122332000.0,
        "Other Income Expense": 15922000.0,
        "Other Non Operating Income Expenses": 15922000.0,
        "Special Income Charges": NaN,
        "Other Special Charges": NaN,
        "Write Off": NaN,
        "Net Non Operating Interest Income Expense": -4236000.0,
        "Interest Expense Non Operating": 4236000.0,
        "Operating Income": -134018000.0,
        "Operating Expense": 157911000.0,
        "Other Operating Expenses": NaN,
        "Research And Development": 87164000.0,
        "Selling General And Administration": 70747000.0,
        "Gross Profit": 23893000.0,
        "Cost Of Revenue": 60619000.0,
        "Total Revenue": 84512000.0,
        "Operating Revenue": 84512000.0
    },
    "2024-12-31": {
        "Tax Effect Of Unusual Items": 0.0,
        "Tax Rate For Calcs": 0.21,
        "Normalized EBITDA": -53479000.0,
        "Total Unusual Items": NaN,
        "Total Unusual Items Excluding Goodwill": NaN,
        "Net Income From Continuing Operation Net Minority Interest": -81030000.0,
        "Reconciled Depreciation": 12517000.0,
        "Reconciled Cost Of Revenue": 36669000.0,
        "EBITDA": -53479000.0,
        "EBIT": -65996000.0,
        "Net Interest Income": -7585000.0,
        "Interest Expense": 7585000.0,
        "Normalized Income": -81030000.0,
        "Net Income From Continuing And Discontinued Operation": -81030000.0,
        "Total Expenses": 219391000.0,
        "Total Operating Income As Reported": -131080000.0,
        "Diluted Average Shares": 160241000.0,
        "Basic Average Shares": 160241000.0,
        "Diluted EPS": -0.51,
        "Basic EPS": -0.51,
        "Diluted NI Availto Com Stockholders": -81030000.0,
        "Average Dilution Earnings": NaN,
        "Net Income Common Stockholders": -81030000.0,
        "Net Income": -81030000.0,
        "Net Income Including Noncontrolling Interests": -81030000.0,
        "Net Income Continuous Operations": -81030000.0,
        "Tax Provision": 7449000.0,
        "Pretax Income": -73581000.0,
        "Other Income Expense": 65084000.0,
        "Other Non Operating Income Expenses": 13135000.0,
        "Special Income Charges": NaN,
        "Other Special Charges": NaN,
        "Write Off": NaN,
        "Net Non Operating Interest Income Expense": -7585000.0,
        "Interest Expense Non Operating": 7585000.0,
        "Operating Income": -131080000.0,
        "Operating Expense": 182722000.0,
        "Other Operating Expenses": NaN,
        "Research And Development": 104380000.0,
        "Selling General And Administration": 78342000.0,
        "Gross Profit": 51642000.0,
        "Cost Of Revenue": 36669000.0,
        "Total Revenue": 88311000.0,
        "Operating Revenue": 88311000.0
    },
    "2025-03-31": {
        "Tax Effect Of Unusual Items": 0.0,
        "Tax Rate For Calcs": 0.002308,
        "Normalized EBITDA": 533909000.0,
        "Total Unusual Items": NaN,
        "Total Unusual Items Excluding Goodwill": NaN,
        "Net Income From Continuing Operation Net Minority Interest": 518646000.0,
        "Reconciled Depreciation": 8340000.0,
        "Reconciled Cost Of Revenue": 14115000.0,
        "EBITDA": 533909000.0,
        "EBIT": 525569000.0,
        "Net Interest Income": -5723000.0,
        "Interest Expense": 5723000.0,
        "Normalized Income": 518646000.0,
        "Net Income From Continuing And Discontinued Operation": 518646000.0,
        "Total Expenses": 110821000.0,
        "Total Operating Income As Reported": 515513000.0,
        "Diluted Average Shares": 177625000.0,
        "Basic Average Shares": 161049000.0,
        "Diluted EPS": 2.93,
        "Basic EPS": 3.22,
        "Diluted NI Availto Com Stockholders": 521280000.0,
        "Average Dilution Earnings": 2634000.0,
        "Net Income Common Stockholders": 518646000.0,
        "Net Income": 518646000.0,
        "Net Income Including Noncontrolling Interests": 518646000.0,
        "Net Income Continuous Operations": 518646000.0,
        "Tax Provision": 1200000.0,
        "Pretax Income": 519846000.0,
        "Other Income Expense": 10056000.0,
        "Other Non Operating Income Expenses": 10056000.0,
        "Special Income Charges": NaN,
        "Other Special Charges": NaN,
        "Write Off": NaN,
        "Net Non Operating Interest Income Expense": -5723000.0,
        "Interest Expense Non Operating": 5723000.0,
        "Operating Income": 515513000.0,
        "Operating Expense": 96706000.0,
        "Other Operating Expenses": -40321000.0,
        "Research And Development": 88937000.0,
        "Selling General And Administration": 48090000.0,
        "Gross Profit": 612219000.0,
        "Cost Of Revenue": 14115000.0,
        "Total Revenue": 626334000.0,
        "Operating Revenue": 626334000.0
    },
    "2025-06-30": {
        "Tax Effect Of Unusual Items": 0.0,
        "Tax Rate For Calcs": 0.008804,
        "Normalized EBITDA": 120535000.0,
        "Total Unusual Items": NaN,
        "Total Unusual Items Excluding Goodwill": NaN,
        "Net Income From Continuing Operation Net Minority Interest": 106508000.0,
        "Reconciled Depreciation": 7563000.0,
        "Reconciled Cost Of Revenue": 15325000.0,
        "EBITDA": 120535000.0,
        "EBIT": 112972000.0,
        "Net Interest Income": -5518000.0,
        "Interest Expense": 5518000.0,
        "Normalized Income": 106508000.0,
        "Net Income From Continuing And Discontinued Operation": 106508000.0,
        "Total Expenses": 138170000.0,
        "Total Operating Income As Reported": 101070000.0,
        "Diluted Average Shares": 177215000.0,
        "Basic Average Shares": 162019000.0,
        "Diluted EPS": 0.62,
        "Basic EPS": 0.66,
        "Diluted NI Availto Com Stockholders": 109142000.0,
        "Average Dilution Earnings": 2634000.0,
        "Net Income Common Stockholders": 106508000.0,
        "Net Income": 106508000.0,
        "Net Income Including Noncontrolling Interests": 106508000.0,
        "Net Income Continuous Operations": 106508000.0,
        "Tax Provision": 946000.0,
        "Pretax Income": 107454000.0,
        "Other Income Expense": 11902000.0,
        "Other Non Operating Income Expenses": 11902000.0,
        "Special Income Charges": NaN,
        "Other Special Charges": NaN,
        "Write Off": NaN,
        "Net Non Operating Interest Income Expense": -5518000.0,
        "Interest Expense Non Operating": 5518000.0,
        "Operating Income": 101070000.0,
        "Operating Expense": 122845000.0,
        "Other Operating Expenses": NaN,
        "Research And Development": 79233000.0,
        "Selling General And Administration": 43612000.0,
        "Gross Profit": 223915000.0,
        "Cost Of Revenue": 15325000.0,
        "Total Revenue": 239240000.0,
        "Operating Revenue": 239240000.0
    },
    "2025-09-30": {
        "Tax Effect Of Unusual Items": -406918.300203,
        "Tax Rate For Calcs": 0.003236,
        "Normalized EBITDA": -65217000.0,
        "Total Unusual Items": -125752000.0,
        "Total Unusual Items Excluding Goodwill": -125752000.0,
        "Net Income From Continuing Operation Net Minority Interest": -202379000.0,
        "Reconciled Depreciation": 6585000.0,
        "Reconciled Cost Of Revenue": 21496000.0,
        "EBITDA": -190969000.0,
        "EBIT": -197554000.0,
        "Net Interest Income": -5482000.0,
        "Interest Expense": 5482000.0,
        "Normalized Income": -77033918.300203,
        "Net Income From Continuing And Discontinued Operation": -202379000.0,
        "Total Expenses": 151425000.0,
        "Total Operating Income As Reported": -178018000.0,
        "Diluted Average Shares": 162353000.0,
        "Basic Average Shares": 162353000.0,
        "Diluted EPS": -1.25,
        "Basic EPS": -1.25,
        "Diluted NI Availto Com Stockholders": -202379000.0,
        "Average Dilution Earnings": 0.0,
        "Net Income Common Stockholders": -202379000.0,
        "Net Income": -202379000.0,
        "Net Income Including Noncontrolling Interests": -202379000.0,
        "Net Income Continuous Operations": -202379000.0,
        "Tax Provision": -657000.0,
        "Pretax Income": -203036000.0,
        "Other Income Expense": -116574000.0,
        "Other Non Operating Income Expenses": 9178000.0,
        "Special Income Charges": -125752000.0,
        "Other Special Charges": 28714000.0,
        "Write Off": 97038000.0,
        "Net Non Operating Interest Income Expense": -5482000.0,
        "Interest Expense Non Operating": 5482000.0,
        "Operating Income": -80980000.0,
        "Operating Expense": 129929000.0,
        "Other Operating Expenses": NaN,
        "Research And Development": 98274000.0,
        "Selling General And Administration": 31655000.0,
        "Gross Profit": 48949000.0,
        "Cost Of Revenue": 21496000.0,
        "Total Revenue": 70445000.0,
        "Operating Revenue": 70445000.0
    }
}