{
    "2023-06-30": {
        "Tax Effect Of Unusual Items": NaN,
        "Tax Rate For Calcs": NaN,
        "Normalized EBITDA": NaN,
        "Total Unusual Items": NaN,
        "Total Unusual Items Excluding Goodwill": NaN,
        "Net Income From Continuing Operation Net Minority Interest": NaN,
        "Reconciled Depreciation": NaN,
        "EBITDA": NaN,
        "EBIT": NaN,
        "Net Interest Income": NaN,
        "Interest Income": NaN,
        "Normalized Income": NaN,
        "Net Income From Continuing And Discontinued Operation": NaN,
        "Total Expenses": NaN,
        "Total Operating Income As Reported": NaN,
        "Diluted Average Shares": 11231000.0,
        "Basic Average Shares": 11231000.0,
        "Diluted EPS": -0.58,
        "Basic EPS": -0.58,
        "Diluted NI Availto Com Stockholders": NaN,
        "Net Income Common Stockholders": NaN,
        "Net Income": NaN,
        "Net Income Including Noncontrolling Interests": NaN,
        "Net Income Continuous Operations": NaN,
        "Pretax Income": NaN,
        "Other Income Expense": NaN,
        "Gain On Sale Of Security": NaN,
        "Net Non Operating Interest Income Expense": NaN,
        "Interest Income Non Operating": NaN,
        "Operating Income": NaN,
        "Operating Expense": NaN,
        "Research And Development": NaN,
        "Selling General And Administration": NaN,
        "Total Revenue": NaN,
        "Operating Revenue": NaN
    },
    "2023-03-31": {
        "Tax Effect Of Unusual Items": NaN,
        "Tax Rate For Calcs": NaN,
        "Normalized EBITDA": NaN,
        "Total Unusual Items": NaN,
        "Total Unusual Items Excluding Goodwill": NaN,
        "Net Income From Continuing Operation Net Minority Interest": NaN,
        "Reconciled Depreciation": NaN,
        "EBITDA": NaN,
        "EBIT": NaN,
        "Net Interest Income": NaN,
        "Interest Income": NaN,
        "Normalized Income": NaN,
        "Net Income From Continuing And Discontinued Operation": NaN,
        "Total Expenses": NaN,
        "Total Operating Income As Reported": NaN,
        "Diluted Average Shares": 11231000.0,
        "Basic Average Shares": 11231000.0,
        "Diluted EPS": -0.57,
        "Basic EPS": -0.57,
        "Diluted NI Availto Com Stockholders": NaN,
        "Net Income Common Stockholders": NaN,
        "Net Income": NaN,
        "Net Income Including Noncontrolling Interests": NaN,
        "Net Income Continuous Operations": NaN,
        "Pretax Income": NaN,
        "Other Income Expense": NaN,
        "Gain On Sale Of Security": NaN,
        "Net Non Operating Interest Income Expense": NaN,
        "Interest Income Non Operating": NaN,
        "Operating Income": NaN,
        "Operating Expense": NaN,
        "Research And Development": NaN,
        "Selling General And Administration": NaN,
        "Total Revenue": NaN,
        "Operating Revenue": NaN
    },
    "2022-12-31": {
        "Tax Effect Of Unusual Items": NaN,
        "Tax Rate For Calcs": NaN,
        "Normalized EBITDA": NaN,
        "Total Unusual Items": NaN,
        "Total Unusual Items Excluding Goodwill": NaN,
        "Net Income From Continuing Operation Net Minority Interest": NaN,
        "Reconciled Depreciation": NaN,
        "EBITDA": NaN,
        "EBIT": NaN,
        "Net Interest Income": NaN,
        "Interest Income": NaN,
        "Normalized Income": NaN,
        "Net Income From Continuing And Discontinued Operation": NaN,
        "Total Expenses": NaN,
        "Total Operating Income As Reported": NaN,
        "Diluted Average Shares": NaN,
        "Basic Average Shares": NaN,
        "Diluted EPS": NaN,
        "Basic EPS": NaN,
        "Diluted NI Availto Com Stockholders": NaN,
        "Net Income Common Stockholders": NaN,
        "Net Income": NaN,
        "Net Income Including Noncontrolling Interests": NaN,
        "Net Income Continuous Operations": NaN,
        "Pretax Income": NaN,
        "Other Income Expense": NaN,
        "Special Income Charges": 0.0,
        "Gain On Sale Of Security": NaN,
        "Net Non Operating Interest Income Expense": NaN,
        "Interest Income Non Operating": NaN,
        "Operating Income": NaN,
        "Operating Expense": NaN,
        "Research And Development": NaN,
        "Selling General And Administration": NaN,
        "Total Revenue": NaN,
        "Operating Revenue": NaN
    },
    "2022-09-30": {
        "Tax Effect Of Unusual Items": NaN,
        "Tax Rate For Calcs": NaN,
        "Normalized EBITDA": NaN,
        "Total Unusual Items": NaN,
        "Total Unusual Items Excluding Goodwill": NaN,
        "Net Income From Continuing Operation Net Minority Interest": NaN,
        "Reconciled Depreciation": NaN,
        "EBITDA": NaN,
        "EBIT": NaN,
        "Net Interest Income": NaN,
        "Interest Income": NaN,
        "Normalized Income": NaN,
        "Net Income From Continuing And Discontinued Operation": NaN,
        "Total Expenses": NaN,
        "Total Operating Income As Reported": NaN,
        "Diluted Average Shares": 11229000.0,
        "Basic Average Shares": 11229000.0,
        "Diluted EPS": -0.54,
        "Basic EPS": -0.54,
        "Diluted NI Availto Com Stockholders": NaN,
        "Net Income Common Stockholders": NaN,
        "Net Income": NaN,
        "Net Income Including Noncontrolling Interests": NaN,
        "Net Income Continuous Operations": NaN,
        "Pretax Income": NaN,
        "Other Income Expense": NaN,
        "Special Income Charges": 0.0,
        "Gain On Sale Of Security": NaN,
        "Net Non Operating Interest Income Expense": NaN,
        "Interest Income Non Operating": NaN,
        "Operating Income": NaN,
        "Operating Expense": NaN,
        "Research And Development": NaN,
        "Selling General And Administration": NaN,
        "Total Revenue": NaN,
        "Operating Revenue": NaN
    },
    "2022-06-30": {
        "Tax Effect Of Unusual Items": 0.0,
        "Tax Rate For Calcs": 0.0,
        "Normalized EBITDA": -6740000.0,
        "Total Unusual Items": -113000.0,
        "Total Unusual Items Excluding Goodwill": -113000.0,
        "Net Income From Continuing Operation Net Minority Interest": -7062000.0,
        "Reconciled Depreciation": 133000.0,
        "EBITDA": -6853000.0,
        "EBIT": -6986000.0,
        "Net Interest Income": 37000.0,
        "Interest Income": NaN,
        "Normalized Income": -6949000.0,
        "Net Income From Continuing And Discontinued Operation": -7062000.0,
        "Total Expenses": 6986000.0,
        "Total Operating Income As Reported": -6986000.0,
        "Diluted Average Shares": 11229000.0,
        "Basic Average Shares": 11229000.0,
        "Diluted EPS": -0.63,
        "Basic EPS": -0.63,
        "Diluted NI Availto Com Stockholders": -7062000.0,
        "Net Income Common Stockholders": -7062000.0,
        "Net Income": -7062000.0,
        "Net Income Including Noncontrolling Interests": -7062000.0,
        "Net Income Continuous Operations": -7062000.0,
        "Pretax Income": -7062000.0,
        "Other Income Expense": -113000.0,
        "Special Income Charges": NaN,
        "Gain On Sale Of Security": -113000.0,
        "Net Non Operating Interest Income Expense": 37000.0,
        "Total Other Finance Cost": -37000.0,
        "Interest Income Non Operating": NaN,
        "Operating Income": -6986000.0,
        "Operating Expense": 6986000.0,
        "Research And Development": 3073000.0,
        "Selling General And Administration": 3913000.0,
        "Total Revenue": 0.0,
        "Operating Revenue": 0.0
    },
    "2022-03-31": {
        "Diluted EPS": -0.47,
        "Total Revenue": NaN,
        "Gross Profit": NaN,
        "Operating Income": -5,
        "EBIT": -5,
        "Net Income": -5
    },
    "2021-12-31": {
        "Diluted EPS": -0.88,
        "Total Revenue": NaN,
        "Gross Profit": NaN,
        "Operating Income": -9,
        "EBIT": -9,
        "Net Income": -9
    },
    "2021-09-30": {
        "Diluted EPS": -0.26,
        "Total Revenue": NaN,
        "Gross Profit": NaN,
        "Operating Income": -3,
        "EBIT": -3,
        "Net Income": -2
    },
    "2021-06-30": {
        "Diluted EPS": -0.28,
        "Total Revenue": NaN,
        "Gross Profit": NaN,
        "Operating Income": -2,
        "EBIT": -2,
        "Net Income": -2
    },
    "2021-03-31": {
        "Diluted EPS": -0.48,
        "Total Revenue": NaN,
        "Gross Profit": NaN,
        "Operating Income": -3,
        "EBIT": -3,
        "Net Income": -3
    },
    "2020-12-31": {
        "Diluted EPS": -2.7,
        "Total Revenue": NaN,
        "Gross Profit": NaN,
        "Operating Income": -4,
        "EBIT": -4,
        "Net Income": -5
    },
    "2020-09-30": {
        "Diluted EPS": -1.38,
        "Total Revenue": NaN,
        "Gross Profit": NaN,
        "Operating Income": -2,
        "EBIT": -2,
        "Net Income": -2
    },
    "2020-06-30": {
        "Diluted EPS": -1.89,
        "Total Revenue": NaN,
        "Gross Profit": NaN,
        "Operating Income": -2,
        "EBIT": -1,
        "Net Income": -2
    },
    "2020-03-31": {
        "Diluted EPS": -1.57,
        "Total Revenue": NaN,
        "Gross Profit": NaN,
        "Operating Income": -2,
        "EBIT": -1,
        "Net Income": -1
    },
    "2019-12-31": {
        "Diluted EPS": -3.1,
        "Total Revenue": NaN,
        "Gross Profit": NaN,
        "Operating Income": -2,
        "EBIT": -2,
        "Net Income": -2
    },
    "2019-09-30": {
        "Diluted EPS": -2.5,
        "Total Revenue": NaN,
        "Gross Profit": NaN,
        "Operating Income": -2,
        "EBIT": -2,
        "Net Income": -2
    },
    "2019-06-30": {
        "Diluted EPS": -3.25,
        "Total Revenue": NaN,
        "Gross Profit": NaN,
        "Operating Income": -2,
        "EBIT": -2,
        "Net Income": -2
    },
    "2019-03-31": {
        "Diluted EPS": -3.25,
        "Total Revenue": 0,
        "Gross Profit": 0,
        "Operating Income": -2,
        "EBIT": -1,
        "Net Income": -2
    },
    "2018-12-31": {
        "Diluted EPS": 6.0,
        "Total Revenue": 0,
        "Gross Profit": 0,
        "Operating Income": -2,
        "EBIT": -2,
        "Net Income": -2
    },
    "2018-09-30": {
        "Diluted EPS": -3.25,
        "Total Revenue": 0,
        "Gross Profit": 0,
        "Operating Income": -1,
        "EBIT": -1,
        "Net Income": -1
    },
    "2018-06-30": {
        "Diluted EPS": -26.5,
        "Total Revenue": 0,
        "Gross Profit": 0,
        "Operating Income": -3,
        "EBIT": -1,
        "Net Income": -8
    },
    "2018-03-31": {
        "Diluted EPS": -20.0,
        "Total Revenue": 0,
        "Gross Profit": 0,
        "Operating Income": -1,
        "EBIT": 3,
        "Net Income": -5
    },
    "2017-12-31": {
        "Diluted EPS": -13.25,
        "Total Revenue": 0,
        "Gross Profit": 0,
        "Operating Income": -2,
        "EBIT": -1,
        "Net Income": -3
    },
    "2017-09-30": {
        "Diluted EPS": -9.75,
        "Total Revenue": 0,
        "Gross Profit": 0,
        "Operating Income": -2,
        "EBIT": -1,
        "Net Income": -2
    },
    "2017-06-30": {
        "Diluted EPS": -5.5,
        "Total Revenue": 0,
        "Gross Profit": 0,
        "Operating Income": -1,
        "EBIT": -1,
        "Net Income": -1
    },
    "2017-03-31": {
        "Diluted EPS": -5.25,
        "Total Revenue": 0,
        "Gross Profit": 0,
        "Operating Income": -1,
        "EBIT": -1,
        "Net Income": -1
    },
    "2016-12-31": {
        "Diluted EPS": 0.0,
        "Total Revenue": NaN,
        "Gross Profit": NaN,
        "Operating Income": NaN,
        "EBIT": NaN,
        "Net Income": NaN
    },
    "2023-09-30": {
        "Tax Effect Of Unusual Items": NaN,
        "Tax Rate For Calcs": NaN,
        "Normalized EBITDA": NaN,
        "Total Unusual Items": NaN,
        "Total Unusual Items Excluding Goodwill": NaN,
        "Net Income From Continuing Operation Net Minority Interest": NaN,
        "Reconciled Depreciation": NaN,
        "EBITDA": NaN,
        "EBIT": NaN,
        "Net Interest Income": NaN,
        "Interest Income": NaN,
        "Normalized Income": NaN,
        "Net Income From Continuing And Discontinued Operation": NaN,
        "Total Expenses": NaN,
        "Total Operating Income As Reported": NaN,
        "Diluted Average Shares": 11231000.0,
        "Basic Average Shares": 11231000.0,
        "Diluted EPS": -0.45,
        "Basic EPS": -0.45,
        "Diluted NI Availto Com Stockholders": NaN,
        "Net Income Common Stockholders": NaN,
        "Net Income": NaN,
        "Net Income Including Noncontrolling Interests": NaN,
        "Net Income Continuous Operations": NaN,
        "Pretax Income": NaN,
        "Other Income Expense": NaN,
        "Gain On Sale Of Security": NaN,
        "Net Non Operating Interest Income Expense": NaN,
        "Interest Income Non Operating": NaN,
        "Operating Income": NaN,
        "Operating Expense": NaN,
        "Research And Development": NaN,
        "Selling General And Administration": NaN,
        "Total Revenue": NaN,
        "Operating Revenue": NaN
    },
    "2023-12-31": {
        "Tax Effect Of Unusual Items": 0.0,
        "Tax Rate For Calcs": 0.0,
        "Normalized EBITDA": -6721000.0,
        "Total Unusual Items": 577000.0,
        "Total Unusual Items Excluding Goodwill": 577000.0,
        "Net Income From Continuing Operation Net Minority Interest": -5649000.0,
        "Reconciled Depreciation": 134000.0,
        "EBITDA": -6144000.0,
        "EBIT": -6278000.0,
        "Net Interest Income": 52000.0,
        "Interest Income": 52000.0,
        "Normalized Income": -6226000.0,
        "Net Income From Continuing And Discontinued Operation": -5649000.0,
        "Total Expenses": 6278000.0,
        "Total Operating Income As Reported": -6278000.0,
        "Diluted Average Shares": NaN,
        "Basic Average Shares": NaN,
        "Diluted EPS": NaN,
        "Basic EPS": NaN,
        "Diluted NI Availto Com Stockholders": -5649000.0,
        "Net Income Common Stockholders": -5649000.0,
        "Net Income": -5649000.0,
        "Net Income Including Noncontrolling Interests": -5649000.0,
        "Net Income Continuous Operations": -5649000.0,
        "Pretax Income": -5649000.0,
        "Other Income Expense": 577000.0,
        "Gain On Sale Of Security": 577000.0,
        "Net Non Operating Interest Income Expense": 52000.0,
        "Interest Income Non Operating": 52000.0,
        "Operating Income": -6278000.0,
        "Operating Expense": 6278000.0,
        "Research And Development": 2981000.0,
        "Selling General And Administration": 3297000.0,
        "Total Revenue": 0.0,
        "Operating Revenue": 0.0
    },
    "2024-03-31": {
        "Tax Effect Of Unusual Items": NaN,
        "Tax Rate For Calcs": NaN,
        "Normalized EBITDA": NaN,
        "Total Unusual Items": NaN,
        "Total Unusual Items Excluding Goodwill": NaN,
        "Net Income From Continuing Operation Net Minority Interest": NaN,
        "Reconciled Depreciation": NaN,
        "EBITDA": NaN,
        "EBIT": NaN,
        "Net Interest Income": NaN,
        "Interest Income": NaN,
        "Normalized Income": NaN,
        "Net Income From Continuing And Discontinued Operation": NaN,
        "Total Expenses": NaN,
        "Total Operating Income As Reported": NaN,
        "Diluted Average Shares": 16057000.0,
        "Basic Average Shares": 16057000.0,
        "Diluted EPS": -0.31,
        "Basic EPS": -0.31,
        "Diluted NI Availto Com Stockholders": NaN,
        "Net Income Common Stockholders": NaN,
        "Net Income": NaN,
        "Net Income Including Noncontrolling Interests": NaN,
        "Net Income Continuous Operations": NaN,
        "Pretax Income": NaN,
        "Other Income Expense": NaN,
        "Gain On Sale Of Security": NaN,
        "Net Non Operating Interest Income Expense": NaN,
        "Interest Income Non Operating": NaN,
        "Operating Income": NaN,
        "Operating Expense": NaN,
        "Research And Development": NaN,
        "Selling General And Administration": NaN,
        "Total Revenue": NaN,
        "Operating Revenue": NaN
    },
    "2024-06-30": {
        "Tax Effect Of Unusual Items": 0.0,
        "Tax Rate For Calcs": 0.0,
        "Normalized EBITDA": -5743000.0,
        "Total Unusual Items": 425000.0,
        "Total Unusual Items Excluding Goodwill": 425000.0,
        "Net Income From Continuing Operation Net Minority Interest": -4956000.0,
        "Reconciled Depreciation": 136000.0,
        "EBITDA": -5318000.0,
        "EBIT": -5454000.0,
        "Net Interest Income": 73000.0,
        "Interest Income": 73000.0,
        "Normalized Income": -5381000.0,
        "Net Income From Continuing And Discontinued Operation": -4956000.0,
        "Total Expenses": 5454000.0,
        "Total Operating Income As Reported": -5454000.0,
        "Diluted Average Shares": 16067000.0,
        "Basic Average Shares": 16067000.0,
        "Diluted EPS": -0.31,
        "Basic EPS": -0.31,
        "Diluted NI Availto Com Stockholders": -4956000.0,
        "Net Income Common Stockholders": -4956000.0,
        "Net Income": -4956000.0,
        "Net Income Including Noncontrolling Interests": -4956000.0,
        "Net Income Continuous Operations": -4956000.0,
        "Pretax Income": -4956000.0,
        "Other Income Expense": 425000.0,
        "Gain On Sale Of Security": 425000.0,
        "Net Non Operating Interest Income Expense": 73000.0,
        "Interest Income Non Operating": 73000.0,
        "Operating Income": -5454000.0,
        "Operating Expense": 5454000.0,
        "Research And Development": 2825000.0,
        "Selling General And Administration": 2629000.0,
        "Total Revenue": 0.0,
        "Operating Revenue": 0.0
    },
    "2024-09-30": {
        "Tax Effect Of Unusual Items": 0.0,
        "Tax Rate For Calcs": 0.0,
        "Normalized EBITDA": -6475000.0,
        "Total Unusual Items": 434000.0,
        "Total Unusual Items Excluding Goodwill": 434000.0,
        "Net Income From Continuing Operation Net Minority Interest": -5642000.0,
        "Reconciled Depreciation": 129000.0,
        "EBITDA": -6041000.0,
        "EBIT": -6170000.0,
        "Net Interest Income": 94000.0,
        "Interest Income": 94000.0,
        "Normalized Income": -6076000.0,
        "Net Income From Continuing And Discontinued Operation": -5642000.0,
        "Total Expenses": 6170000.0,
        "Total Operating Income As Reported": -6170000.0,
        "Diluted Average Shares": 16067000.0,
        "Basic Average Shares": 16067000.0,
        "Diluted EPS": -0.35,
        "Basic EPS": -0.35,
        "Diluted NI Availto Com Stockholders": -5642000.0,
        "Net Income Common Stockholders": -5642000.0,
        "Net Income": -5642000.0,
        "Net Income Including Noncontrolling Interests": -5642000.0,
        "Net Income Continuous Operations": -5642000.0,
        "Pretax Income": -5642000.0,
        "Other Income Expense": 434000.0,
        "Gain On Sale Of Security": 434000.0,
        "Net Non Operating Interest Income Expense": 94000.0,
        "Interest Income Non Operating": 94000.0,
        "Operating Income": -6170000.0,
        "Operating Expense": 6170000.0,
        "Research And Development": 2859000.0,
        "Selling General And Administration": 3311000.0,
        "Total Revenue": 0.0,
        "Operating Revenue": 0.0
    },
    "2024-12-31": {
        "Tax Effect Of Unusual Items": 0.0,
        "Tax Rate For Calcs": 0.0,
        "Normalized EBITDA": -6884000.0,
        "Total Unusual Items": 307000.0,
        "Total Unusual Items Excluding Goodwill": 307000.0,
        "Net Income From Continuing Operation Net Minority Interest": -6229000.0,
        "Reconciled Depreciation": 122000.0,
        "EBITDA": -6577000.0,
        "EBIT": -6699000.0,
        "Net Interest Income": 163000.0,
        "Interest Income": 163000.0,
        "Normalized Income": -6536000.0,
        "Net Income From Continuing And Discontinued Operation": -6229000.0,
        "Total Expenses": 6699000.0,
        "Total Operating Income As Reported": -6699000.0,
        "Diluted Average Shares": NaN,
        "Basic Average Shares": NaN,
        "Diluted EPS": NaN,
        "Basic EPS": NaN,
        "Diluted NI Availto Com Stockholders": -6229000.0,
        "Net Income Common Stockholders": -6229000.0,
        "Net Income": -6229000.0,
        "Net Income Including Noncontrolling Interests": -6229000.0,
        "Net Income Continuous Operations": -6229000.0,
        "Pretax Income": -6229000.0,
        "Other Income Expense": 307000.0,
        "Gain On Sale Of Security": 307000.0,
        "Net Non Operating Interest Income Expense": 163000.0,
        "Interest Income Non Operating": 163000.0,
        "Operating Income": -6699000.0,
        "Operating Expense": 6699000.0,
        "Research And Development": 3513000.0,
        "Selling General And Administration": 3186000.0,
        "Total Revenue": 0.0,
        "Operating Revenue": 0.0
    },
    "2025-03-31": {
        "Tax Effect Of Unusual Items": 0.0,
        "Tax Rate For Calcs": 0.0,
        "Normalized EBITDA": -5064000.0,
        "Total Unusual Items": 232000.0,
        "Total Unusual Items Excluding Goodwill": 232000.0,
        "Net Income From Continuing Operation Net Minority Interest": -4503000.0,
        "Reconciled Depreciation": 122000.0,
        "EBITDA": -4832000.0,
        "EBIT": -4954000.0,
        "Net Interest Income": 219000.0,
        "Interest Income": 219000.0,
        "Normalized Income": -4735000.0,
        "Net Income From Continuing And Discontinued Operation": -4503000.0,
        "Total Expenses": 4954000.0,
        "Total Operating Income As Reported": -4954000.0,
        "Diluted Average Shares": 20352000.0,
        "Basic Average Shares": 20352000.0,
        "Diluted EPS": -0.22,
        "Basic EPS": -0.22,
        "Diluted NI Availto Com Stockholders": -4503000.0,
        "Net Income Common Stockholders": -4503000.0,
        "Net Income": -4503000.0,
        "Net Income Including Noncontrolling Interests": -4503000.0,
        "Net Income Continuous Operations": -4503000.0,
        "Pretax Income": -4503000.0,
        "Other Income Expense": 232000.0,
        "Gain On Sale Of Security": 232000.0,
        "Net Non Operating Interest Income Expense": 219000.0,
        "Interest Income Non Operating": 219000.0,
        "Operating Income": -4954000.0,
        "Operating Expense": 4954000.0,
        "Research And Development": 2557000.0,
        "Selling General And Administration": 2397000.0,
        "Total Revenue": 0.0,
        "Operating Revenue": 0.0
    },
    "2025-06-30": {
        "Tax Effect Of Unusual Items": 0.0,
        "Tax Rate For Calcs": 0.0,
        "Normalized EBITDA": -7079000.0,
        "Total Unusual Items": 160000.0,
        "Total Unusual Items Excluding Goodwill": 160000.0,
        "Net Income From Continuing Operation Net Minority Interest": -6694000.0,
        "Reconciled Depreciation": 130000.0,
        "EBITDA": -6919000.0,
        "EBIT": -7049000.0,
        "Net Interest Income": 195000.0,
        "Interest Income": 195000.0,
        "Normalized Income": -6854000.0,
        "Net Income From Continuing And Discontinued Operation": -6694000.0,
        "Total Expenses": 7049000.0,
        "Total Operating Income As Reported": -7049000.0,
        "Diluted Average Shares": NaN,
        "Basic Average Shares": NaN,
        "Diluted EPS": NaN,
        "Basic EPS": NaN,
        "Diluted NI Availto Com Stockholders": -6694000.0,
        "Net Income Common Stockholders": -6694000.0,
        "Net Income": -6694000.0,
        "Net Income Including Noncontrolling Interests": -6694000.0,
        "Net Income Continuous Operations": -6694000.0,
        "Pretax Income": -6694000.0,
        "Other Income Expense": 160000.0,
        "Gain On Sale Of Security": 160000.0,
        "Net Non Operating Interest Income Expense": 195000.0,
        "Interest Income Non Operating": 195000.0,
        "Operating Income": -7049000.0,
        "Operating Expense": 7049000.0,
        "Research And Development": 2891000.0,
        "Selling General And Administration": 4158000.0,
        "Total Revenue": 0.0,
        "Operating Revenue": 0.0
    }
}