{
    "2023-06-30": {
        "Tax Effect Of Unusual Items": NaN,
        "Tax Rate For Calcs": NaN,
        "Normalized EBITDA": NaN,
        "Net Income From Continuing Operation Net Minority Interest": NaN,
        "Reconciled Depreciation": NaN,
        "Reconciled Cost Of Revenue": NaN,
        "EBITDA": NaN,
        "EBIT": NaN,
        "Net Interest Income": NaN,
        "Interest Expense": NaN,
        "Interest Income": 75000000.0,
        "Normalized Income": NaN,
        "Net Income From Continuing And Discontinued Operation": NaN,
        "Total Expenses": NaN,
        "Total Operating Income As Reported": NaN,
        "Diluted Average Shares": NaN,
        "Basic Average Shares": NaN,
        "Diluted EPS": NaN,
        "Basic EPS": NaN,
        "Diluted NI Availto Com Stockholders": NaN,
        "Net Income Common Stockholders": NaN,
        "Net Income": NaN,
        "Minority Interests": NaN,
        "Net Income Including Noncontrolling Interests": NaN,
        "Net Income Discontinuous Operations": 46000000.0,
        "Net Income Continuous Operations": NaN,
        "Tax Provision": NaN,
        "Pretax Income": NaN,
        "Other Income Expense": NaN,
        "Earnings From Equity Interest": NaN,
        "Net Non Operating Interest Income Expense": NaN,
        "Total Other Finance Cost": NaN,
        "Interest Expense Non Operating": NaN,
        "Interest Income Non Operating": 75000000.0,
        "Operating Income": NaN,
        "Operating Expense": NaN,
        "Other Operating Expenses": NaN,
        "Research And Development": NaN,
        "Selling General And Administration": NaN,
        "Gross Profit": NaN,
        "Cost Of Revenue": NaN,
        "Total Revenue": NaN,
        "Operating Revenue": NaN
    },
    "2023-03-31": {
        "Tax Effect Of Unusual Items": NaN,
        "Tax Rate For Calcs": NaN,
        "Normalized EBITDA": NaN,
        "Net Income From Continuing Operation Net Minority Interest": NaN,
        "Reconciled Depreciation": NaN,
        "Reconciled Cost Of Revenue": NaN,
        "EBITDA": NaN,
        "EBIT": NaN,
        "Net Interest Income": NaN,
        "Interest Expense": NaN,
        "Interest Income": 104000000.0,
        "Normalized Income": NaN,
        "Net Income From Continuing And Discontinued Operation": NaN,
        "Total Expenses": NaN,
        "Total Operating Income As Reported": NaN,
        "Diluted Average Shares": NaN,
        "Basic Average Shares": NaN,
        "Diluted EPS": NaN,
        "Basic EPS": NaN,
        "Diluted NI Availto Com Stockholders": NaN,
        "Net Income Common Stockholders": NaN,
        "Net Income": NaN,
        "Minority Interests": NaN,
        "Net Income Including Noncontrolling Interests": NaN,
        "Net Income Discontinuous Operations": 144000000.0,
        "Net Income Continuous Operations": NaN,
        "Tax Provision": NaN,
        "Pretax Income": NaN,
        "Other Income Expense": NaN,
        "Earnings From Equity Interest": NaN,
        "Net Non Operating Interest Income Expense": NaN,
        "Total Other Finance Cost": NaN,
        "Interest Expense Non Operating": NaN,
        "Interest Income Non Operating": 104000000.0,
        "Operating Income": NaN,
        "Operating Expense": NaN,
        "Other Operating Expenses": NaN,
        "Research And Development": NaN,
        "Selling General And Administration": NaN,
        "Gross Profit": NaN,
        "Cost Of Revenue": NaN,
        "Total Revenue": NaN,
        "Operating Revenue": NaN
    },
    "2022-12-31": {
        "Tax Effect Of Unusual Items": NaN,
        "Tax Rate For Calcs": NaN,
        "Normalized EBITDA": NaN,
        "Net Income From Continuing Operation Net Minority Interest": NaN,
        "Reconciled Depreciation": NaN,
        "Reconciled Cost Of Revenue": NaN,
        "EBITDA": NaN,
        "EBIT": NaN,
        "Net Interest Income": NaN,
        "Interest Expense": NaN,
        "Interest Income": NaN,
        "Normalized Income": NaN,
        "Net Income From Continuing And Discontinued Operation": NaN,
        "Total Expenses": NaN,
        "Total Operating Income As Reported": NaN,
        "Diluted Average Shares": NaN,
        "Basic Average Shares": NaN,
        "Diluted EPS": NaN,
        "Basic EPS": NaN,
        "Diluted NI Availto Com Stockholders": NaN,
        "Net Income Common Stockholders": NaN,
        "Net Income": NaN,
        "Minority Interests": NaN,
        "Net Income Including Noncontrolling Interests": NaN,
        "Net Income Discontinuous Operations": NaN,
        "Net Income Continuous Operations": NaN,
        "Tax Provision": NaN,
        "Pretax Income": NaN,
        "Other Income Expense": NaN,
        "Earnings From Equity Interest": NaN,
        "Net Non Operating Interest Income Expense": NaN,
        "Total Other Finance Cost": 181000000.0,
        "Interest Expense Non Operating": NaN,
        "Interest Income Non Operating": NaN,
        "Operating Income": NaN,
        "Operating Expense": NaN,
        "Other Operating Expenses": NaN,
        "Research And Development": NaN,
        "Selling General And Administration": NaN,
        "Gross Profit": NaN,
        "Cost Of Revenue": NaN,
        "Total Revenue": NaN,
        "Operating Revenue": NaN
    },
    "2022-09-30": {
        "Tax Effect Of Unusual Items": NaN,
        "Tax Rate For Calcs": NaN,
        "Normalized EBITDA": NaN,
        "Net Income From Continuing Operation Net Minority Interest": NaN,
        "Reconciled Depreciation": NaN,
        "Reconciled Cost Of Revenue": NaN,
        "EBITDA": NaN,
        "EBIT": NaN,
        "Net Interest Income": NaN,
        "Interest Expense": NaN,
        "Interest Income": NaN,
        "Normalized Income": NaN,
        "Net Income From Continuing And Discontinued Operation": NaN,
        "Total Expenses": NaN,
        "Total Operating Income As Reported": NaN,
        "Diluted Average Shares": NaN,
        "Basic Average Shares": NaN,
        "Diluted EPS": NaN,
        "Basic EPS": NaN,
        "Diluted NI Availto Com Stockholders": NaN,
        "Net Income Common Stockholders": NaN,
        "Net Income": NaN,
        "Minority Interests": NaN,
        "Net Income Including Noncontrolling Interests": NaN,
        "Net Income Discontinuous Operations": 245000000.0,
        "Net Income Continuous Operations": NaN,
        "Tax Provision": NaN,
        "Pretax Income": NaN,
        "Other Income Expense": NaN,
        "Earnings From Equity Interest": NaN,
        "Net Non Operating Interest Income Expense": NaN,
        "Total Other Finance Cost": 28000000.0,
        "Interest Expense Non Operating": NaN,
        "Interest Income Non Operating": NaN,
        "Operating Income": NaN,
        "Operating Expense": NaN,
        "Other Operating Expenses": NaN,
        "Research And Development": NaN,
        "Selling General And Administration": NaN,
        "Gross Profit": NaN,
        "Cost Of Revenue": NaN,
        "Total Revenue": NaN,
        "Operating Revenue": NaN
    },
    "2022-06-30": {
        "Tax Effect Of Unusual Items": 0.0,
        "Tax Rate For Calcs": 0.17,
        "Normalized EBITDA": 4046000000.0,
        "Net Income From Continuing Operation Net Minority Interest": 1694000000.0,
        "Reconciled Depreciation": 1802000000.0,
        "Reconciled Cost Of Revenue": 3751000000.0,
        "EBITDA": 4046000000.0,
        "EBIT": 2244000000.0,
        "Net Interest Income": -186000000.0,
        "Interest Expense": 202000000.0,
        "Interest Income": NaN,
        "Normalized Income": 1694000000.0,
        "Net Income From Continuing And Discontinued Operation": 1694000000.0,
        "Total Expenses": 10857000000.0,
        "Total Operating Income As Reported": 2228000000.0,
        "Diluted Average Shares": 2211000000.0,
        "Basic Average Shares": 2198000000.0,
        "Diluted EPS": 0.77,
        "Basic EPS": 0.77,
        "Diluted NI Availto Com Stockholders": 1694000000.0,
        "Net Income Common Stockholders": 1694000000.0,
        "Net Income": 1694000000.0,
        "Minority Interests": -1000000.0,
        "Net Income Including Noncontrolling Interests": 1695000000.0,
        "Net Income Continuous Operations": 1695000000.0,
        "Tax Provision": 347000000.0,
        "Pretax Income": 2042000000.0,
        "Other Income Expense": NaN,
        "Earnings From Equity Interest": NaN,
        "Net Non Operating Interest Income Expense": -186000000.0,
        "Total Other Finance Cost": -16000000.0,
        "Interest Expense Non Operating": 202000000.0,
        "Interest Income Non Operating": NaN,
        "Operating Income": 2228000000.0,
        "Operating Expense": 7106000000.0,
        "Other Operating Expenses": 1027000000.0,
        "Research And Development": 2498000000.0,
        "Selling General And Administration": 3581000000.0,
        "Gross Profit": 9334000000.0,
        "Cost Of Revenue": 3751000000.0,
        "Total Revenue": 13085000000.0,
        "Operating Revenue": 12781000000.0
    },
    "2022-03-31": {
        "Diluted EPS": 0.99,
        "Total Revenue": NaN,
        "Gross Profit": NaN,
        "Operating Income": NaN,
        "EBIT": NaN,
        "Net Income": NaN
    },
    "2021-12-31": {
        "Diluted EPS": 7.22,
        "Total Revenue": NaN,
        "Gross Profit": NaN,
        "Operating Income": NaN,
        "EBIT": NaN,
        "Net Income": NaN
    },
    "2021-09-30": {
        "Diluted EPS": 1.22,
        "Total Revenue": NaN,
        "Gross Profit": NaN,
        "Operating Income": NaN,
        "EBIT": NaN,
        "Net Income": NaN
    },
    "2021-06-30": {
        "Diluted EPS": 1.28,
        "Total Revenue": NaN,
        "Gross Profit": NaN,
        "Operating Income": NaN,
        "EBIT": NaN,
        "Net Income": NaN
    },
    "2021-03-31": {
        "Diluted EPS": 0.91,
        "Total Revenue": NaN,
        "Gross Profit": NaN,
        "Operating Income": NaN,
        "EBIT": NaN,
        "Net Income": NaN
    },
    "2020-12-31": {
        "Diluted EPS": 0.92,
        "Total Revenue": NaN,
        "Gross Profit": NaN,
        "Operating Income": NaN,
        "EBIT": NaN,
        "Net Income": NaN
    },
    "2020-09-30": {
        "Diluted EPS": 0.84,
        "Total Revenue": NaN,
        "Gross Profit": NaN,
        "Operating Income": NaN,
        "EBIT": 254,
        "Net Income": NaN
    },
    "2020-06-30": {
        "Diluted EPS": 0.81,
        "Total Revenue": NaN,
        "Gross Profit": NaN,
        "Operating Income": NaN,
        "EBIT": NaN,
        "Net Income": NaN
    },
    "2020-03-31": {
        "Diluted EPS": 0.95,
        "Total Revenue": NaN,
        "Gross Profit": NaN,
        "Operating Income": NaN,
        "EBIT": NaN,
        "Net Income": NaN
    },
    "2019-12-31": {
        "Diluted EPS": 0.5,
        "Total Revenue": NaN,
        "Gross Profit": NaN,
        "Operating Income": NaN,
        "EBIT": NaN,
        "Net Income": NaN
    },
    "2019-09-30": {
        "Diluted EPS": 0.89,
        "Total Revenue": NaN,
        "Gross Profit": NaN,
        "Operating Income": NaN,
        "EBIT": NaN,
        "Net Income": NaN
    },
    "2019-06-30": {
        "Diluted EPS": 2.91,
        "Total Revenue": NaN,
        "Gross Profit": NaN,
        "Operating Income": NaN,
        "EBIT": NaN,
        "Net Income": NaN
    },
    "2019-03-31": {
        "Diluted EPS": 0.76,
        "Total Revenue": NaN,
        "Gross Profit": NaN,
        "Operating Income": NaN,
        "EBIT": NaN,
        "Net Income": NaN
    },
    "2018-12-31": {
        "Diluted EPS": 0.52,
        "Total Revenue": NaN,
        "Gross Profit": NaN,
        "Operating Income": NaN,
        "EBIT": NaN,
        "Net Income": NaN
    },
    "2018-09-30": {
        "Diluted EPS": 0.69,
        "Total Revenue": NaN,
        "Gross Profit": NaN,
        "Operating Income": NaN,
        "EBIT": NaN,
        "Net Income": NaN
    },
    "2018-06-30": {
        "Diluted EPS": 3.31,
        "Total Revenue": NaN,
        "Gross Profit": NaN,
        "Operating Income": NaN,
        "EBIT": NaN,
        "Net Income": NaN
    },
    "2018-03-31": {
        "Diluted EPS": 0.86,
        "Total Revenue": NaN,
        "Gross Profit": NaN,
        "Operating Income": NaN,
        "EBIT": NaN,
        "Net Income": NaN
    },
    "2017-12-31": {
        "Diluted EPS": 0.84,
        "Total Revenue": NaN,
        "Gross Profit": NaN,
        "Operating Income": NaN,
        "EBIT": NaN,
        "Net Income": NaN
    },
    "2017-09-30": {
        "Diluted EPS": 0.88,
        "Total Revenue": NaN,
        "Gross Profit": NaN,
        "Operating Income": NaN,
        "EBIT": NaN,
        "Net Income": NaN
    },
    "2017-06-30": {
        "Diluted EPS": 0.83,
        "Total Revenue": NaN,
        "Gross Profit": NaN,
        "Operating Income": NaN,
        "EBIT": NaN,
        "Net Income": NaN
    },
    "2017-03-31": {
        "Diluted EPS": 0.7,
        "Total Revenue": NaN,
        "Gross Profit": NaN,
        "Operating Income": NaN,
        "EBIT": NaN,
        "Net Income": NaN
    },
    "2016-12-31": {
        "Diluted EPS": 0.4,
        "Total Revenue": NaN,
        "Gross Profit": NaN,
        "Operating Income": NaN,
        "EBIT": NaN,
        "Net Income": 957
    },
    "2016-09-30": {
        "Diluted EPS": 0.81,
        "Total Revenue": NaN,
        "Gross Profit": NaN,
        "Operating Income": NaN,
        "EBIT": NaN,
        "Net Income": NaN
    },
    "2016-06-30": {
        "Diluted EPS": 0.75,
        "Total Revenue": NaN,
        "Gross Profit": NaN,
        "Operating Income": NaN,
        "EBIT": NaN,
        "Net Income": NaN
    },
    "2016-03-31": {
        "Diluted EPS": 0.84,
        "Total Revenue": NaN,
        "Gross Profit": NaN,
        "Operating Income": NaN,
        "EBIT": NaN,
        "Net Income": NaN
    },
    "2015-12-31": {
        "Diluted EPS": 0.45,
        "Total Revenue": NaN,
        "Gross Profit": NaN,
        "Operating Income": NaN,
        "EBIT": NaN,
        "Net Income": NaN
    },
    "2015-09-30": {
        "Diluted EPS": 0.77,
        "Total Revenue": NaN,
        "Gross Profit": NaN,
        "Operating Income": NaN,
        "EBIT": NaN,
        "Net Income": NaN
    },
    "2015-06-30": {
        "Diluted EPS": 0.75,
        "Total Revenue": NaN,
        "Gross Profit": NaN,
        "Operating Income": NaN,
        "EBIT": NaN,
        "Net Income": NaN
    },
    "2015-03-31": {
        "Diluted EPS": 5.32,
        "Total Revenue": NaN,
        "Gross Profit": NaN,
        "Operating Income": NaN,
        "EBIT": NaN,
        "Net Income": NaN
    },
    "2014-12-31": {
        "Diluted EPS": 0.6,
        "Total Revenue": NaN,
        "Gross Profit": NaN,
        "Operating Income": NaN,
        "EBIT": NaN,
        "Net Income": NaN
    },
    "2014-09-30": {
        "Diluted EPS": 1.31,
        "Total Revenue": NaN,
        "Gross Profit": NaN,
        "Operating Income": NaN,
        "EBIT": NaN,
        "Net Income": NaN
    },
    "2014-06-30": {
        "Diluted EPS": 1.03,
        "Total Revenue": NaN,
        "Gross Profit": NaN,
        "Operating Income": NaN,
        "EBIT": NaN,
        "Net Income": NaN
    },
    "2014-03-31": {
        "Diluted EPS": 1.19,
        "Total Revenue": NaN,
        "Gross Profit": NaN,
        "Operating Income": NaN,
        "EBIT": NaN,
        "Net Income": NaN
    },
    "2013-12-31": {
        "Diluted EPS": 0.82,
        "Total Revenue": NaN,
        "Gross Profit": NaN,
        "Operating Income": NaN,
        "EBIT": NaN,
        "Net Income": NaN
    },
    "2013-09-30": {
        "Diluted EPS": 0.9,
        "Total Revenue": NaN,
        "Gross Profit": NaN,
        "Operating Income": NaN,
        "EBIT": NaN,
        "Net Income": NaN
    },
    "2013-06-30": {
        "Diluted EPS": 1.01,
        "Total Revenue": NaN,
        "Gross Profit": NaN,
        "Operating Income": NaN,
        "EBIT": NaN,
        "Net Income": NaN
    },
    "2013-03-31": {
        "Diluted EPS": 0.97,
        "Total Revenue": NaN,
        "Gross Profit": NaN,
        "Operating Income": NaN,
        "EBIT": NaN,
        "Net Income": NaN
    },
    "2012-12-31": {
        "Diluted EPS": 0.8,
        "Total Revenue": NaN,
        "Gross Profit": NaN,
        "Operating Income": NaN,
        "EBIT": NaN,
        "Net Income": NaN
    },
    "2012-09-30": {
        "Diluted EPS": 0.98,
        "Total Revenue": NaN,
        "Gross Profit": NaN,
        "Operating Income": NaN,
        "EBIT": NaN,
        "Net Income": NaN
    },
    "2012-06-30": {
        "Diluted EPS": 1.09,
        "Total Revenue": NaN,
        "Gross Profit": NaN,
        "Operating Income": NaN,
        "EBIT": NaN,
        "Net Income": NaN
    },
    "2012-03-31": {
        "Diluted EPS": 0.92,
        "Total Revenue": NaN,
        "Gross Profit": NaN,
        "Operating Income": NaN,
        "EBIT": NaN,
        "Net Income": NaN
    },
    "2011-12-31": {
        "Diluted EPS": 0.38,
        "Total Revenue": NaN,
        "Gross Profit": NaN,
        "Operating Income": NaN,
        "EBIT": NaN,
        "Net Income": NaN
    },
    "2011-09-30": {
        "Diluted EPS": 1.01,
        "Total Revenue": NaN,
        "Gross Profit": NaN,
        "Operating Income": NaN,
        "EBIT": NaN,
        "Net Income": NaN
    },
    "2011-06-30": {
        "Diluted EPS": 1.11,
        "Total Revenue": NaN,
        "Gross Profit": NaN,
        "Operating Income": NaN,
        "EBIT": NaN,
        "Net Income": NaN
    },
    "2011-03-31": {
        "Diluted EPS": 1.2,
        "Total Revenue": NaN,
        "Gross Profit": NaN,
        "Operating Income": NaN,
        "EBIT": NaN,
        "Net Income": NaN
    },
    "2010-12-31": {
        "Diluted EPS": 0.94,
        "Total Revenue": NaN,
        "Gross Profit": NaN,
        "Operating Income": NaN,
        "EBIT": NaN,
        "Net Income": NaN
    },
    "2010-09-30": {
        "Diluted EPS": 0.99,
        "Total Revenue": NaN,
        "Gross Profit": NaN,
        "Operating Income": NaN,
        "EBIT": NaN,
        "Net Income": NaN
    },
    "2010-06-30": {
        "Diluted EPS": 1.05,
        "Total Revenue": NaN,
        "Gross Profit": NaN,
        "Operating Income": NaN,
        "EBIT": NaN,
        "Net Income": NaN
    },
    "2010-03-31": {
        "Diluted EPS": 1.28,
        "Total Revenue": NaN,
        "Gross Profit": NaN,
        "Operating Income": NaN,
        "EBIT": NaN,
        "Net Income": NaN
    },
    "2009-12-31": {
        "Diluted EPS": 1.02,
        "Total Revenue": NaN,
        "Gross Profit": NaN,
        "Operating Income": NaN,
        "EBIT": NaN,
        "Net Income": NaN
    },
    "2009-09-30": {
        "Diluted EPS": 0.92,
        "Total Revenue": NaN,
        "Gross Profit": NaN,
        "Operating Income": NaN,
        "EBIT": NaN,
        "Net Income": NaN
    },
    "2009-06-30": {
        "Diluted EPS": 0.89,
        "Total Revenue": NaN,
        "Gross Profit": NaN,
        "Operating Income": NaN,
        "EBIT": NaN,
        "Net Income": NaN
    },
    "2009-03-31": {
        "Diluted EPS": 0.86,
        "Total Revenue": NaN,
        "Gross Profit": NaN,
        "Operating Income": NaN,
        "EBIT": NaN,
        "Net Income": NaN
    },
    "2023-09-30": {
        "Tax Effect Of Unusual Items": NaN,
        "Tax Rate For Calcs": NaN,
        "Normalized EBITDA": NaN,
        "Net Income From Continuing Operation Net Minority Interest": NaN,
        "Reconciled Depreciation": NaN,
        "Reconciled Cost Of Revenue": NaN,
        "EBITDA": NaN,
        "EBIT": NaN,
        "Net Interest Income": NaN,
        "Interest Expense": NaN,
        "Interest Income": NaN,
        "Normalized Income": NaN,
        "Net Income From Continuing And Discontinued Operation": NaN,
        "Total Expenses": NaN,
        "Total Operating Income As Reported": NaN,
        "Diluted Average Shares": NaN,
        "Basic Average Shares": NaN,
        "Diluted EPS": NaN,
        "Basic EPS": NaN,
        "Diluted NI Availto Com Stockholders": NaN,
        "Net Income Common Stockholders": NaN,
        "Net Income": NaN,
        "Minority Interests": NaN,
        "Net Income Including Noncontrolling Interests": NaN,
        "Net Income Discontinuous Operations": 250000000.0,
        "Net Income Continuous Operations": NaN,
        "Tax Provision": NaN,
        "Pretax Income": NaN,
        "Other Income Expense": NaN,
        "Earnings From Equity Interest": NaN,
        "Net Non Operating Interest Income Expense": NaN,
        "Total Other Finance Cost": NaN,
        "Interest Expense Non Operating": NaN,
        "Interest Income Non Operating": NaN,
        "Operating Income": NaN,
        "Operating Expense": NaN,
        "Other Operating Expenses": NaN,
        "Research And Development": NaN,
        "Selling General And Administration": NaN,
        "Gross Profit": NaN,
        "Cost Of Revenue": NaN,
        "Total Revenue": NaN,
        "Operating Revenue": NaN
    },
    "2023-12-31": {
        "Tax Effect Of Unusual Items": NaN,
        "Tax Rate For Calcs": NaN,
        "Normalized EBITDA": NaN,
        "Net Income From Continuing Operation Net Minority Interest": NaN,
        "Reconciled Depreciation": NaN,
        "Reconciled Cost Of Revenue": NaN,
        "EBITDA": NaN,
        "EBIT": NaN,
        "Net Interest Income": NaN,
        "Interest Expense": NaN,
        "Interest Income": NaN,
        "Normalized Income": NaN,
        "Net Income From Continuing And Discontinued Operation": NaN,
        "Total Expenses": NaN,
        "Total Operating Income As Reported": NaN,
        "Diluted Average Shares": NaN,
        "Basic Average Shares": NaN,
        "Diluted EPS": NaN,
        "Basic EPS": NaN,
        "Diluted NI Availto Com Stockholders": NaN,
        "Net Income Common Stockholders": NaN,
        "Net Income": NaN,
        "Minority Interests": NaN,
        "Net Income Including Noncontrolling Interests": NaN,
        "Net Income Discontinuous Operations": 5842000000.0,
        "Net Income Continuous Operations": NaN,
        "Tax Provision": NaN,
        "Pretax Income": NaN,
        "Other Income Expense": NaN,
        "Earnings From Equity Interest": NaN,
        "Net Non Operating Interest Income Expense": NaN,
        "Total Other Finance Cost": NaN,
        "Interest Expense Non Operating": NaN,
        "Interest Income Non Operating": NaN,
        "Operating Income": NaN,
        "Operating Expense": NaN,
        "Other Operating Expenses": NaN,
        "Research And Development": NaN,
        "Selling General And Administration": NaN,
        "Gross Profit": NaN,
        "Cost Of Revenue": NaN,
        "Total Revenue": NaN,
        "Operating Revenue": NaN
    },
    "2024-03-31": {
        "Tax Effect Of Unusual Items": 0.0,
        "Tax Rate For Calcs": 0.14094,
        "Normalized EBITDA": 4664000000.0,
        "Net Income From Continuing Operation Net Minority Interest": 2688000000.0,
        "Reconciled Depreciation": 1314000000.0,
        "Reconciled Cost Of Revenue": 3096000000.0,
        "EBITDA": 4664000000.0,
        "EBIT": 3350000000.0,
        "Net Interest Income": -215000000.0,
        "Interest Expense": 221000000.0,
        "Interest Income": 6000000.0,
        "Normalized Income": 2688000000.0,
        "Net Income From Continuing And Discontinued Operation": 2688000000.0,
        "Total Expenses": 8747000000.0,
        "Total Operating Income As Reported": 3373000000.0,
        "Diluted Average Shares": 2056000000.0,
        "Basic Average Shares": 2044000000.0,
        "Diluted EPS": 1.31,
        "Basic EPS": 1.31,
        "Diluted NI Availto Com Stockholders": 2688000000.0,
        "Net Income Common Stockholders": 2688000000.0,
        "Net Income": 2688000000.0,
        "Minority Interests": 0.0,
        "Net Income Including Noncontrolling Interests": 2688000000.0,
        "Net Income Discontinuous Operations": NaN,
        "Net Income Continuous Operations": 2688000000.0,
        "Tax Provision": 441000000.0,
        "Pretax Income": 3129000000.0,
        "Other Income Expense": -29000000.0,
        "Earnings From Equity Interest": -29000000.0,
        "Net Non Operating Interest Income Expense": -215000000.0,
        "Total Other Finance Cost": -6000000.0,
        "Interest Expense Non Operating": 221000000.0,
        "Interest Income Non Operating": 6000000.0,
        "Operating Income": 3373000000.0,
        "Operating Expense": 5651000000.0,
        "Other Operating Expenses": 390000000.0,
        "Research And Development": 2421000000.0,
        "Selling General And Administration": 2840000000.0,
        "Gross Profit": 9024000000.0,
        "Cost Of Revenue": 3096000000.0,
        "Total Revenue": 12120000000.0,
        "Operating Revenue": 11829000000.0
    },
    "2024-06-30": {
        "Tax Effect Of Unusual Items": 0.0,
        "Tax Rate For Calcs": 0.155,
        "Normalized EBITDA": 5249000000.0,
        "Net Income From Continuing Operation Net Minority Interest": 3246000000.0,
        "Reconciled Depreciation": 1162000000.0,
        "Reconciled Cost Of Revenue": 3173000000.0,
        "EBITDA": 5249000000.0,
        "EBIT": 4087000000.0,
        "Net Interest Income": -171000000.0,
        "Interest Expense": 246000000.0,
        "Interest Income": NaN,
        "Normalized Income": 3246000000.0,
        "Net Income From Continuing And Discontinued Operation": 3246000000.0,
        "Total Expenses": 8858000000.0,
        "Total Operating Income As Reported": 4014000000.0,
        "Diluted Average Shares": 2046000000.0,
        "Basic Average Shares": 2033000000.0,
        "Diluted EPS": 1.59,
        "Basic EPS": 1.6,
        "Diluted NI Availto Com Stockholders": 3246000000.0,
        "Net Income Common Stockholders": 3246000000.0,
        "Net Income": 3246000000.0,
        "Minority Interests": 0.0,
        "Net Income Including Noncontrolling Interests": 3246000000.0,
        "Net Income Discontinuous Operations": NaN,
        "Net Income Continuous Operations": 3246000000.0,
        "Tax Provision": 595000000.0,
        "Pretax Income": 3841000000.0,
        "Other Income Expense": -2000000.0,
        "Earnings From Equity Interest": -2000000.0,
        "Net Non Operating Interest Income Expense": -171000000.0,
        "Total Other Finance Cost": -75000000.0,
        "Interest Expense Non Operating": 246000000.0,
        "Interest Income Non Operating": NaN,
        "Operating Income": 4014000000.0,
        "Operating Expense": 5685000000.0,
        "Other Operating Expenses": 227000000.0,
        "Research And Development": 2367000000.0,
        "Selling General And Administration": 3091000000.0,
        "Gross Profit": 9699000000.0,
        "Cost Of Revenue": 3173000000.0,
        "Total Revenue": 12872000000.0,
        "Operating Revenue": 12512000000.0
    },
    "2024-09-30": {
        "Tax Effect Of Unusual Items": 0.0,
        "Tax Rate For Calcs": 0.059,
        "Normalized EBITDA": 5614000000.0,
        "Net Income From Continuing Operation Net Minority Interest": 3189000000.0,
        "Reconciled Depreciation": 1965000000.0,
        "Reconciled Cost Of Revenue": 3234000000.0,
        "EBITDA": 5614000000.0,
        "EBIT": 3649000000.0,
        "Net Interest Income": -238000000.0,
        "Interest Expense": 264000000.0,
        "Interest Income": NaN,
        "Normalized Income": 3189000000.0,
        "Net Income From Continuing And Discontinued Operation": 3189000000.0,
        "Total Expenses": 9545000000.0,
        "Total Operating Income As Reported": 3627000000.0,
        "Diluted Average Shares": 2027000000.0,
        "Basic Average Shares": 2012000000.0,
        "Diluted EPS": 1.57,
        "Basic EPS": 1.58,
        "Diluted NI Availto Com Stockholders": 3189000000.0,
        "Net Income Common Stockholders": 3189000000.0,
        "Net Income": 3189000000.0,
        "Minority Interests": 4000000.0,
        "Net Income Including Noncontrolling Interests": 3185000000.0,
        "Net Income Discontinuous Operations": NaN,
        "Net Income Continuous Operations": 3185000000.0,
        "Tax Provision": 200000000.0,
        "Pretax Income": 3385000000.0,
        "Other Income Expense": -4000000.0,
        "Earnings From Equity Interest": -4000000.0,
        "Net Non Operating Interest Income Expense": -238000000.0,
        "Total Other Finance Cost": -26000000.0,
        "Interest Expense Non Operating": 264000000.0,
        "Interest Income Non Operating": NaN,
        "Operating Income": 3627000000.0,
        "Operating Expense": 6311000000.0,
        "Other Operating Expenses": 785000000.0,
        "Research And Development": 2392000000.0,
        "Selling General And Administration": 3134000000.0,
        "Gross Profit": 9938000000.0,
        "Cost Of Revenue": 3234000000.0,
        "Total Revenue": 13172000000.0,
        "Operating Revenue": 12823000000.0
    },
    "2024-12-31": {
        "Tax Effect Of Unusual Items": 0.0,
        "Tax Rate For Calcs": 0.141553,
        "Normalized EBITDA": 5188000000.0,
        "Net Income From Continuing Operation Net Minority Interest": 2818000000.0,
        "Reconciled Depreciation": 1628000000.0,
        "Reconciled Cost Of Revenue": 3324000000.0,
        "EBITDA": 5188000000.0,
        "EBIT": 3560000000.0,
        "Net Interest Income": -62000000.0,
        "Interest Expense": 275000000.0,
        "Interest Income": NaN,
        "Normalized Income": 2818000000.0,
        "Net Income From Continuing And Discontinued Operation": 2818000000.0,
        "Total Expenses": 10028000000.0,
        "Total Operating Income As Reported": 3530000000.0,
        "Diluted Average Shares": 2004000000.0,
        "Basic Average Shares": 1987000000.0,
        "Diluted EPS": 1.41,
        "Basic EPS": 1.42,
        "Diluted NI Availto Com Stockholders": 2818000000.0,
        "Net Income Common Stockholders": 2818000000.0,
        "Net Income": 2818000000.0,
        "Minority Interests": -2000000.0,
        "Net Income Including Noncontrolling Interests": 2820000000.0,
        "Net Income Discontinuous Operations": NaN,
        "Net Income Continuous Operations": 2820000000.0,
        "Tax Provision": 465000000.0,
        "Pretax Income": 3285000000.0,
        "Other Income Expense": -183000000.0,
        "Earnings From Equity Interest": -3000000.0,
        "Net Non Operating Interest Income Expense": -62000000.0,
        "Total Other Finance Cost": 355000000.0,
        "Interest Expense Non Operating": 275000000.0,
        "Interest Income Non Operating": NaN,
        "Operating Income": 3530000000.0,
        "Operating Expense": 6704000000.0,
        "Other Operating Expenses": 361000000.0,
        "Research And Development": 2842000000.0,
        "Selling General And Administration": 3501000000.0,
        "Gross Profit": 10234000000.0,
        "Cost Of Revenue": 3324000000.0,
        "Total Revenue": 13558000000.0,
        "Operating Revenue": 13153000000.0
    },
    "2025-03-31": {
        "Tax Effect Of Unusual Items": 0.0,
        "Tax Rate For Calcs": 0.181076,
        "Normalized EBITDA": 5831000000.0,
        "Net Income From Continuing Operation Net Minority Interest": 3606000000.0,
        "Reconciled Depreciation": 1154000000.0,
        "Reconciled Cost Of Revenue": 3227000000.0,
        "EBITDA": 5831000000.0,
        "EBIT": 4677000000.0,
        "Net Interest Income": -253000000.0,
        "Interest Expense": 270000000.0,
        "Interest Income": NaN,
        "Normalized Income": 3606000000.0,
        "Net Income From Continuing And Discontinued Operation": 3606000000.0,
        "Total Expenses": 8957000000.0,
        "Total Operating Income As Reported": 4663000000.0,
        "Diluted Average Shares": 1979000000.0,
        "Basic Average Shares": 1968000000.0,
        "Diluted EPS": 1.82,
        "Basic EPS": 1.83,
        "Diluted NI Availto Com Stockholders": 3606000000.0,
        "Net Income Common Stockholders": 3606000000.0,
        "Net Income": 3606000000.0,
        "Minority Interests": -3000000.0,
        "Net Income Including Noncontrolling Interests": 3609000000.0,
        "Net Income Discontinuous Operations": NaN,
        "Net Income Continuous Operations": 3609000000.0,
        "Tax Provision": 798000000.0,
        "Pretax Income": 4407000000.0,
        "Other Income Expense": -3000000.0,
        "Earnings From Equity Interest": -3000000.0,
        "Net Non Operating Interest Income Expense": -253000000.0,
        "Total Other Finance Cost": -17000000.0,
        "Interest Expense Non Operating": 270000000.0,
        "Interest Income Non Operating": NaN,
        "Operating Income": 4663000000.0,
        "Operating Expense": 5730000000.0,
        "Other Operating Expenses": 306000000.0,
        "Research And Development": 2366000000.0,
        "Selling General And Administration": 3058000000.0,
        "Gross Profit": 10393000000.0,
        "Cost Of Revenue": 3227000000.0,
        "Total Revenue": 13620000000.0,
        "Operating Revenue": 13233000000.0
    }
}