{
    "2023-03-31": {
        "Tax Effect Of Unusual Items": NaN,
        "Tax Rate For Calcs": NaN,
        "Normalized EBITDA": NaN,
        "Total Unusual Items": NaN,
        "Total Unusual Items Excluding Goodwill": NaN,
        "Net Income From Continuing Operation Net Minority Interest": NaN,
        "Reconciled Depreciation": NaN,
        "Reconciled Cost Of Revenue": NaN,
        "EBITDA": NaN,
        "EBIT": NaN,
        "Net Interest Income": NaN,
        "Interest Income": 903000.0,
        "Normalized Income": NaN,
        "Net Income From Continuing And Discontinued Operation": NaN,
        "Total Expenses": NaN,
        "Total Operating Income As Reported": NaN,
        "Diluted Average Shares": NaN,
        "Basic Average Shares": NaN,
        "Diluted EPS": NaN,
        "Basic EPS": NaN,
        "Diluted NI Availto Com Stockholders": NaN,
        "Net Income Common Stockholders": NaN,
        "Net Income": NaN,
        "Minority Interests": NaN,
        "Net Income Including Noncontrolling Interests": NaN,
        "Net Income Continuous Operations": NaN,
        "Tax Provision": NaN,
        "Pretax Income": NaN,
        "Other Income Expense": NaN,
        "Other Non Operating Income Expenses": NaN,
        "Special Income Charges": NaN,
        "Restructuring And Mergern Acquisition": NaN,
        "Gain On Sale Of Security": NaN,
        "Net Non Operating Interest Income Expense": NaN,
        "Total Other Finance Cost": -903000.0,
        "Interest Income Non Operating": 903000.0,
        "Operating Income": NaN,
        "Operating Expense": NaN,
        "Depreciation Amortization Depletion Income Statement": NaN,
        "Depreciation And Amortization In Income Statement": NaN,
        "Amortization": NaN,
        "Amortization Of Intangibles Income Statement": NaN,
        "Research And Development": NaN,
        "Selling General And Administration": NaN,
        "Gross Profit": NaN,
        "Cost Of Revenue": NaN,
        "Total Revenue": NaN,
        "Operating Revenue": NaN
    },
    "2022-12-31": {
        "Tax Effect Of Unusual Items": NaN,
        "Tax Rate For Calcs": NaN,
        "Normalized EBITDA": NaN,
        "Total Unusual Items": NaN,
        "Total Unusual Items Excluding Goodwill": NaN,
        "Net Income From Continuing Operation Net Minority Interest": NaN,
        "Reconciled Depreciation": NaN,
        "Reconciled Cost Of Revenue": NaN,
        "EBITDA": NaN,
        "EBIT": NaN,
        "Net Interest Income": NaN,
        "Interest Income": NaN,
        "Normalized Income": NaN,
        "Net Income From Continuing And Discontinued Operation": NaN,
        "Total Expenses": NaN,
        "Total Operating Income As Reported": NaN,
        "Diluted Average Shares": NaN,
        "Basic Average Shares": NaN,
        "Diluted EPS": NaN,
        "Basic EPS": NaN,
        "Diluted NI Availto Com Stockholders": NaN,
        "Net Income Common Stockholders": NaN,
        "Net Income": NaN,
        "Minority Interests": NaN,
        "Net Income Including Noncontrolling Interests": NaN,
        "Net Income Continuous Operations": NaN,
        "Tax Provision": NaN,
        "Pretax Income": NaN,
        "Other Income Expense": NaN,
        "Other Non Operating Income Expenses": NaN,
        "Special Income Charges": NaN,
        "Restructuring And Mergern Acquisition": NaN,
        "Gain On Sale Of Security": 0.0,
        "Net Non Operating Interest Income Expense": NaN,
        "Total Other Finance Cost": -721000.0,
        "Interest Income Non Operating": NaN,
        "Operating Income": NaN,
        "Operating Expense": NaN,
        "Depreciation Amortization Depletion Income Statement": NaN,
        "Depreciation And Amortization In Income Statement": NaN,
        "Amortization": NaN,
        "Amortization Of Intangibles Income Statement": NaN,
        "Research And Development": NaN,
        "Selling General And Administration": NaN,
        "Gross Profit": NaN,
        "Cost Of Revenue": NaN,
        "Total Revenue": NaN,
        "Operating Revenue": NaN
    },
    "2022-09-30": {
        "Tax Effect Of Unusual Items": NaN,
        "Tax Rate For Calcs": NaN,
        "Normalized EBITDA": NaN,
        "Total Unusual Items": NaN,
        "Total Unusual Items Excluding Goodwill": NaN,
        "Net Income From Continuing Operation Net Minority Interest": NaN,
        "Reconciled Depreciation": NaN,
        "Reconciled Cost Of Revenue": NaN,
        "EBITDA": NaN,
        "EBIT": NaN,
        "Net Interest Income": NaN,
        "Interest Income": NaN,
        "Normalized Income": NaN,
        "Net Income From Continuing And Discontinued Operation": NaN,
        "Total Expenses": NaN,
        "Total Operating Income As Reported": NaN,
        "Diluted Average Shares": NaN,
        "Basic Average Shares": NaN,
        "Diluted EPS": NaN,
        "Basic EPS": NaN,
        "Diluted NI Availto Com Stockholders": NaN,
        "Net Income Common Stockholders": NaN,
        "Net Income": NaN,
        "Minority Interests": NaN,
        "Net Income Including Noncontrolling Interests": NaN,
        "Net Income Continuous Operations": NaN,
        "Tax Provision": NaN,
        "Pretax Income": NaN,
        "Other Income Expense": NaN,
        "Other Non Operating Income Expenses": NaN,
        "Special Income Charges": NaN,
        "Restructuring And Mergern Acquisition": 6098000.0,
        "Gain On Sale Of Security": NaN,
        "Net Non Operating Interest Income Expense": NaN,
        "Total Other Finance Cost": -638000.0,
        "Interest Income Non Operating": NaN,
        "Operating Income": NaN,
        "Operating Expense": NaN,
        "Depreciation Amortization Depletion Income Statement": NaN,
        "Depreciation And Amortization In Income Statement": NaN,
        "Amortization": NaN,
        "Amortization Of Intangibles Income Statement": NaN,
        "Research And Development": NaN,
        "Selling General And Administration": NaN,
        "General And Administrative Expense": 24477000.0,
        "Other Gand A": 24477000.0,
        "Gross Profit": NaN,
        "Cost Of Revenue": NaN,
        "Total Revenue": NaN,
        "Operating Revenue": NaN
    },
    "2022-06-30": {
        "Tax Effect Of Unusual Items": 0.0,
        "Tax Rate For Calcs": 0.007916,
        "Normalized EBITDA": -19704000.0,
        "Total Unusual Items": NaN,
        "Total Unusual Items Excluding Goodwill": NaN,
        "Net Income From Continuing Operation Net Minority Interest": 33837000.0,
        "Reconciled Depreciation": 310000.0,
        "Reconciled Cost Of Revenue": 5026000.0,
        "EBITDA": -19704000.0,
        "EBIT": -20014000.0,
        "Net Interest Income": 52000.0,
        "Interest Income": NaN,
        "Normalized Income": 33837000.0,
        "Net Income From Continuing And Discontinued Operation": 33837000.0,
        "Total Expenses": 28625000.0,
        "Total Operating Income As Reported": -20014000.0,
        "Diluted Average Shares": 132132000.0,
        "Basic Average Shares": 124030000.0,
        "Diluted EPS": 0.26,
        "Basic EPS": 0.27,
        "Diluted NI Availto Com Stockholders": 33837000.0,
        "Net Income Common Stockholders": 33837000.0,
        "Net Income": 33837000.0,
        "Minority Interests": NaN,
        "Net Income Including Noncontrolling Interests": 33837000.0,
        "Net Income Continuous Operations": 33837000.0,
        "Tax Provision": 270000.0,
        "Pretax Income": 34107000.0,
        "Other Income Expense": 54069000.0,
        "Other Non Operating Income Expenses": 54069000.0,
        "Special Income Charges": NaN,
        "Restructuring And Mergern Acquisition": NaN,
        "Gain On Sale Of Security": NaN,
        "Net Non Operating Interest Income Expense": 52000.0,
        "Total Other Finance Cost": -52000.0,
        "Interest Income Non Operating": NaN,
        "Operating Income": -20014000.0,
        "Operating Expense": 23599000.0,
        "Depreciation Amortization Depletion Income Statement": NaN,
        "Depreciation And Amortization In Income Statement": NaN,
        "Amortization": NaN,
        "Amortization Of Intangibles Income Statement": NaN,
        "Research And Development": 9606000.0,
        "Selling General And Administration": 13993000.0,
        "General And Administrative Expense": 13993000.0,
        "Other Gand A": 13993000.0,
        "Gross Profit": 3585000.0,
        "Cost Of Revenue": 5026000.0,
        "Total Revenue": 8611000.0,
        "Operating Revenue": 8611000.0
    },
    "2022-03-31": {
        "Diluted EPS": 0.61,
        "Total Revenue": 7,
        "Gross Profit": 3,
        "Operating Income": -35,
        "EBIT": -35,
        "Net Income": 80
    },
    "2021-12-31": {
        "Diluted EPS": -2.27,
        "Total Revenue": 7,
        "Gross Profit": 3,
        "Operating Income": -36,
        "EBIT": -36,
        "Net Income": -120
    },
    "2021-09-30": {
        "Diluted EPS": -0.37,
        "Total Revenue": 6,
        "Gross Profit": 3,
        "Operating Income": -7,
        "EBIT": -7,
        "Net Income": -7
    },
    "2021-06-30": {
        "Diluted EPS": -0.89,
        "Total Revenue": 5,
        "Gross Profit": 2,
        "Operating Income": -19,
        "EBIT": -18,
        "Net Income": -19
    },
    "2021-03-31": {
        "Diluted EPS": -0.37,
        "Total Revenue": 5,
        "Gross Profit": 2,
        "Operating Income": -7,
        "EBIT": -7,
        "Net Income": -7
    },
    "2020-12-31": {
        "Diluted EPS": 0.0,
        "Total Revenue": NaN,
        "Gross Profit": NaN,
        "Operating Income": NaN,
        "EBIT": NaN,
        "Net Income": NaN
    },
    "2020-09-30": {
        "Diluted EPS": 0.0,
        "Total Revenue": NaN,
        "Gross Profit": NaN,
        "Operating Income": NaN,
        "EBIT": NaN,
        "Net Income": NaN
    },
    "2023-06-30": {
        "Tax Effect Of Unusual Items": NaN,
        "Tax Rate For Calcs": NaN,
        "Normalized EBITDA": NaN,
        "Total Unusual Items": NaN,
        "Total Unusual Items Excluding Goodwill": NaN,
        "Net Income From Continuing Operation Net Minority Interest": NaN,
        "Reconciled Depreciation": NaN,
        "Reconciled Cost Of Revenue": NaN,
        "EBITDA": NaN,
        "EBIT": NaN,
        "Net Interest Income": NaN,
        "Interest Income": 806000.0,
        "Normalized Income": NaN,
        "Net Income From Continuing And Discontinued Operation": NaN,
        "Total Expenses": NaN,
        "Total Operating Income As Reported": NaN,
        "Diluted Average Shares": NaN,
        "Basic Average Shares": NaN,
        "Diluted EPS": NaN,
        "Basic EPS": NaN,
        "Diluted NI Availto Com Stockholders": NaN,
        "Net Income Common Stockholders": NaN,
        "Net Income": NaN,
        "Minority Interests": NaN,
        "Net Income Including Noncontrolling Interests": NaN,
        "Net Income Continuous Operations": NaN,
        "Tax Provision": NaN,
        "Pretax Income": NaN,
        "Other Income Expense": NaN,
        "Other Non Operating Income Expenses": NaN,
        "Special Income Charges": NaN,
        "Restructuring And Mergern Acquisition": NaN,
        "Gain On Sale Of Security": 459000.0,
        "Net Non Operating Interest Income Expense": NaN,
        "Total Other Finance Cost": -347000.0,
        "Interest Income Non Operating": 806000.0,
        "Operating Income": NaN,
        "Operating Expense": NaN,
        "Depreciation Amortization Depletion Income Statement": NaN,
        "Depreciation And Amortization In Income Statement": NaN,
        "Amortization": NaN,
        "Amortization Of Intangibles Income Statement": NaN,
        "Research And Development": NaN,
        "Selling General And Administration": NaN,
        "Gross Profit": NaN,
        "Cost Of Revenue": NaN,
        "Total Revenue": NaN,
        "Operating Revenue": NaN
    },
    "2023-09-30": {
        "Tax Effect Of Unusual Items": NaN,
        "Tax Rate For Calcs": NaN,
        "Normalized EBITDA": NaN,
        "Total Unusual Items": NaN,
        "Total Unusual Items Excluding Goodwill": NaN,
        "Net Income From Continuing Operation Net Minority Interest": NaN,
        "Reconciled Depreciation": NaN,
        "Reconciled Cost Of Revenue": NaN,
        "EBITDA": NaN,
        "EBIT": NaN,
        "Net Interest Income": NaN,
        "Interest Income": 1695000.0,
        "Normalized Income": NaN,
        "Net Income From Continuing And Discontinued Operation": NaN,
        "Total Expenses": NaN,
        "Total Operating Income As Reported": NaN,
        "Diluted Average Shares": NaN,
        "Basic Average Shares": NaN,
        "Diluted EPS": NaN,
        "Basic EPS": NaN,
        "Diluted NI Availto Com Stockholders": NaN,
        "Net Income Common Stockholders": NaN,
        "Net Income": NaN,
        "Minority Interests": NaN,
        "Net Income Including Noncontrolling Interests": NaN,
        "Net Income Continuous Operations": NaN,
        "Earnings From Equity Interest Net Of Tax": NaN,
        "Tax Provision": NaN,
        "Pretax Income": NaN,
        "Other Income Expense": NaN,
        "Other Non Operating Income Expenses": NaN,
        "Special Income Charges": NaN,
        "Restructuring And Mergern Acquisition": NaN,
        "Gain On Sale Of Security": NaN,
        "Net Non Operating Interest Income Expense": NaN,
        "Total Other Finance Cost": -47000.0,
        "Interest Income Non Operating": 1695000.0,
        "Operating Income": NaN,
        "Operating Expense": NaN,
        "Depreciation Amortization Depletion Income Statement": NaN,
        "Depreciation And Amortization In Income Statement": NaN,
        "Amortization": NaN,
        "Amortization Of Intangibles Income Statement": NaN,
        "Research And Development": NaN,
        "Selling General And Administration": NaN,
        "Gross Profit": NaN,
        "Cost Of Revenue": NaN,
        "Total Revenue": NaN,
        "Operating Revenue": NaN
    },
    "2023-12-31": {
        "Tax Effect Of Unusual Items": NaN,
        "Tax Rate For Calcs": NaN,
        "Normalized EBITDA": NaN,
        "Total Unusual Items": NaN,
        "Total Unusual Items Excluding Goodwill": NaN,
        "Net Income From Continuing Operation Net Minority Interest": NaN,
        "Reconciled Depreciation": NaN,
        "Reconciled Cost Of Revenue": NaN,
        "EBITDA": NaN,
        "EBIT": NaN,
        "Net Interest Income": NaN,
        "Interest Income": 1963000.0,
        "Normalized Income": NaN,
        "Net Income From Continuing And Discontinued Operation": NaN,
        "Total Expenses": NaN,
        "Total Operating Income As Reported": NaN,
        "Diluted Average Shares": NaN,
        "Basic Average Shares": NaN,
        "Diluted EPS": NaN,
        "Basic EPS": NaN,
        "Diluted NI Availto Com Stockholders": NaN,
        "Net Income Common Stockholders": NaN,
        "Net Income": NaN,
        "Minority Interests": 0.0,
        "Net Income Including Noncontrolling Interests": NaN,
        "Net Income Continuous Operations": NaN,
        "Earnings From Equity Interest Net Of Tax": NaN,
        "Tax Provision": NaN,
        "Pretax Income": NaN,
        "Other Income Expense": NaN,
        "Other Non Operating Income Expenses": NaN,
        "Special Income Charges": NaN,
        "Restructuring And Mergern Acquisition": NaN,
        "Gain On Sale Of Security": NaN,
        "Net Non Operating Interest Income Expense": NaN,
        "Total Other Finance Cost": NaN,
        "Interest Income Non Operating": 1963000.0,
        "Operating Income": NaN,
        "Operating Expense": NaN,
        "Depreciation Amortization Depletion Income Statement": NaN,
        "Depreciation And Amortization In Income Statement": NaN,
        "Amortization": NaN,
        "Amortization Of Intangibles Income Statement": NaN,
        "Research And Development": NaN,
        "Selling General And Administration": NaN,
        "Gross Profit": NaN,
        "Cost Of Revenue": NaN,
        "Total Revenue": NaN,
        "Operating Revenue": NaN
    },
    "2024-03-31": {
        "Tax Effect Of Unusual Items": 5854590.0,
        "Tax Rate For Calcs": 0.21,
        "Normalized EBITDA": -53958000.0,
        "Total Unusual Items": 27879000.0,
        "Total Unusual Items Excluding Goodwill": 27879000.0,
        "Net Income From Continuing Operation Net Minority Interest": -3681000.0,
        "Reconciled Depreciation": 5496000.0,
        "Reconciled Cost Of Revenue": 12938000.0,
        "EBITDA": -26079000.0,
        "EBIT": -31575000.0,
        "Net Interest Income": 2000.0,
        "Interest Income": 1682000.0,
        "Normalized Income": -25705410.0,
        "Net Income From Continuing And Discontinued Operation": -3681000.0,
        "Total Expenses": 54750000.0,
        "Total Operating Income As Reported": -31575000.0,
        "Diluted Average Shares": 179779000.0,
        "Basic Average Shares": 179779000.0,
        "Diluted EPS": -0.02,
        "Basic EPS": -0.02,
        "Diluted NI Availto Com Stockholders": -3681000.0,
        "Net Income Common Stockholders": -3681000.0,
        "Net Income": -3681000.0,
        "Minority Interests": 0.0,
        "Net Income Including Noncontrolling Interests": -3681000.0,
        "Net Income Continuous Operations": -3681000.0,
        "Earnings From Equity Interest Net Of Tax": 0.0,
        "Tax Provision": 70000.0,
        "Pretax Income": -3611000.0,
        "Other Income Expense": 27962000.0,
        "Other Non Operating Income Expenses": 83000.0,
        "Special Income Charges": 26199000.0,
        "Restructuring And Mergern Acquisition": -26199000.0,
        "Gain On Sale Of Security": 1680000.0,
        "Net Non Operating Interest Income Expense": 2000.0,
        "Total Other Finance Cost": -2000.0,
        "Interest Income Non Operating": 1682000.0,
        "Operating Income": -31575000.0,
        "Operating Expense": 41090000.0,
        "Depreciation Amortization Depletion Income Statement": 4774000.0,
        "Depreciation And Amortization In Income Statement": 4774000.0,
        "Amortization": 4774000.0,
        "Amortization Of Intangibles Income Statement": 4774000.0,
        "Research And Development": 20229000.0,
        "Selling General And Administration": 16087000.0,
        "Gross Profit": 9515000.0,
        "Cost Of Revenue": 13660000.0,
        "Total Revenue": 23175000.0,
        "Operating Revenue": 23175000.0
    },
    "2024-06-30": {
        "Tax Effect Of Unusual Items": 1871310.0,
        "Tax Rate For Calcs": 0.21,
        "Normalized EBITDA": -34547000.0,
        "Total Unusual Items": 8911000.0,
        "Total Unusual Items Excluding Goodwill": 8911000.0,
        "Net Income From Continuing Operation Net Minority Interest": -22328000.0,
        "Reconciled Depreciation": 5501000.0,
        "Reconciled Cost Of Revenue": 11751000.0,
        "EBITDA": -25636000.0,
        "EBIT": -31137000.0,
        "Net Interest Income": -72000.0,
        "Interest Income": NaN,
        "Normalized Income": -29367690.0,
        "Net Income From Continuing And Discontinued Operation": -22328000.0,
        "Total Expenses": 51605000.0,
        "Total Operating Income As Reported": -31137000.0,
        "Diluted Average Shares": 183127000.0,
        "Basic Average Shares": 183127000.0,
        "Diluted EPS": -0.12,
        "Basic EPS": -0.12,
        "Diluted NI Availto Com Stockholders": -22328000.0,
        "Net Income Common Stockholders": -22328000.0,
        "Net Income": -22328000.0,
        "Minority Interests": 0.0,
        "Net Income Including Noncontrolling Interests": -22328000.0,
        "Net Income Continuous Operations": -22328000.0,
        "Earnings From Equity Interest Net Of Tax": NaN,
        "Tax Provision": 61000.0,
        "Pretax Income": -22267000.0,
        "Other Income Expense": 8942000.0,
        "Other Non Operating Income Expenses": 31000.0,
        "Special Income Charges": 7550000.0,
        "Restructuring And Mergern Acquisition": -7550000.0,
        "Gain On Sale Of Security": 1361000.0,
        "Net Non Operating Interest Income Expense": -72000.0,
        "Total Other Finance Cost": 72000.0,
        "Interest Income Non Operating": NaN,
        "Operating Income": -31137000.0,
        "Operating Expense": 39127000.0,
        "Depreciation Amortization Depletion Income Statement": 4774000.0,
        "Depreciation And Amortization In Income Statement": 4774000.0,
        "Amortization": 4774000.0,
        "Amortization Of Intangibles Income Statement": 4774000.0,
        "Research And Development": 18971000.0,
        "Selling General And Administration": 15382000.0,
        "Gross Profit": 7990000.0,
        "Cost Of Revenue": 12478000.0,
        "Total Revenue": 20468000.0,
        "Operating Revenue": 20468000.0
    },
    "2024-09-30": {
        "Tax Effect Of Unusual Items": 2180010.0,
        "Tax Rate For Calcs": 0.21,
        "Normalized EBITDA": -33889000.0,
        "Total Unusual Items": 10381000.0,
        "Total Unusual Items Excluding Goodwill": 10381000.0,
        "Net Income From Continuing Operation Net Minority Interest": -18730000.0,
        "Reconciled Depreciation": 5465000.0,
        "Reconciled Cost Of Revenue": 12321000.0,
        "EBITDA": -23508000.0,
        "EBIT": -28973000.0,
        "Net Interest Income": -39000.0,
        "Interest Income": NaN,
        "Normalized Income": -26930990.0,
        "Net Income From Continuing And Discontinued Operation": -18730000.0,
        "Total Expenses": 50654000.0,
        "Total Operating Income As Reported": -28973000.0,
        "Diluted Average Shares": 184672000.0,
        "Basic Average Shares": 184672000.0,
        "Diluted EPS": -0.1,
        "Basic EPS": -0.1,
        "Diluted NI Availto Com Stockholders": -18730000.0,
        "Net Income Common Stockholders": -18730000.0,
        "Net Income": -18730000.0,
        "Minority Interests": 0.0,
        "Net Income Including Noncontrolling Interests": -18730000.0,
        "Net Income Continuous Operations": -18730000.0,
        "Earnings From Equity Interest Net Of Tax": NaN,
        "Tax Provision": 125000.0,
        "Pretax Income": -18605000.0,
        "Other Income Expense": 10407000.0,
        "Other Non Operating Income Expenses": 26000.0,
        "Special Income Charges": 9171000.0,
        "Restructuring And Mergern Acquisition": -9171000.0,
        "Gain On Sale Of Security": 1210000.0,
        "Net Non Operating Interest Income Expense": -39000.0,
        "Total Other Finance Cost": 39000.0,
        "Interest Income Non Operating": NaN,
        "Operating Income": -28973000.0,
        "Operating Expense": 37585000.0,
        "Depreciation Amortization Depletion Income Statement": 4717000.0,
        "Depreciation And Amortization In Income Statement": 4717000.0,
        "Amortization": 4717000.0,
        "Amortization Of Intangibles Income Statement": 4717000.0,
        "Research And Development": 17828000.0,
        "Selling General And Administration": 15040000.0,
        "Gross Profit": 8612000.0,
        "Cost Of Revenue": 13069000.0,
        "Total Revenue": 21681000.0,
        "Operating Revenue": 21681000.0
    },
    "2024-12-31": {
        "Tax Effect Of Unusual Items": -87847.215022,
        "Tax Rate For Calcs": 0.01348,
        "Normalized EBITDA": 14937000.0,
        "Total Unusual Items": -6517000.0,
        "Total Unusual Items Excluding Goodwill": -6517000.0,
        "Net Income From Continuing Operation Net Minority Interest": -39860000.0,
        "Reconciled Depreciation": 5431000.0,
        "Reconciled Cost Of Revenue": 14986000.0,
        "EBITDA": 8420000.0,
        "EBIT": 2989000.0,
        "Net Interest Income": -41000.0,
        "Interest Income": NaN,
        "Normalized Income": -33430847.215022,
        "Net Income From Continuing And Discontinued Operation": -39860000.0,
        "Total Expenses": 55745000.0,
        "Total Operating Income As Reported": -38990000.0,
        "Diluted Average Shares": 187221000.0,
        "Basic Average Shares": 187221000.0,
        "Diluted EPS": -0.21,
        "Basic EPS": -0.21,
        "Diluted NI Availto Com Stockholders": -39860000.0,
        "Net Income Common Stockholders": -39860000.0,
        "Net Income": -39860000.0,
        "Minority Interests": 0.0,
        "Net Income Including Noncontrolling Interests": -39860000.0,
        "Net Income Continuous Operations": -39860000.0,
        "Earnings From Equity Interest Net Of Tax": NaN,
        "Tax Provision": -598000.0,
        "Pretax Income": -44363000.0,
        "Other Income Expense": -6555000.0,
        "Other Non Operating Income Expenses": -38000.0,
        "Special Income Charges": -7499000.0,
        "Restructuring And Mergern Acquisition": 7499000.0,
        "Gain On Sale Of Security": 982000.0,
        "Net Non Operating Interest Income Expense": -41000.0,
        "Total Other Finance Cost": NaN,
        "Interest Income Non Operating": NaN,
        "Operating Income": -37767000.0,
        "Operating Expense": 39989000.0,
        "Depreciation Amortization Depletion Income Statement": 4661000.0,
        "Depreciation And Amortization In Income Statement": 4661000.0,
        "Amortization": 4661000.0,
        "Amortization Of Intangibles Income Statement": 4661000.0,
        "Research And Development": 18974000.0,
        "Selling General And Administration": 16354000.0,
        "Gross Profit": 2222000.0,
        "Cost Of Revenue": 15756000.0,
        "Total Revenue": 17978000.0,
        "Operating Revenue": 17978000.0
    },
    "2025-03-31": {
        "Tax Effect Of Unusual Items": 1551480.0,
        "Tax Rate For Calcs": 0.21,
        "Normalized EBITDA": -25682000.0,
        "Total Unusual Items": 7388000.0,
        "Total Unusual Items Excluding Goodwill": 7388000.0,
        "Net Income From Continuing Operation Net Minority Interest": -16829000.0,
        "Reconciled Depreciation": 5541000.0,
        "Reconciled Cost Of Revenue": 7904000.0,
        "EBITDA": -18294000.0,
        "EBIT": -23835000.0,
        "Net Interest Income": -38000.0,
        "Interest Income": NaN,
        "Normalized Income": -22665520.0,
        "Net Income From Continuing And Discontinued Operation": -16829000.0,
        "Total Expenses": 37853000.0,
        "Total Operating Income As Reported": -25304000.0,
        "Diluted Average Shares": 187784000.0,
        "Basic Average Shares": 187784000.0,
        "Diluted EPS": -0.09,
        "Basic EPS": -0.09,
        "Diluted NI Availto Com Stockholders": -16829000.0,
        "Net Income Common Stockholders": -16829000.0,
        "Net Income": -16829000.0,
        "Minority Interests": NaN,
        "Net Income Including Noncontrolling Interests": -16829000.0,
        "Net Income Continuous Operations": -16829000.0,
        "Earnings From Equity Interest Net Of Tax": -280000.0,
        "Tax Provision": 82000.0,
        "Pretax Income": -16467000.0,
        "Other Income Expense": 7406000.0,
        "Other Non Operating Income Expenses": 18000.0,
        "Special Income Charges": 6644000.0,
        "Restructuring And Mergern Acquisition": -6644000.0,
        "Gain On Sale Of Security": 744000.0,
        "Net Non Operating Interest Income Expense": -38000.0,
        "Total Other Finance Cost": 38000.0,
        "Interest Income Non Operating": NaN,
        "Operating Income": -23835000.0,
        "Operating Expense": 29142000.0,
        "Depreciation Amortization Depletion Income Statement": 4734000.0,
        "Depreciation And Amortization In Income Statement": 4734000.0,
        "Amortization": 4734000.0,
        "Amortization Of Intangibles Income Statement": 4734000.0,
        "Research And Development": 12668000.0,
        "Selling General And Administration": 11740000.0,
        "Gross Profit": 5307000.0,
        "Cost Of Revenue": 8711000.0,
        "Total Revenue": 14018000.0,
        "Operating Revenue": 14018000.0
    }
}