{
    "2023-06-30": {
        "Tax Effect Of Unusual Items": -28829474.872953,
        "Tax Rate For Calcs": 0.309994,
        "Total Unusual Items": -93000000.0,
        "Total Unusual Items Excluding Goodwill": -93000000.0,
        "Net Income From Continuing Operation Net Minority Interest": 1223000000.0,
        "Reconciled Depreciation": 257000000.0,
        "Net Interest Income": 2824000000.0,
        "Interest Expense": 2157000000.0,
        "Interest Income": 4981000000.0,
        "Normalized Income": 1287170525.127047,
        "Net Income From Continuing And Discontinued Operation": 1080000000.0,
        "Diluted Average Shares": NaN,
        "Basic Average Shares": NaN,
        "Diluted EPS": NaN,
        "Basic EPS": NaN,
        "Diluted NI Availto Com Stockholders": 1020000000.0,
        "Net Income Common Stockholders": 1020000000.0,
        "Otherunder Preferred Stock Dividend": 60000000.0,
        "Net Income": 1080000000.0,
        "Minority Interests": 1000000.0,
        "Net Income Including Noncontrolling Interests": 1079000000.0,
        "Net Income Discontinuous Operations": -143000000.0,
        "Net Income Continuous Operations": 1222000000.0,
        "Tax Provision": 549000000.0,
        "Pretax Income": 1771000000.0,
        "Special Income Charges": -93000000.0,
        "Other Special Charges": 93000000.0,
        "Operating Expense": 1832000000.0,
        "Other Operating Expenses": -43000000.0,
        "Depreciation And Amortization In Income Statement": 257000000.0,
        "Depreciation Income Statement": 257000000.0,
        "Selling General And Administration": 369000000.0,
        "General And Administrative Expense": 369000000.0,
        "Rent And Landing Fees": 284000000.0,
        "Total Revenue": 3866000000.0,
        "Operating Revenue": 3866000000.0
    },
    "2023-03-31": {
        "Tax Effect Of Unusual Items": NaN,
        "Tax Rate For Calcs": NaN,
        "Total Unusual Items": NaN,
        "Total Unusual Items Excluding Goodwill": NaN,
        "Net Income From Continuing Operation Net Minority Interest": NaN,
        "Reconciled Depreciation": NaN,
        "Net Interest Income": NaN,
        "Interest Expense": NaN,
        "Interest Income": NaN,
        "Normalized Income": NaN,
        "Net Income From Continuing And Discontinued Operation": NaN,
        "Diluted Average Shares": 4844696970.0,
        "Basic Average Shares": 4844696970.0,
        "Diluted EPS": 0.264,
        "Basic EPS": 0.264,
        "Diluted NI Availto Com Stockholders": NaN,
        "Net Income Common Stockholders": NaN,
        "Otherunder Preferred Stock Dividend": NaN,
        "Net Income": NaN,
        "Minority Interests": NaN,
        "Net Income Including Noncontrolling Interests": NaN,
        "Net Income Discontinuous Operations": NaN,
        "Net Income Continuous Operations": NaN,
        "Tax Provision": NaN,
        "Pretax Income": NaN,
        "Special Income Charges": NaN,
        "Other Special Charges": NaN,
        "Operating Expense": NaN,
        "Other Operating Expenses": NaN,
        "Depreciation And Amortization In Income Statement": NaN,
        "Depreciation Income Statement": NaN,
        "Selling General And Administration": NaN,
        "General And Administrative Expense": NaN,
        "Rent And Landing Fees": NaN,
        "Total Revenue": NaN,
        "Operating Revenue": NaN
    },
    "2022-12-31": {
        "Tax Effect Of Unusual Items": NaN,
        "Tax Rate For Calcs": NaN,
        "Total Unusual Items": NaN,
        "Total Unusual Items Excluding Goodwill": NaN,
        "Net Income From Continuing Operation Net Minority Interest": NaN,
        "Reconciled Depreciation": NaN,
        "Net Interest Income": NaN,
        "Interest Expense": NaN,
        "Interest Income": NaN,
        "Normalized Income": NaN,
        "Net Income From Continuing And Discontinued Operation": NaN,
        "Diluted Average Shares": 4853846154.0,
        "Basic Average Shares": 4816793893.0,
        "Diluted EPS": 0.26,
        "Basic EPS": 0.262,
        "Diluted NI Availto Com Stockholders": NaN,
        "Net Income Common Stockholders": NaN,
        "Otherunder Preferred Stock Dividend": NaN,
        "Net Income": NaN,
        "Minority Interests": NaN,
        "Net Income Including Noncontrolling Interests": NaN,
        "Net Income Discontinuous Operations": NaN,
        "Net Income Continuous Operations": NaN,
        "Tax Provision": NaN,
        "Pretax Income": NaN,
        "Special Income Charges": NaN,
        "Other Special Charges": NaN,
        "Operating Expense": NaN,
        "Other Operating Expenses": NaN,
        "Depreciation And Amortization In Income Statement": NaN,
        "Depreciation Income Statement": NaN,
        "Selling General And Administration": NaN,
        "General And Administrative Expense": NaN,
        "Rent And Landing Fees": NaN,
        "Total Revenue": NaN,
        "Operating Revenue": NaN
    },
    "2022-09-30": {
        "Tax Effect Of Unusual Items": 0.0,
        "Tax Rate For Calcs": 0.338115,
        "Total Unusual Items": NaN,
        "Total Unusual Items Excluding Goodwill": NaN,
        "Net Income From Continuing Operation Net Minority Interest": 644000000.0,
        "Reconciled Depreciation": 199000000.0,
        "Net Interest Income": 1869000000.0,
        "Interest Expense": 430000000.0,
        "Interest Income": 2299000000.0,
        "Normalized Income": 644000000.0,
        "Net Income From Continuing And Discontinued Operation": 742000000.0,
        "Diluted Average Shares": 4921052632.0,
        "Basic Average Shares": 4921052632.0,
        "Diluted EPS": 0.038,
        "Basic EPS": 0.038,
        "Diluted NI Availto Com Stockholders": 674000000.0,
        "Net Income Common Stockholders": 674000000.0,
        "Otherunder Preferred Stock Dividend": 63000000.0,
        "Preferred Stock Dividends": 5000000.0,
        "Net Income": 742000000.0,
        "Minority Interests": -2000000.0,
        "Net Income Including Noncontrolling Interests": 744000000.0,
        "Net Income Discontinuous Operations": 98000000.0,
        "Net Income Continuous Operations": 646000000.0,
        "Tax Provision": 330000000.0,
        "Pretax Income": 976000000.0,
        "Special Income Charges": NaN,
        "Other Special Charges": NaN,
        "Operating Expense": 1931000000.0,
        "Other Operating Expenses": 0.0,
        "Depreciation And Amortization In Income Statement": 199000000.0,
        "Depreciation Income Statement": 199000000.0,
        "Selling General And Administration": 588000000.0,
        "General And Administrative Expense": 588000000.0,
        "Rent And Landing Fees": 263000000.0,
        "Total Revenue": 2686000000.0,
        "Operating Revenue": 2686000000.0
    },
    "2022-06-30": {
        "Tax Effect Of Unusual Items": -27068363.636364,
        "Tax Rate For Calcs": 0.297455,
        "Total Unusual Items": -91000000.0,
        "Total Unusual Items Excluding Goodwill": -91000000.0,
        "Net Income From Continuing Operation Net Minority Interest": 964000000.0,
        "Reconciled Depreciation": 216000000.0,
        "Net Interest Income": 2289000000.0,
        "Interest Expense": 513000000.0,
        "Interest Income": 2802000000.0,
        "Normalized Income": 1027931636.363636,
        "Net Income From Continuing And Discontinued Operation": 1112000000.0,
        "Diluted Average Shares": 4920941440.0,
        "Basic Average Shares": 4920941440.0,
        "Diluted EPS": 0.212,
        "Basic EPS": 0.212,
        "Diluted NI Availto Com Stockholders": 1050000000.0,
        "Net Income Common Stockholders": 1050000000.0,
        "Otherunder Preferred Stock Dividend": 62000000.0,
        "Preferred Stock Dividends": NaN,
        "Net Income": 1112000000.0,
        "Minority Interests": -2000000.0,
        "Net Income Including Noncontrolling Interests": 1114000000.0,
        "Net Income Discontinuous Operations": 148000000.0,
        "Net Income Continuous Operations": 966000000.0,
        "Tax Provision": 409000000.0,
        "Pretax Income": 1375000000.0,
        "Special Income Charges": -91000000.0,
        "Other Special Charges": 91000000.0,
        "Operating Expense": 1766000000.0,
        "Other Operating Expenses": 0.0,
        "Depreciation And Amortization In Income Statement": 216000000.0,
        "Depreciation Income Statement": 216000000.0,
        "Selling General And Administration": 360000000.0,
        "General And Administrative Expense": 360000000.0,
        "Rent And Landing Fees": 283000000.0,
        "Total Revenue": 3236000000.0,
        "Operating Revenue": 3236000000.0
    },
    "2022-03-31": {
        "Diluted EPS": 0.22,
        "Total Revenue": NaN,
        "Gross Profit": NaN,
        "Operating Income": NaN,
        "EBIT": NaN,
        "Net Income": NaN
    },
    "2021-09-30": {
        "Diluted EPS": 0.17,
        "Total Revenue": NaN,
        "Gross Profit": NaN,
        "Operating Income": NaN,
        "EBIT": NaN,
        "Net Income": 929
    },
    "2021-03-31": {
        "Diluted EPS": 0.15,
        "Total Revenue": NaN,
        "Gross Profit": NaN,
        "Operating Income": NaN,
        "EBIT": NaN,
        "Net Income": 855
    },
    "2020-09-30": {
        "Diluted EPS": 0.01,
        "Total Revenue": NaN,
        "Gross Profit": NaN,
        "Operating Income": 789,
        "EBIT": NaN,
        "Net Income": 79
    },
    "2020-03-31": {
        "Diluted EPS": 0.07,
        "Total Revenue": NaN,
        "Gross Profit": NaN,
        "Operating Income": NaN,
        "EBIT": NaN,
        "Net Income": 369
    },
    "2019-09-30": {
        "Diluted EPS": -0.07,
        "Total Revenue": NaN,
        "Gross Profit": NaN,
        "Operating Income": 227,
        "EBIT": NaN,
        "Net Income": -388
    },
    "2019-03-31": {
        "Diluted EPS": 0.16,
        "Total Revenue": NaN,
        "Gross Profit": NaN,
        "Operating Income": NaN,
        "EBIT": NaN,
        "Net Income": 921
    },
    "2018-09-30": {
        "Diluted EPS": 0.1,
        "Total Revenue": NaN,
        "Gross Profit": NaN,
        "Operating Income": NaN,
        "EBIT": NaN,
        "Net Income": 584
    },
    "2018-03-31": {
        "Diluted EPS": 0.2,
        "Total Revenue": NaN,
        "Gross Profit": NaN,
        "Operating Income": NaN,
        "EBIT": NaN,
        "Net Income": NaN
    },
    "2017-09-30": {
        "Diluted EPS": 0.09,
        "Total Revenue": NaN,
        "Gross Profit": NaN,
        "Operating Income": NaN,
        "EBIT": NaN,
        "Net Income": 513
    },
    "2017-03-31": {
        "Diluted EPS": 0.06,
        "Total Revenue": NaN,
        "Gross Profit": NaN,
        "Operating Income": 940,
        "EBIT": NaN,
        "Net Income": 321
    },
    "2016-09-30": {
        "Diluted EPS": -0.11,
        "Total Revenue": NaN,
        "Gross Profit": NaN,
        "Operating Income": 524,
        "EBIT": NaN,
        "Net Income": -616
    },
    "2016-03-31": {
        "Diluted EPS": -0.26,
        "Total Revenue": NaN,
        "Gross Profit": NaN,
        "Operating Income": 951,
        "EBIT": NaN,
        "Net Income": NaN
    },
    "2015-12-31": {
        "Diluted EPS": -0.79,
        "Total Revenue": NaN,
        "Gross Profit": NaN,
        "Operating Income": NaN,
        "EBIT": NaN,
        "Net Income": NaN
    },
    "2015-09-30": {
        "Diluted EPS": 0.27,
        "Total Revenue": NaN,
        "Gross Profit": NaN,
        "Operating Income": -16,
        "EBIT": NaN,
        "Net Income": NaN
    },
    "2015-06-30": {
        "Diluted EPS": 0.08,
        "Total Revenue": NaN,
        "Gross Profit": NaN,
        "Operating Income": NaN,
        "EBIT": NaN,
        "Net Income": 449
    },
    "2015-03-31": {
        "Diluted EPS": -0.13,
        "Total Revenue": NaN,
        "Gross Profit": NaN,
        "Operating Income": 177,
        "EBIT": NaN,
        "Net Income": -686
    },
    "2014-12-31": {
        "Diluted EPS": -1.69,
        "Total Revenue": NaN,
        "Gross Profit": NaN,
        "Operating Income": 830,
        "EBIT": NaN,
        "Net Income": NaN
    },
    "2014-09-30": {
        "Diluted EPS": 0.27,
        "Total Revenue": NaN,
        "Gross Profit": NaN,
        "Operating Income": NaN,
        "EBIT": NaN,
        "Net Income": NaN
    },
    "2014-06-30": {
        "Diluted EPS": 0.07,
        "Total Revenue": NaN,
        "Gross Profit": NaN,
        "Operating Income": NaN,
        "EBIT": NaN,
        "Net Income": NaN
    },
    "2014-03-31": {
        "Diluted EPS": 0.39,
        "Total Revenue": NaN,
        "Gross Profit": NaN,
        "Operating Income": NaN,
        "EBIT": NaN,
        "Net Income": NaN
    },
    "2013-12-31": {
        "Diluted EPS": -2.78,
        "Total Revenue": NaN,
        "Gross Profit": NaN,
        "Operating Income": NaN,
        "EBIT": NaN,
        "Net Income": NaN
    },
    "2013-09-30": {
        "Diluted EPS": -0.26,
        "Total Revenue": NaN,
        "Gross Profit": NaN,
        "Operating Income": NaN,
        "EBIT": NaN,
        "Net Income": NaN
    },
    "2013-06-30": {
        "Diluted EPS": 0.04,
        "Total Revenue": NaN,
        "Gross Profit": NaN,
        "Operating Income": NaN,
        "EBIT": NaN,
        "Net Income": 373
    },
    "2013-03-31": {
        "Diluted EPS": 0.12,
        "Total Revenue": NaN,
        "Gross Profit": NaN,
        "Operating Income": NaN,
        "EBIT": NaN,
        "Net Income": 736
    },
    "2012-12-31": {
        "Diluted EPS": -0.81,
        "Total Revenue": NaN,
        "Gross Profit": NaN,
        "Operating Income": NaN,
        "EBIT": NaN,
        "Net Income": NaN
    },
    "2012-09-30": {
        "Diluted EPS": -0.42,
        "Total Revenue": NaN,
        "Gross Profit": NaN,
        "Operating Income": NaN,
        "EBIT": NaN,
        "Net Income": NaN
    },
    "2012-06-30": {
        "Diluted EPS": -0.14,
        "Total Revenue": NaN,
        "Gross Profit": NaN,
        "Operating Income": -336,
        "EBIT": NaN,
        "Net Income": -609
    },
    "2012-03-31": {
        "Diluted EPS": -0.49,
        "Total Revenue": NaN,
        "Gross Profit": NaN,
        "Operating Income": 824,
        "EBIT": NaN,
        "Net Income": NaN
    },
    "2011-12-31": {
        "Diluted EPS": -0.03,
        "Total Revenue": NaN,
        "Gross Profit": NaN,
        "Operating Income": NaN,
        "EBIT": NaN,
        "Net Income": NaN
    },
    "2011-09-30": {
        "Diluted EPS": 0.43,
        "Total Revenue": NaN,
        "Gross Profit": NaN,
        "Operating Income": NaN,
        "EBIT": NaN,
        "Net Income": NaN
    },
    "2011-06-30": {
        "Diluted EPS": -0.28,
        "Total Revenue": NaN,
        "Gross Profit": NaN,
        "Operating Income": NaN,
        "EBIT": NaN,
        "Net Income": NaN
    },
    "2011-03-31": {
        "Diluted EPS": -0.17,
        "Total Revenue": NaN,
        "Gross Profit": NaN,
        "Operating Income": -184,
        "EBIT": NaN,
        "Net Income": -845
    },
    "2010-12-31": {
        "Diluted EPS": 0.0,
        "Total Revenue": NaN,
        "Gross Profit": NaN,
        "Operating Income": 57,
        "EBIT": NaN,
        "Net Income": 43
    },
    "2010-09-30": {
        "Diluted EPS": -0.37,
        "Total Revenue": NaN,
        "Gross Profit": NaN,
        "Operating Income": NaN,
        "EBIT": NaN,
        "Net Income": NaN
    },
    "2010-06-30": {
        "Diluted EPS": 0.26,
        "Total Revenue": NaN,
        "Gross Profit": NaN,
        "Operating Income": 756,
        "EBIT": NaN,
        "Net Income": 383
    },
    "2010-03-31": {
        "Diluted EPS": -0.07,
        "Total Revenue": NaN,
        "Gross Profit": NaN,
        "Operating Income": 952,
        "EBIT": NaN,
        "Net Income": -387
    },
    "2009-12-31": {
        "Diluted EPS": -0.42,
        "Total Revenue": NaN,
        "Gross Profit": NaN,
        "Operating Income": NaN,
        "EBIT": NaN,
        "Net Income": NaN
    },
    "2009-09-30": {
        "Diluted EPS": -1.13,
        "Total Revenue": NaN,
        "Gross Profit": NaN,
        "Operating Income": NaN,
        "EBIT": NaN,
        "Net Income": NaN
    },
    "2009-06-30": {
        "Diluted EPS": 0.03,
        "Total Revenue": NaN,
        "Gross Profit": NaN,
        "Operating Income": NaN,
        "EBIT": NaN,
        "Net Income": -217
    },
    "2009-03-31": {
        "Diluted EPS": -0.68,
        "Total Revenue": NaN,
        "Gross Profit": NaN,
        "Operating Income": 751,
        "EBIT": NaN,
        "Net Income": NaN
    },
    "2023-09-30": {
        "Tax Effect Of Unusual Items": NaN,
        "Tax Rate For Calcs": NaN,
        "Total Unusual Items": NaN,
        "Total Unusual Items Excluding Goodwill": NaN,
        "Net Income From Continuing Operation Net Minority Interest": NaN,
        "Reconciled Depreciation": NaN,
        "Net Interest Income": NaN,
        "Interest Expense": NaN,
        "Interest Income": NaN,
        "Normalized Income": NaN,
        "Net Income From Continuing And Discontinued Operation": NaN,
        "Diluted Average Shares": 4418367347.0,
        "Basic Average Shares": 4418367347.0,
        "Diluted EPS": 0.196,
        "Basic EPS": 0.196,
        "Diluted NI Availto Com Stockholders": NaN,
        "Net Income Common Stockholders": NaN,
        "Otherunder Preferred Stock Dividend": NaN,
        "Net Income": NaN,
        "Minority Interests": NaN,
        "Net Income Including Noncontrolling Interests": NaN,
        "Net Income Discontinuous Operations": NaN,
        "Net Income Continuous Operations": NaN,
        "Tax Provision": NaN,
        "Pretax Income": NaN,
        "Special Income Charges": NaN,
        "Other Special Charges": NaN,
        "Restructuring And Mergern Acquisition": NaN,
        "Operating Expense": NaN,
        "Other Operating Expenses": NaN,
        "Depreciation And Amortization In Income Statement": NaN,
        "Depreciation Income Statement": NaN,
        "Selling General And Administration": NaN,
        "General And Administrative Expense": NaN,
        "Rent And Landing Fees": NaN,
        "Total Revenue": NaN,
        "Operating Revenue": NaN
    },
    "2023-12-31": {
        "Tax Effect Of Unusual Items": NaN,
        "Tax Rate For Calcs": NaN,
        "Total Unusual Items": NaN,
        "Total Unusual Items Excluding Goodwill": NaN,
        "Net Income From Continuing Operation Net Minority Interest": NaN,
        "Reconciled Depreciation": NaN,
        "Net Interest Income": NaN,
        "Interest Expense": NaN,
        "Interest Income": NaN,
        "Normalized Income": NaN,
        "Net Income From Continuing And Discontinued Operation": NaN,
        "Diluted Average Shares": 4420863310.0,
        "Basic Average Shares": 4420863310.0,
        "Diluted EPS": 0.278,
        "Basic EPS": 0.278,
        "Diluted NI Availto Com Stockholders": NaN,
        "Net Income Common Stockholders": NaN,
        "Otherunder Preferred Stock Dividend": NaN,
        "Net Income": NaN,
        "Minority Interests": NaN,
        "Net Income Including Noncontrolling Interests": NaN,
        "Net Income Discontinuous Operations": NaN,
        "Net Income Continuous Operations": NaN,
        "Tax Provision": NaN,
        "Pretax Income": NaN,
        "Special Income Charges": NaN,
        "Other Special Charges": NaN,
        "Restructuring And Mergern Acquisition": NaN,
        "Operating Expense": NaN,
        "Other Operating Expenses": NaN,
        "Depreciation And Amortization In Income Statement": NaN,
        "Depreciation Income Statement": NaN,
        "Selling General And Administration": NaN,
        "General And Administrative Expense": NaN,
        "Rent And Landing Fees": NaN,
        "Total Revenue": NaN,
        "Operating Revenue": NaN
    },
    "2024-03-31": {
        "Tax Effect Of Unusual Items": NaN,
        "Tax Rate For Calcs": NaN,
        "Total Unusual Items": NaN,
        "Total Unusual Items Excluding Goodwill": NaN,
        "Net Income From Continuing Operation Net Minority Interest": NaN,
        "Reconciled Depreciation": NaN,
        "Net Interest Income": NaN,
        "Interest Expense": NaN,
        "Interest Income": NaN,
        "Normalized Income": NaN,
        "Net Income From Continuing And Discontinued Operation": NaN,
        "Diluted Average Shares": 4413461538.0,
        "Basic Average Shares": 4371428572.0,
        "Diluted EPS": 0.208,
        "Basic EPS": 0.21,
        "Diluted NI Availto Com Stockholders": NaN,
        "Net Income Common Stockholders": NaN,
        "Otherunder Preferred Stock Dividend": NaN,
        "Net Income": NaN,
        "Minority Interests": NaN,
        "Net Income Including Noncontrolling Interests": NaN,
        "Net Income Discontinuous Operations": NaN,
        "Net Income Continuous Operations": NaN,
        "Tax Provision": NaN,
        "Pretax Income": NaN,
        "Special Income Charges": NaN,
        "Other Special Charges": NaN,
        "Restructuring And Mergern Acquisition": NaN,
        "Operating Expense": NaN,
        "Other Operating Expenses": NaN,
        "Depreciation And Amortization In Income Statement": NaN,
        "Depreciation Income Statement": NaN,
        "Selling General And Administration": NaN,
        "General And Administrative Expense": NaN,
        "Rent And Landing Fees": NaN,
        "Total Revenue": NaN,
        "Operating Revenue": NaN
    },
    "2024-06-30": {
        "Tax Effect Of Unusual Items": -20938198.940553,
        "Tax Rate For Calcs": 0.271925,
        "Total Unusual Items": -77000000.0,
        "Total Unusual Items Excluding Goodwill": -77000000.0,
        "Net Income From Continuing Operation Net Minority Interest": 1235000000.0,
        "Reconciled Depreciation": 235000000.0,
        "Net Interest Income": 2757000000.0,
        "Interest Expense": 3478000000.0,
        "Interest Income": 6235000000.0,
        "Normalized Income": 1291061801.059447,
        "Net Income From Continuing And Discontinued Operation": 1250000000.0,
        "Diluted Average Shares": NaN,
        "Basic Average Shares": NaN,
        "Diluted EPS": NaN,
        "Basic EPS": NaN,
        "Diluted NI Availto Com Stockholders": 1181000000.0,
        "Net Income Common Stockholders": 1181000000.0,
        "Otherunder Preferred Stock Dividend": 69000000.0,
        "Net Income": 1250000000.0,
        "Minority Interests": -2000000.0,
        "Net Income Including Noncontrolling Interests": 1252000000.0,
        "Net Income Discontinuous Operations": 15000000.0,
        "Net Income Continuous Operations": 1237000000.0,
        "Tax Provision": 462000000.0,
        "Pretax Income": 1699000000.0,
        "Special Income Charges": -77000000.0,
        "Other Special Charges": 77000000.0,
        "Restructuring And Mergern Acquisition": NaN,
        "Operating Expense": 1928000000.0,
        "Other Operating Expenses": 0.0,
        "Depreciation And Amortization In Income Statement": 235000000.0,
        "Depreciation Income Statement": 235000000.0,
        "Selling General And Administration": 322000000.0,
        "General And Administrative Expense": 322000000.0,
        "Rent And Landing Fees": 286000000.0,
        "Total Revenue": 3650000000.0,
        "Operating Revenue": 3650000000.0
    },
    "2024-09-30": {
        "Tax Effect Of Unusual Items": -10556152.927121,
        "Tax Rate For Calcs": 0.257467,
        "Total Unusual Items": -41000000.0,
        "Total Unusual Items Excluding Goodwill": -41000000.0,
        "Net Income From Continuing Operation Net Minority Interest": 1244000000.0,
        "Reconciled Depreciation": 246000000.0,
        "Net Interest Income": 2899000000.0,
        "Interest Expense": 3545000000.0,
        "Interest Income": 6444000000.0,
        "Normalized Income": 1274443847.072879,
        "Net Income From Continuing And Discontinued Operation": 1245000000.0,
        "Diluted Average Shares": 4185714286.0,
        "Basic Average Shares": 4156028369.0,
        "Diluted EPS": 0.28,
        "Basic EPS": 0.282,
        "Diluted NI Availto Com Stockholders": 1172000000.0,
        "Net Income Common Stockholders": 1172000000.0,
        "Otherunder Preferred Stock Dividend": 73000000.0,
        "Net Income": 1245000000.0,
        "Minority Interests": 1000000.0,
        "Net Income Including Noncontrolling Interests": 1244000000.0,
        "Net Income Discontinuous Operations": 1000000.0,
        "Net Income Continuous Operations": 1243000000.0,
        "Tax Provision": 431000000.0,
        "Pretax Income": 1674000000.0,
        "Special Income Charges": -41000000.0,
        "Other Special Charges": 41000000.0,
        "Restructuring And Mergern Acquisition": NaN,
        "Operating Expense": 1784000000.0,
        "Other Operating Expenses": 0.0,
        "Depreciation And Amortization In Income Statement": 246000000.0,
        "Depreciation Income Statement": 246000000.0,
        "Selling General And Administration": 307000000.0,
        "General And Administrative Expense": 307000000.0,
        "Rent And Landing Fees": 284000000.0,
        "Total Revenue": 3744000000.0,
        "Operating Revenue": 3744000000.0
    },
    "2024-12-31": {
        "Tax Effect Of Unusual Items": -19052278.820375,
        "Tax Rate For Calcs": 0.156166,
        "Total Unusual Items": -122000000.0,
        "Total Unusual Items Excluding Goodwill": -122000000.0,
        "Net Income From Continuing Operation Net Minority Interest": 1260000000.0,
        "Reconciled Depreciation": 304000000.0,
        "Net Interest Income": 2968000000.0,
        "Interest Expense": 3485000000.0,
        "Interest Income": 6453000000.0,
        "Normalized Income": 1362947721.179625,
        "Net Income From Continuing And Discontinued Operation": 1329000000.0,
        "Diluted Average Shares": 4105263158.0,
        "Basic Average Shares": 4078431372.0,
        "Diluted EPS": 0.304,
        "Basic EPS": 0.306,
        "Diluted NI Availto Com Stockholders": 1248000000.0,
        "Net Income Common Stockholders": 1248000000.0,
        "Otherunder Preferred Stock Dividend": 81000000.0,
        "Net Income": 1329000000.0,
        "Minority Interests": 1000000.0,
        "Net Income Including Noncontrolling Interests": 1328000000.0,
        "Net Income Discontinuous Operations": 69000000.0,
        "Net Income Continuous Operations": 1259000000.0,
        "Tax Provision": 233000000.0,
        "Pretax Income": 1492000000.0,
        "Special Income Charges": -122000000.0,
        "Other Special Charges": 122000000.0,
        "Restructuring And Mergern Acquisition": NaN,
        "Operating Expense": 2114000000.0,
        "Other Operating Expenses": 142000000.0,
        "Depreciation And Amortization In Income Statement": 304000000.0,
        "Depreciation Income Statement": 304000000.0,
        "Selling General And Administration": 383000000.0,
        "General And Administrative Expense": 383000000.0,
        "Rent And Landing Fees": 348000000.0,
        "Total Revenue": 3775000000.0,
        "Operating Revenue": 3775000000.0
    },
    "2025-03-31": {
        "Tax Effect Of Unusual Items": -13256622.516556,
        "Tax Rate For Calcs": 0.259934,
        "Total Unusual Items": -51000000.0,
        "Total Unusual Items Excluding Goodwill": -51000000.0,
        "Net Income From Continuing Operation Net Minority Interest": 1342000000.0,
        "Reconciled Depreciation": 266000000.0,
        "Net Interest Income": 3026000000.0,
        "Interest Expense": 3289000000.0,
        "Interest Income": 6315000000.0,
        "Normalized Income": 1379743377.483444,
        "Net Income From Continuing And Discontinued Operation": 1342000000.0,
        "Diluted Average Shares": 4064935065.0,
        "Basic Average Shares": 4038709678.0,
        "Diluted EPS": 0.308,
        "Basic EPS": 0.31,
        "Diluted NI Availto Com Stockholders": 1252000000.0,
        "Net Income Common Stockholders": 1252000000.0,
        "Otherunder Preferred Stock Dividend": 90000000.0,
        "Net Income": 1342000000.0,
        "Minority Interests": 1000000.0,
        "Net Income Including Noncontrolling Interests": 1341000000.0,
        "Net Income Discontinuous Operations": 0.0,
        "Net Income Continuous Operations": 1341000000.0,
        "Tax Provision": 471000000.0,
        "Pretax Income": 1812000000.0,
        "Special Income Charges": -51000000.0,
        "Other Special Charges": 44000000.0,
        "Restructuring And Mergern Acquisition": 7000000.0,
        "Operating Expense": 1928000000.0,
        "Other Operating Expenses": -7000000.0,
        "Depreciation And Amortization In Income Statement": 266000000.0,
        "Depreciation Income Statement": 266000000.0,
        "Selling General And Administration": 320000000.0,
        "General And Administrative Expense": 320000000.0,
        "Rent And Landing Fees": 294000000.0,
        "Total Revenue": 3980000000.0,
        "Operating Revenue": 3980000000.0
    },
    "2025-06-30": {
        "Tax Effect Of Unusual Items": -16589396.503102,
        "Tax Rate For Calcs": 0.247603,
        "Total Unusual Items": -67000000.0,
        "Total Unusual Items Excluding Goodwill": -67000000.0,
        "Net Income From Continuing Operation Net Minority Interest": 1332000000.0,
        "Reconciled Depreciation": 291000000.0,
        "Net Interest Income": 3094000000.0,
        "Interest Expense": 3264000000.0,
        "Interest Income": 6358000000.0,
        "Normalized Income": 1382410603.496898,
        "Net Income From Continuing And Discontinued Operation": 1332000000.0,
        "Diluted Average Shares": NaN,
        "Basic Average Shares": NaN,
        "Diluted EPS": NaN,
        "Basic EPS": NaN,
        "Diluted NI Availto Com Stockholders": 1236000000.0,
        "Net Income Common Stockholders": 1236000000.0,
        "Otherunder Preferred Stock Dividend": 96000000.0,
        "Net Income": 1332000000.0,
        "Minority Interests": -2000000.0,
        "Net Income Including Noncontrolling Interests": 1334000000.0,
        "Net Income Discontinuous Operations": 0.0,
        "Net Income Continuous Operations": 1334000000.0,
        "Tax Provision": 439000000.0,
        "Pretax Income": 1773000000.0,
        "Special Income Charges": -67000000.0,
        "Other Special Charges": 74000000.0,
        "Restructuring And Mergern Acquisition": NaN,
        "Operating Expense": 1972000000.0,
        "Other Operating Expenses": 7000000.0,
        "Depreciation And Amortization In Income Statement": 291000000.0,
        "Depreciation Income Statement": 291000000.0,
        "Selling General And Administration": 337000000.0,
        "General And Administrative Expense": 337000000.0,
        "Rent And Landing Fees": 293000000.0,
        "Total Revenue": 3991000000.0,
        "Operating Revenue": 3991000000.0
    },
    "2025-09-30": {
        "Tax Effect Of Unusual Items": -2759505.26798,
        "Tax Rate For Calcs": 0.229959,
        "Total Unusual Items": -12000000.0,
        "Total Unusual Items Excluding Goodwill": -12000000.0,
        "Net Income From Continuing Operation Net Minority Interest": 1680000000.0,
        "Reconciled Depreciation": 298000000.0,
        "Net Interest Income": 3268000000.0,
        "Interest Expense": 3214000000.0,
        "Interest Income": 6482000000.0,
        "Normalized Income": 1689240494.73202,
        "Net Income From Continuing And Discontinued Operation": 1680000000.0,
        "Diluted Average Shares": 4076530612.0,
        "Basic Average Shares": 4035353536.0,
        "Diluted EPS": 0.392,
        "Basic EPS": 0.396,
        "Diluted NI Availto Com Stockholders": 1598000000.0,
        "Net Income Common Stockholders": 1598000000.0,
        "Otherunder Preferred Stock Dividend": 82000000.0,
        "Net Income": 1680000000.0,
        "Minority Interests": -1000000.0,
        "Net Income Including Noncontrolling Interests": 1681000000.0,
        "Net Income Discontinuous Operations": 0.0,
        "Net Income Continuous Operations": 1681000000.0,
        "Tax Provision": 502000000.0,
        "Pretax Income": 2183000000.0,
        "Special Income Charges": -12000000.0,
        "Other Special Charges": 12000000.0,
        "Restructuring And Mergern Acquisition": NaN,
        "Operating Expense": 1984000000.0,
        "Other Operating Expenses": 0.0,
        "Depreciation And Amortization In Income Statement": 298000000.0,
        "Depreciation Income Statement": 298000000.0,
        "Selling General And Administration": 323000000.0,
        "General And Administrative Expense": 323000000.0,
        "Rent And Landing Fees": 318000000.0,
        "Total Revenue": 4332000000.0,
        "Operating Revenue": 4332000000.0
    }
}