{
    "2023-04-30": {
        "Tax Effect Of Unusual Items": 0.0,
        "Tax Rate For Calcs": 0.205,
        "Normalized EBITDA": 39763000.0,
        "Total Unusual Items": NaN,
        "Total Unusual Items Excluding Goodwill": NaN,
        "Net Income From Continuing Operation Net Minority Interest": 21512000.0,
        "Reconciled Depreciation": 10456000.0,
        "Reconciled Cost Of Revenue": 206372000.0,
        "EBITDA": 39763000.0,
        "EBIT": 29307000.0,
        "Net Interest Income": -2244000.0,
        "Interest Expense": 2244000.0,
        "Interest Income": NaN,
        "Normalized Income": 21512000.0,
        "Net Income From Continuing And Discontinued Operation": 21512000.0,
        "Total Expenses": 244199000.0,
        "Total Operating Income As Reported": 29336000.0,
        "Diluted Average Shares": 33017000.0,
        "Basic Average Shares": 32858000.0,
        "Diluted EPS": 0.65,
        "Basic EPS": 0.65,
        "Diluted NI Availto Com Stockholders": 21512000.0,
        "Average Dilution Earnings": NaN,
        "Net Income Common Stockholders": 21512000.0,
        "Net Income": 21512000.0,
        "Net Income Including Noncontrolling Interests": 21512000.0,
        "Net Income Continuous Operations": 21512000.0,
        "Tax Provision": 5551000.0,
        "Pretax Income": 27063000.0,
        "Other Income Expense": -29000.0,
        "Other Non Operating Income Expenses": -29000.0,
        "Gain On Sale Of Security": NaN,
        "Net Non Operating Interest Income Expense": -2244000.0,
        "Interest Expense Non Operating": 2244000.0,
        "Interest Income Non Operating": NaN,
        "Operating Income": 29336000.0,
        "Operating Expense": 37827000.0,
        "Depreciation Amortization Depletion Income Statement": 10456000.0,
        "Depreciation And Amortization In Income Statement": 10456000.0,
        "Selling General And Administration": 27371000.0,
        "Gross Profit": 67163000.0,
        "Cost Of Revenue": 206372000.0,
        "Total Revenue": 273535000.0,
        "Operating Revenue": 273535000.0
    },
    "2023-01-31": {
        "Tax Effect Of Unusual Items": NaN,
        "Tax Rate For Calcs": NaN,
        "Normalized EBITDA": NaN,
        "Total Unusual Items": 27000.0,
        "Total Unusual Items Excluding Goodwill": 27000.0,
        "Net Income From Continuing Operation Net Minority Interest": NaN,
        "Reconciled Depreciation": NaN,
        "Reconciled Cost Of Revenue": NaN,
        "EBITDA": NaN,
        "EBIT": NaN,
        "Net Interest Income": NaN,
        "Interest Expense": NaN,
        "Interest Income": 26000.0,
        "Normalized Income": NaN,
        "Net Income From Continuing And Discontinued Operation": NaN,
        "Total Expenses": NaN,
        "Total Operating Income As Reported": NaN,
        "Diluted Average Shares": NaN,
        "Basic Average Shares": NaN,
        "Diluted EPS": NaN,
        "Basic EPS": NaN,
        "Diluted NI Availto Com Stockholders": NaN,
        "Average Dilution Earnings": 0.0,
        "Net Income Common Stockholders": NaN,
        "Net Income": NaN,
        "Net Income Including Noncontrolling Interests": NaN,
        "Net Income Continuous Operations": NaN,
        "Tax Provision": NaN,
        "Pretax Income": NaN,
        "Other Income Expense": NaN,
        "Other Non Operating Income Expenses": NaN,
        "Gain On Sale Of Security": 27000.0,
        "Net Non Operating Interest Income Expense": NaN,
        "Interest Expense Non Operating": NaN,
        "Interest Income Non Operating": 26000.0,
        "Operating Income": NaN,
        "Operating Expense": NaN,
        "Depreciation Amortization Depletion Income Statement": NaN,
        "Depreciation And Amortization In Income Statement": NaN,
        "Selling General And Administration": NaN,
        "Gross Profit": NaN,
        "Cost Of Revenue": NaN,
        "Total Revenue": NaN,
        "Operating Revenue": NaN
    },
    "2022-10-31": {
        "Tax Effect Of Unusual Items": NaN,
        "Tax Rate For Calcs": NaN,
        "Normalized EBITDA": NaN,
        "Total Unusual Items": 234000.0,
        "Total Unusual Items Excluding Goodwill": 234000.0,
        "Net Income From Continuing Operation Net Minority Interest": NaN,
        "Reconciled Depreciation": NaN,
        "Reconciled Cost Of Revenue": NaN,
        "EBITDA": NaN,
        "EBIT": NaN,
        "Net Interest Income": NaN,
        "Interest Expense": NaN,
        "Interest Income": 2000.0,
        "Normalized Income": NaN,
        "Net Income From Continuing And Discontinued Operation": NaN,
        "Total Expenses": NaN,
        "Total Operating Income As Reported": NaN,
        "Diluted Average Shares": NaN,
        "Basic Average Shares": NaN,
        "Diluted EPS": NaN,
        "Basic EPS": NaN,
        "Diluted NI Availto Com Stockholders": NaN,
        "Average Dilution Earnings": NaN,
        "Net Income Common Stockholders": NaN,
        "Net Income": NaN,
        "Net Income Including Noncontrolling Interests": NaN,
        "Net Income Continuous Operations": NaN,
        "Tax Provision": NaN,
        "Pretax Income": NaN,
        "Other Income Expense": NaN,
        "Other Non Operating Income Expenses": NaN,
        "Special Income Charges": 0.0,
        "Restructuring And Mergern Acquisition": 0.0,
        "Gain On Sale Of Security": 234000.0,
        "Net Non Operating Interest Income Expense": NaN,
        "Interest Expense Non Operating": NaN,
        "Interest Income Non Operating": 2000.0,
        "Operating Income": NaN,
        "Operating Expense": NaN,
        "Depreciation Amortization Depletion Income Statement": NaN,
        "Depreciation And Amortization In Income Statement": NaN,
        "Selling General And Administration": NaN,
        "Gross Profit": NaN,
        "Cost Of Revenue": NaN,
        "Total Revenue": NaN,
        "Operating Revenue": NaN
    },
    "2022-07-31": {
        "Tax Effect Of Unusual Items": 0.0,
        "Tax Rate For Calcs": 0.231422,
        "Normalized EBITDA": 44167000.0,
        "Total Unusual Items": 0.0,
        "Total Unusual Items Excluding Goodwill": 0.0,
        "Net Income From Continuing Operation Net Minority Interest": 25908000.0,
        "Reconciled Depreciation": 9734000.0,
        "Reconciled Cost Of Revenue": 251446000.0,
        "EBITDA": 44167000.0,
        "EBIT": 34433000.0,
        "Net Interest Income": -724000.0,
        "Interest Expense": 724000.0,
        "Interest Income": 2000.0,
        "Normalized Income": 25908000.0,
        "Net Income From Continuing And Discontinued Operation": 25908000.0,
        "Total Expenses": 290002000.0,
        "Total Operating Income As Reported": 34035000.0,
        "Diluted Average Shares": 33173000.0,
        "Basic Average Shares": 32999000.0,
        "Diluted EPS": 0.78,
        "Basic EPS": 0.79,
        "Diluted NI Availto Com Stockholders": 25908000.0,
        "Average Dilution Earnings": NaN,
        "Net Income Common Stockholders": 25908000.0,
        "Net Income": 25908000.0,
        "Net Income Including Noncontrolling Interests": 25908000.0,
        "Net Income Continuous Operations": 25908000.0,
        "Tax Provision": 7801000.0,
        "Pretax Income": 33709000.0,
        "Other Income Expense": 398000.0,
        "Other Non Operating Income Expenses": 398000.0,
        "Special Income Charges": 0.0,
        "Restructuring And Mergern Acquisition": 0.0,
        "Gain On Sale Of Security": 84000.0,
        "Net Non Operating Interest Income Expense": -724000.0,
        "Interest Expense Non Operating": 724000.0,
        "Interest Income Non Operating": 2000.0,
        "Operating Income": 34035000.0,
        "Operating Expense": 38556000.0,
        "Depreciation Amortization Depletion Income Statement": 9734000.0,
        "Depreciation And Amortization In Income Statement": 9734000.0,
        "Selling General And Administration": 28822000.0,
        "Gross Profit": 72591000.0,
        "Cost Of Revenue": 251446000.0,
        "Total Revenue": 324037000.0,
        "Operating Revenue": 324037000.0
    },
    "2023-07-31": {
        "Tax Effect Of Unusual Items": NaN,
        "Tax Rate For Calcs": NaN,
        "Normalized EBITDA": NaN,
        "Net Income From Continuing Operation Net Minority Interest": NaN,
        "Reconciled Depreciation": NaN,
        "Reconciled Cost Of Revenue": NaN,
        "EBITDA": NaN,
        "EBIT": NaN,
        "Net Interest Income": NaN,
        "Interest Expense": NaN,
        "Normalized Income": NaN,
        "Net Income From Continuing And Discontinued Operation": NaN,
        "Total Expenses": NaN,
        "Total Operating Income As Reported": NaN,
        "Diluted Average Shares": 32919000.0,
        "Basic Average Shares": 32716000.0,
        "Diluted EPS": 0.96,
        "Basic EPS": 0.97,
        "Diluted NI Availto Com Stockholders": NaN,
        "Net Income Common Stockholders": NaN,
        "Net Income": NaN,
        "Net Income Including Noncontrolling Interests": NaN,
        "Net Income Continuous Operations": NaN,
        "Tax Provision": NaN,
        "Pretax Income": NaN,
        "Other Income Expense": NaN,
        "Other Non Operating Income Expenses": NaN,
        "Net Non Operating Interest Income Expense": NaN,
        "Interest Expense Non Operating": NaN,
        "Operating Income": NaN,
        "Operating Expense": NaN,
        "Depreciation Amortization Depletion Income Statement": NaN,
        "Depreciation And Amortization In Income Statement": NaN,
        "Selling General And Administration": NaN,
        "Gross Profit": NaN,
        "Cost Of Revenue": NaN,
        "Total Revenue": NaN,
        "Operating Revenue": NaN
    },
    "2023-10-31": {
        "Tax Effect Of Unusual Items": 0.0,
        "Tax Rate For Calcs": 0.13958,
        "Normalized EBITDA": 44583000.0,
        "Net Income From Continuing Operation Net Minority Interest": 27382000.0,
        "Reconciled Depreciation": 11194000.0,
        "Reconciled Cost Of Revenue": 215473000.0,
        "EBITDA": 44583000.0,
        "EBIT": 33389000.0,
        "Net Interest Income": -1317000.0,
        "Interest Expense": 1565000.0,
        "Normalized Income": 27382000.0,
        "Net Income From Continuing And Discontinued Operation": 27382000.0,
        "Total Expenses": 255993000.0,
        "Total Operating Income As Reported": 39499000.0,
        "Diluted Average Shares": 32991000.0,
        "Basic Average Shares": 32753000.0,
        "Diluted EPS": 0.83,
        "Basic EPS": 0.84,
        "Diluted NI Availto Com Stockholders": 27382000.0,
        "Net Income Common Stockholders": 27382000.0,
        "Net Income": 27382000.0,
        "Net Income Including Noncontrolling Interests": 27382000.0,
        "Net Income Continuous Operations": 27382000.0,
        "Tax Provision": 4442000.0,
        "Pretax Income": 31824000.0,
        "Other Income Expense": -6358000.0,
        "Other Non Operating Income Expenses": -6213000.0,
        "Net Non Operating Interest Income Expense": -1317000.0,
        "Interest Expense Non Operating": 1565000.0,
        "Operating Income": 39499000.0,
        "Operating Expense": 40520000.0,
        "Depreciation Amortization Depletion Income Statement": 11194000.0,
        "Depreciation And Amortization In Income Statement": 11194000.0,
        "Selling General And Administration": 29326000.0,
        "Gross Profit": 80019000.0,
        "Cost Of Revenue": 215473000.0,
        "Total Revenue": 295492000.0,
        "Operating Revenue": 295492000.0
    },
    "2024-01-31": {
        "Tax Effect Of Unusual Items": NaN,
        "Tax Rate For Calcs": NaN,
        "Normalized EBITDA": NaN,
        "Total Unusual Items": -10000.0,
        "Total Unusual Items Excluding Goodwill": -10000.0,
        "Net Income From Continuing Operation Net Minority Interest": NaN,
        "Reconciled Depreciation": NaN,
        "Reconciled Cost Of Revenue": NaN,
        "EBITDA": NaN,
        "EBIT": NaN,
        "Net Interest Income": NaN,
        "Interest Expense": NaN,
        "Interest Income": 283000.0,
        "Normalized Income": NaN,
        "Net Income From Continuing And Discontinued Operation": NaN,
        "Total Expenses": NaN,
        "Total Operating Income As Reported": NaN,
        "Diluted Average Shares": NaN,
        "Basic Average Shares": NaN,
        "Diluted EPS": NaN,
        "Basic EPS": NaN,
        "Diluted NI Availto Com Stockholders": NaN,
        "Net Income Common Stockholders": NaN,
        "Net Income": NaN,
        "Net Income Including Noncontrolling Interests": NaN,
        "Net Income Continuous Operations": NaN,
        "Tax Provision": NaN,
        "Pretax Income": NaN,
        "Other Income Expense": NaN,
        "Other Non Operating Income Expenses": NaN,
        "Special Income Charges": 0.0,
        "Restructuring And Mergern Acquisition": 0.0,
        "Gain On Sale Of Security": -10000.0,
        "Net Non Operating Interest Income Expense": NaN,
        "Interest Expense Non Operating": NaN,
        "Interest Income Non Operating": 283000.0,
        "Operating Income": NaN,
        "Operating Expense": NaN,
        "Depreciation Amortization Depletion Income Statement": NaN,
        "Depreciation And Amortization In Income Statement": NaN,
        "Selling General And Administration": NaN,
        "Gross Profit": NaN,
        "Cost Of Revenue": NaN,
        "Total Revenue": NaN,
        "Operating Revenue": NaN
    },
    "2024-04-30": {
        "Tax Effect Of Unusual Items": NaN,
        "Tax Rate For Calcs": NaN,
        "Normalized EBITDA": NaN,
        "Total Unusual Items": -46000.0,
        "Total Unusual Items Excluding Goodwill": -46000.0,
        "Net Income From Continuing Operation Net Minority Interest": NaN,
        "Reconciled Depreciation": NaN,
        "Reconciled Cost Of Revenue": NaN,
        "EBITDA": NaN,
        "EBIT": NaN,
        "Net Interest Income": NaN,
        "Interest Expense": NaN,
        "Interest Income": 189000.0,
        "Normalized Income": NaN,
        "Net Income From Continuing And Discontinued Operation": NaN,
        "Total Expenses": NaN,
        "Total Operating Income As Reported": NaN,
        "Diluted Average Shares": NaN,
        "Basic Average Shares": NaN,
        "Diluted EPS": NaN,
        "Basic EPS": NaN,
        "Diluted NI Availto Com Stockholders": NaN,
        "Net Income Common Stockholders": NaN,
        "Net Income": NaN,
        "Net Income Including Noncontrolling Interests": NaN,
        "Net Income Continuous Operations": NaN,
        "Tax Provision": NaN,
        "Pretax Income": NaN,
        "Other Income Expense": NaN,
        "Other Non Operating Income Expenses": NaN,
        "Special Income Charges": 0.0,
        "Impairment Of Capital Assets": NaN,
        "Restructuring And Mergern Acquisition": 0.0,
        "Gain On Sale Of Security": -46000.0,
        "Net Non Operating Interest Income Expense": NaN,
        "Interest Expense Non Operating": NaN,
        "Interest Income Non Operating": 189000.0,
        "Operating Income": NaN,
        "Operating Expense": NaN,
        "Depreciation Amortization Depletion Income Statement": NaN,
        "Depreciation And Amortization In Income Statement": NaN,
        "Selling General And Administration": NaN,
        "Gross Profit": NaN,
        "Cost Of Revenue": NaN,
        "Total Revenue": NaN,
        "Operating Revenue": NaN
    },
    "2024-07-31": {
        "Tax Effect Of Unusual Items": 1914858.0,
        "Tax Rate For Calcs": 0.209,
        "Normalized EBITDA": 34707000.0,
        "Total Unusual Items": 9162000.0,
        "Total Unusual Items Excluding Goodwill": 9162000.0,
        "Net Income From Continuing Operation Net Minority Interest": 25350000.0,
        "Reconciled Depreciation": 10953000.0,
        "Reconciled Cost Of Revenue": 209441000.0,
        "EBITDA": 43869000.0,
        "EBIT": 32916000.0,
        "Net Interest Income": -578000.0,
        "Interest Expense": 878000.0,
        "Interest Income": 300000.0,
        "Normalized Income": 18102858.0,
        "Net Income From Continuing And Discontinued Operation": 25350000.0,
        "Total Expenses": 256903000.0,
        "Total Operating Income As Reported": 23442000.0,
        "Diluted Average Shares": 33106000.0,
        "Basic Average Shares": 32876000.0,
        "Diluted EPS": 0.77,
        "Basic EPS": 0.77,
        "Diluted NI Availto Com Stockholders": 25350000.0,
        "Net Income Common Stockholders": 25350000.0,
        "Net Income": 25350000.0,
        "Net Income Including Noncontrolling Interests": 25350000.0,
        "Net Income Continuous Operations": 25350000.0,
        "Tax Provision": 6688000.0,
        "Pretax Income": 32038000.0,
        "Other Income Expense": 9174000.0,
        "Other Non Operating Income Expenses": 12000.0,
        "Special Income Charges": 0.0,
        "Impairment Of Capital Assets": 0.0,
        "Restructuring And Mergern Acquisition": 0.0,
        "Gain On Sale Of Security": 9162000.0,
        "Net Non Operating Interest Income Expense": -578000.0,
        "Interest Expense Non Operating": 878000.0,
        "Interest Income Non Operating": 300000.0,
        "Operating Income": 23442000.0,
        "Operating Expense": 47462000.0,
        "Depreciation Amortization Depletion Income Statement": 10953000.0,
        "Depreciation And Amortization In Income Statement": 10953000.0,
        "Selling General And Administration": 36509000.0,
        "Gross Profit": 70904000.0,
        "Cost Of Revenue": 209441000.0,
        "Total Revenue": 280345000.0,
        "Operating Revenue": 280345000.0
    },
    "2024-10-31": {
        "Tax Effect Of Unusual Items": 0.0,
        "Tax Rate For Calcs": 0.206466,
        "Normalized EBITDA": 27488000.0,
        "Total Unusual Items": NaN,
        "Total Unusual Items Excluding Goodwill": NaN,
        "Net Income From Continuing Operation Net Minority Interest": -13917000.0,
        "Reconciled Depreciation": 27329000.0,
        "Reconciled Cost Of Revenue": 375111000.0,
        "EBITDA": 27488000.0,
        "EBIT": 159000.0,
        "Net Interest Income": -16007000.0,
        "Interest Expense": 17697000.0,
        "Interest Income": NaN,
        "Normalized Income": -13917000.0,
        "Net Income From Continuing And Discontinued Operation": -13917000.0,
        "Total Expenses": 489331000.0,
        "Total Operating Income As Reported": 2830000.0,
        "Diluted Average Shares": 47015000.0,
        "Basic Average Shares": 47015000.0,
        "Diluted EPS": -0.3,
        "Basic EPS": -0.3,
        "Diluted NI Availto Com Stockholders": -13917000.0,
        "Net Income Common Stockholders": -13917000.0,
        "Net Income": -13917000.0,
        "Net Income Including Noncontrolling Interests": -13917000.0,
        "Net Income Continuous Operations": -13917000.0,
        "Tax Provision": -3621000.0,
        "Pretax Income": -17538000.0,
        "Other Income Expense": -4361000.0,
        "Other Non Operating Income Expenses": -9916000.0,
        "Special Income Charges": NaN,
        "Impairment Of Capital Assets": NaN,
        "Restructuring And Mergern Acquisition": NaN,
        "Gain On Sale Of Security": NaN,
        "Net Non Operating Interest Income Expense": -16007000.0,
        "Interest Expense Non Operating": 17697000.0,
        "Interest Income Non Operating": NaN,
        "Operating Income": 2830000.0,
        "Operating Expense": 114220000.0,
        "Depreciation Amortization Depletion Income Statement": 27329000.0,
        "Depreciation And Amortization In Income Statement": 27329000.0,
        "Selling General And Administration": 86891000.0,
        "Gross Profit": 117050000.0,
        "Cost Of Revenue": 375111000.0,
        "Total Revenue": 492161000.0,
        "Operating Revenue": 492161000.0
    },
    "2025-01-31": {
        "Tax Effect Of Unusual Items": -1867899.0,
        "Tax Rate For Calcs": 0.253,
        "Normalized EBITDA": 26374000.0,
        "Total Unusual Items": -7383000.0,
        "Total Unusual Items Excluding Goodwill": -7383000.0,
        "Net Income From Continuing Operation Net Minority Interest": -14885000.0,
        "Reconciled Depreciation": 24740000.0,
        "Reconciled Cost Of Revenue": 307728000.0,
        "EBITDA": 18991000.0,
        "EBIT": -5749000.0,
        "Net Interest Income": -13568000.0,
        "Interest Expense": 14186000.0,
        "Interest Income": 618000.0,
        "Normalized Income": -9369899.0,
        "Net Income From Continuing And Discontinued Operation": -14885000.0,
        "Total Expenses": 399118000.0,
        "Total Operating Income As Reported": -6978000.0,
        "Diluted Average Shares": 47015000.0,
        "Basic Average Shares": 47015000.0,
        "Diluted EPS": -0.32,
        "Basic EPS": -0.32,
        "Diluted NI Availto Com Stockholders": -14885000.0,
        "Net Income Common Stockholders": -14885000.0,
        "Net Income": -14885000.0,
        "Net Income Including Noncontrolling Interests": -14885000.0,
        "Net Income Continuous Operations": -14885000.0,
        "Tax Provision": -5050000.0,
        "Pretax Income": -19935000.0,
        "Other Income Expense": -7293000.0,
        "Other Non Operating Income Expenses": 90000.0,
        "Special Income Charges": -7904000.0,
        "Impairment Of Capital Assets": NaN,
        "Restructuring And Mergern Acquisition": 7904000.0,
        "Gain On Sale Of Security": 521000.0,
        "Net Non Operating Interest Income Expense": -13568000.0,
        "Interest Expense Non Operating": 14186000.0,
        "Interest Income Non Operating": 618000.0,
        "Operating Income": 926000.0,
        "Operating Expense": 91390000.0,
        "Depreciation Amortization Depletion Income Statement": 24740000.0,
        "Depreciation And Amortization In Income Statement": 24740000.0,
        "Selling General And Administration": 66650000.0,
        "Gross Profit": 92316000.0,
        "Cost Of Revenue": 307728000.0,
        "Total Revenue": 400044000.0,
        "Operating Revenue": 400044000.0
    },
    "2025-04-30": {
        "Tax Effect Of Unusual Items": -341455.0,
        "Tax Rate For Calcs": 0.235,
        "Normalized EBITDA": 61407000.0,
        "Total Unusual Items": -1453000.0,
        "Total Unusual Items Excluding Goodwill": -1453000.0,
        "Net Income From Continuing Operation Net Minority Interest": 20515000.0,
        "Reconciled Depreciation": 19192000.0,
        "Reconciled Cost Of Revenue": 321096000.0,
        "EBITDA": 59954000.0,
        "EBIT": 40762000.0,
        "Net Interest Income": -13471000.0,
        "Interest Expense": 13940000.0,
        "Interest Income": 469000.0,
        "Normalized Income": 21626545.0,
        "Net Income From Continuing And Discontinued Operation": 20515000.0,
        "Total Expenses": 410621000.0,
        "Total Operating Income As Reported": 40921000.0,
        "Diluted Average Shares": 46563000.0,
        "Basic Average Shares": 46483000.0,
        "Diluted EPS": 0.44,
        "Basic EPS": 0.44,
        "Diluted NI Availto Com Stockholders": 20515000.0,
        "Net Income Common Stockholders": 20515000.0,
        "Net Income": 20515000.0,
        "Net Income Including Noncontrolling Interests": 20515000.0,
        "Net Income Continuous Operations": 20515000.0,
        "Tax Provision": 6307000.0,
        "Pretax Income": 26822000.0,
        "Other Income Expense": -1564000.0,
        "Other Non Operating Income Expenses": -111000.0,
        "Special Income Charges": -936000.0,
        "Impairment Of Capital Assets": NaN,
        "Restructuring And Mergern Acquisition": 936000.0,
        "Gain On Sale Of Security": -517000.0,
        "Net Non Operating Interest Income Expense": -13471000.0,
        "Interest Expense Non Operating": 13940000.0,
        "Interest Income Non Operating": 469000.0,
        "Operating Income": 41857000.0,
        "Operating Expense": 89525000.0,
        "Depreciation Amortization Depletion Income Statement": 19192000.0,
        "Depreciation And Amortization In Income Statement": 19192000.0,
        "Selling General And Administration": 70333000.0,
        "Gross Profit": 131382000.0,
        "Cost Of Revenue": 321096000.0,
        "Total Revenue": 452478000.0,
        "Operating Revenue": 452478000.0
    },
    "2025-07-31": {
        "Tax Effect Of Unusual Items": -8794192.0,
        "Tax Rate For Calcs": 0.029,
        "Normalized EBITDA": 67150000.0,
        "Total Unusual Items": -303248000.0,
        "Total Unusual Items Excluding Goodwill": -303248000.0,
        "Net Income From Continuing Operation Net Minority Interest": -276007000.0,
        "Reconciled Depreciation": 33882000.0,
        "Reconciled Cost Of Revenue": 357305000.0,
        "EBITDA": -236098000.0,
        "EBIT": -269980000.0,
        "Net Interest Income": -13627000.0,
        "Interest Expense": 14218000.0,
        "Interest Income": 591000.0,
        "Normalized Income": 18446808.0,
        "Net Income From Continuing And Discontinued Operation": -276007000.0,
        "Total Expenses": 462457000.0,
        "Total Operating Income As Reported": -270835000.0,
        "Diluted Average Shares": 45691000.0,
        "Basic Average Shares": 45691000.0,
        "Diluted EPS": -6.04,
        "Basic EPS": -6.04,
        "Diluted NI Availto Com Stockholders": -276007000.0,
        "Net Income Common Stockholders": -276007000.0,
        "Net Income": -276007000.0,
        "Net Income Including Noncontrolling Interests": -276007000.0,
        "Net Income Continuous Operations": -276007000.0,
        "Tax Provision": -8191000.0,
        "Pretax Income": -284198000.0,
        "Other Income Expense": -303387000.0,
        "Other Non Operating Income Expenses": -139000.0,
        "Special Income Charges": -303651000.0,
        "Impairment Of Capital Assets": 302284000.0,
        "Restructuring And Mergern Acquisition": 1367000.0,
        "Gain On Sale Of Security": 403000.0,
        "Net Non Operating Interest Income Expense": -13627000.0,
        "Interest Expense Non Operating": 14218000.0,
        "Interest Income Non Operating": 591000.0,
        "Operating Income": 32816000.0,
        "Operating Expense": 105152000.0,
        "Depreciation Amortization Depletion Income Statement": 33882000.0,
        "Depreciation And Amortization In Income Statement": 33882000.0,
        "Selling General And Administration": 71270000.0,
        "Gross Profit": 137968000.0,
        "Cost Of Revenue": 357305000.0,
        "Total Revenue": 495273000.0,
        "Operating Revenue": 495273000.0
    }
}