{
    "2023-03-31": {
        "Tax Effect Of Unusual Items": NaN,
        "Tax Rate For Calcs": NaN,
        "Normalized EBITDA": NaN,
        "Total Unusual Items": NaN,
        "Total Unusual Items Excluding Goodwill": NaN,
        "Net Income From Continuing Operation Net Minority Interest": NaN,
        "Reconciled Depreciation": NaN,
        "EBITDA": NaN,
        "EBIT": NaN,
        "Net Interest Income": NaN,
        "Interest Expense": NaN,
        "Interest Income": NaN,
        "Normalized Income": NaN,
        "Net Income From Continuing And Discontinued Operation": NaN,
        "Total Expenses": NaN,
        "Diluted Average Shares": NaN,
        "Basic Average Shares": NaN,
        "Diluted EPS": NaN,
        "Basic EPS": NaN,
        "Diluted NI Availto Com Stockholders": NaN,
        "Average Dilution Earnings": NaN,
        "Net Income Common Stockholders": NaN,
        "Net Income": NaN,
        "Minority Interests": NaN,
        "Net Income Including Noncontrolling Interests": NaN,
        "Net Income Continuous Operations": NaN,
        "Tax Provision": NaN,
        "Pretax Income": NaN,
        "Other Income Expense": NaN,
        "Other Non Operating Income Expenses": 3804000.0,
        "Special Income Charges": NaN,
        "Gain On Sale Of Ppe": NaN,
        "Gain On Sale Of Business": NaN,
        "Earnings From Equity Interest": NaN,
        "Gain On Sale Of Security": NaN,
        "Net Non Operating Interest Income Expense": NaN,
        "Interest Expense Non Operating": NaN,
        "Interest Income Non Operating": NaN,
        "Operating Income": NaN,
        "Operating Expense": NaN,
        "Depreciation Amortization Depletion Income Statement": NaN,
        "Depreciation And Amortization In Income Statement": NaN,
        "Depreciation Income Statement": NaN,
        "Selling General And Administration": NaN,
        "General And Administrative Expense": NaN,
        "Other Gand A": NaN,
        "Salaries And Wages": NaN,
        "Total Revenue": NaN,
        "Operating Revenue": NaN
    },
    "2022-12-31": {
        "Tax Effect Of Unusual Items": NaN,
        "Tax Rate For Calcs": NaN,
        "Normalized EBITDA": NaN,
        "Total Unusual Items": NaN,
        "Total Unusual Items Excluding Goodwill": NaN,
        "Net Income From Continuing Operation Net Minority Interest": NaN,
        "Reconciled Depreciation": NaN,
        "EBITDA": NaN,
        "EBIT": NaN,
        "Net Interest Income": NaN,
        "Interest Expense": NaN,
        "Interest Income": NaN,
        "Normalized Income": NaN,
        "Net Income From Continuing And Discontinued Operation": NaN,
        "Total Expenses": NaN,
        "Diluted Average Shares": NaN,
        "Basic Average Shares": NaN,
        "Diluted EPS": NaN,
        "Basic EPS": NaN,
        "Diluted NI Availto Com Stockholders": NaN,
        "Average Dilution Earnings": NaN,
        "Net Income Common Stockholders": NaN,
        "Net Income": NaN,
        "Minority Interests": NaN,
        "Net Income Including Noncontrolling Interests": NaN,
        "Net Income Continuous Operations": NaN,
        "Tax Provision": NaN,
        "Pretax Income": NaN,
        "Other Income Expense": NaN,
        "Other Non Operating Income Expenses": NaN,
        "Special Income Charges": NaN,
        "Gain On Sale Of Ppe": 0.0,
        "Gain On Sale Of Business": NaN,
        "Earnings From Equity Interest": NaN,
        "Gain On Sale Of Security": NaN,
        "Net Non Operating Interest Income Expense": NaN,
        "Interest Expense Non Operating": NaN,
        "Interest Income Non Operating": NaN,
        "Operating Income": NaN,
        "Operating Expense": NaN,
        "Depreciation Amortization Depletion Income Statement": NaN,
        "Depreciation And Amortization In Income Statement": NaN,
        "Depreciation Income Statement": NaN,
        "Selling General And Administration": NaN,
        "General And Administrative Expense": NaN,
        "Other Gand A": NaN,
        "Salaries And Wages": NaN,
        "Total Revenue": NaN,
        "Operating Revenue": NaN
    },
    "2022-09-30": {
        "Tax Effect Of Unusual Items": NaN,
        "Tax Rate For Calcs": NaN,
        "Normalized EBITDA": NaN,
        "Total Unusual Items": NaN,
        "Total Unusual Items Excluding Goodwill": NaN,
        "Net Income From Continuing Operation Net Minority Interest": NaN,
        "Reconciled Depreciation": NaN,
        "EBITDA": NaN,
        "EBIT": NaN,
        "Net Interest Income": NaN,
        "Interest Expense": NaN,
        "Interest Income": NaN,
        "Normalized Income": NaN,
        "Net Income From Continuing And Discontinued Operation": NaN,
        "Total Expenses": NaN,
        "Diluted Average Shares": 479504037.0,
        "Basic Average Shares": 479504037.0,
        "Diluted EPS": -0.05,
        "Basic EPS": -0.05,
        "Diluted NI Availto Com Stockholders": NaN,
        "Average Dilution Earnings": NaN,
        "Net Income Common Stockholders": NaN,
        "Net Income": NaN,
        "Minority Interests": NaN,
        "Net Income Including Noncontrolling Interests": NaN,
        "Net Income Continuous Operations": NaN,
        "Tax Provision": NaN,
        "Pretax Income": NaN,
        "Other Income Expense": NaN,
        "Other Non Operating Income Expenses": NaN,
        "Special Income Charges": NaN,
        "Gain On Sale Of Ppe": -85000.0,
        "Gain On Sale Of Business": NaN,
        "Earnings From Equity Interest": NaN,
        "Gain On Sale Of Security": NaN,
        "Net Non Operating Interest Income Expense": NaN,
        "Interest Expense Non Operating": NaN,
        "Interest Income Non Operating": NaN,
        "Operating Income": NaN,
        "Operating Expense": NaN,
        "Depreciation Amortization Depletion Income Statement": NaN,
        "Depreciation And Amortization In Income Statement": NaN,
        "Depreciation Income Statement": NaN,
        "Selling General And Administration": NaN,
        "General And Administrative Expense": NaN,
        "Other Gand A": NaN,
        "Salaries And Wages": NaN,
        "Total Revenue": NaN,
        "Operating Revenue": NaN
    },
    "2022-06-30": {
        "Tax Effect Of Unusual Items": 189600.0,
        "Tax Rate For Calcs": 0.4,
        "Normalized EBITDA": 17857000.0,
        "Total Unusual Items": 474000.0,
        "Total Unusual Items Excluding Goodwill": 474000.0,
        "Net Income From Continuing Operation Net Minority Interest": 13484000.0,
        "Reconciled Depreciation": 446000.0,
        "EBITDA": 18331000.0,
        "EBIT": 17885000.0,
        "Net Interest Income": -92000.0,
        "Interest Expense": 583000.0,
        "Interest Income": 491000.0,
        "Normalized Income": 13199600.0,
        "Net Income From Continuing And Discontinued Operation": 13484000.0,
        "Total Expenses": 11584000.0,
        "Diluted Average Shares": 504256307.0,
        "Basic Average Shares": 479283015.0,
        "Diluted EPS": -0.02,
        "Basic EPS": 0.03,
        "Diluted NI Availto Com Stockholders": -9555000.0,
        "Average Dilution Earnings": -23039000.0,
        "Net Income Common Stockholders": 13484000.0,
        "Net Income": 13484000.0,
        "Minority Interests": -4101000.0,
        "Net Income Including Noncontrolling Interests": 17585000.0,
        "Net Income Continuous Operations": 17585000.0,
        "Tax Provision": -283000.0,
        "Pretax Income": 17302000.0,
        "Other Income Expense": 28978000.0,
        "Other Non Operating Income Expenses": 28504000.0,
        "Special Income Charges": 0.0,
        "Gain On Sale Of Ppe": 0.0,
        "Gain On Sale Of Security": 474000.0,
        "Net Non Operating Interest Income Expense": -92000.0,
        "Interest Expense Non Operating": 583000.0,
        "Interest Income Non Operating": 491000.0,
        "Operating Income": -11584000.0,
        "Operating Expense": 11584000.0,
        "Depreciation Amortization Depletion Income Statement": 446000.0,
        "Depreciation And Amortization In Income Statement": 446000.0,
        "Depreciation Income Statement": 446000.0,
        "Selling General And Administration": 11138000.0,
        "General And Administrative Expense": 11138000.0,
        "Other Gand A": 2931000.0,
        "Salaries And Wages": 8207000.0,
        "Total Revenue": 0.0,
        "Operating Revenue": 0.0
    },
    "2022-03-31": {
        "Diluted EPS": -0.04,
        "Total Revenue": NaN,
        "Gross Profit": NaN,
        "Operating Income": -9,
        "EBIT": -9,
        "Net Income": -20
    },
    "2021-12-31": {
        "Diluted EPS": -0.01,
        "Total Revenue": NaN,
        "Gross Profit": NaN,
        "Operating Income": -16,
        "EBIT": -16,
        "Net Income": -13
    },
    "2021-09-30": {
        "Diluted EPS": -0.03,
        "Total Revenue": NaN,
        "Gross Profit": NaN,
        "Operating Income": -7,
        "EBIT": -6,
        "Net Income": -14
    },
    "2021-06-30": {
        "Diluted EPS": -0.03,
        "Total Revenue": NaN,
        "Gross Profit": NaN,
        "Operating Income": -12,
        "EBIT": -12,
        "Net Income": -15
    },
    "2021-03-31": {
        "Diluted EPS": -0.13,
        "Total Revenue": NaN,
        "Gross Profit": NaN,
        "Operating Income": -6,
        "EBIT": -5,
        "Net Income": -52
    },
    "2020-12-31": {
        "Diluted EPS": -0.12,
        "Total Revenue": NaN,
        "Gross Profit": NaN,
        "Operating Income": -7,
        "EBIT": -6,
        "Net Income": -45
    },
    "2020-09-30": {
        "Diluted EPS": -0.05,
        "Total Revenue": NaN,
        "Gross Profit": NaN,
        "Operating Income": -3,
        "EBIT": -3,
        "Net Income": -16
    },
    "2020-06-30": {
        "Diluted EPS": -0.04,
        "Total Revenue": NaN,
        "Gross Profit": NaN,
        "Operating Income": -5,
        "EBIT": -4,
        "Net Income": -13
    },
    "2020-03-31": {
        "Diluted EPS": -0.02,
        "Total Revenue": NaN,
        "Gross Profit": NaN,
        "Operating Income": -3,
        "EBIT": -3,
        "Net Income": -7
    },
    "2019-12-31": {
        "Diluted EPS": -0.02,
        "Total Revenue": NaN,
        "Gross Profit": NaN,
        "Operating Income": -6,
        "EBIT": -5,
        "Net Income": -8
    },
    "2019-09-30": {
        "Diluted EPS": -0.01,
        "Total Revenue": NaN,
        "Gross Profit": NaN,
        "Operating Income": -4,
        "EBIT": -4,
        "Net Income": 0
    },
    "2019-06-30": {
        "Diluted EPS": -0.03,
        "Total Revenue": NaN,
        "Gross Profit": NaN,
        "Operating Income": -5,
        "EBIT": -5,
        "Net Income": -9
    },
    "2019-03-31": {
        "Diluted EPS": 0.01,
        "Total Revenue": NaN,
        "Gross Profit": NaN,
        "Operating Income": -4,
        "EBIT": -4,
        "Net Income": 5
    },
    "2018-12-31": {
        "Diluted EPS": 0.06,
        "Total Revenue": NaN,
        "Gross Profit": NaN,
        "Operating Income": -6,
        "EBIT": -6,
        "Net Income": 11
    },
    "2018-09-30": {
        "Diluted EPS": -0.05,
        "Total Revenue": NaN,
        "Gross Profit": NaN,
        "Operating Income": -4,
        "EBIT": -4,
        "Net Income": -15
    },
    "2018-06-30": {
        "Diluted EPS": -0.05,
        "Total Revenue": NaN,
        "Gross Profit": NaN,
        "Operating Income": -7,
        "EBIT": -6,
        "Net Income": -19
    },
    "2018-03-31": {
        "Diluted EPS": -0.01,
        "Total Revenue": NaN,
        "Gross Profit": NaN,
        "Operating Income": -3,
        "EBIT": -3,
        "Net Income": 24
    },
    "2017-12-31": {
        "Diluted EPS": -0.07,
        "Total Revenue": NaN,
        "Gross Profit": NaN,
        "Operating Income": -5,
        "EBIT": -5,
        "Net Income": -26
    },
    "2017-09-30": {
        "Diluted EPS": -0.01,
        "Total Revenue": NaN,
        "Gross Profit": NaN,
        "Operating Income": -3,
        "EBIT": -3,
        "Net Income": -1
    },
    "2017-06-30": {
        "Diluted EPS": 0.01,
        "Total Revenue": NaN,
        "Gross Profit": NaN,
        "Operating Income": -3,
        "EBIT": -3,
        "Net Income": 2
    },
    "2017-03-31": {
        "Diluted EPS": -0.06,
        "Total Revenue": NaN,
        "Gross Profit": NaN,
        "Operating Income": -3,
        "EBIT": -3,
        "Net Income": -19
    },
    "2016-12-31": {
        "Diluted EPS": -0.05,
        "Total Revenue": NaN,
        "Gross Profit": NaN,
        "Operating Income": NaN,
        "EBIT": NaN,
        "Net Income": -15
    },
    "2023-06-30": {
        "Tax Effect Of Unusual Items": NaN,
        "Tax Rate For Calcs": NaN,
        "Normalized EBITDA": NaN,
        "Total Unusual Items": NaN,
        "Total Unusual Items Excluding Goodwill": NaN,
        "Net Income From Continuing Operation Net Minority Interest": NaN,
        "Reconciled Depreciation": NaN,
        "EBITDA": NaN,
        "EBIT": NaN,
        "Net Interest Income": NaN,
        "Interest Expense": NaN,
        "Interest Income": NaN,
        "Normalized Income": NaN,
        "Net Income From Continuing And Discontinued Operation": NaN,
        "Total Expenses": NaN,
        "Diluted Average Shares": 486577487.0,
        "Basic Average Shares": 486577487.0,
        "Diluted EPS": -0.04,
        "Basic EPS": -0.04,
        "Diluted NI Availto Com Stockholders": NaN,
        "Average Dilution Earnings": 0.0,
        "Net Income Common Stockholders": NaN,
        "Net Income": NaN,
        "Minority Interests": NaN,
        "Net Income Including Noncontrolling Interests": NaN,
        "Net Income Continuous Operations": NaN,
        "Tax Provision": NaN,
        "Pretax Income": NaN,
        "Other Income Expense": NaN,
        "Other Non Operating Income Expenses": -2680000.0,
        "Special Income Charges": NaN,
        "Gain On Sale Of Ppe": NaN,
        "Gain On Sale Of Business": NaN,
        "Earnings From Equity Interest": NaN,
        "Gain On Sale Of Security": NaN,
        "Net Non Operating Interest Income Expense": NaN,
        "Interest Expense Non Operating": NaN,
        "Interest Income Non Operating": NaN,
        "Operating Income": NaN,
        "Operating Expense": NaN,
        "Depreciation Amortization Depletion Income Statement": NaN,
        "Depreciation And Amortization In Income Statement": NaN,
        "Depreciation Income Statement": NaN,
        "Selling General And Administration": NaN,
        "General And Administrative Expense": NaN,
        "Other Gand A": NaN,
        "Salaries And Wages": NaN,
        "Total Revenue": NaN,
        "Operating Revenue": NaN
    },
    "2023-09-30": {
        "Tax Effect Of Unusual Items": NaN,
        "Tax Rate For Calcs": NaN,
        "Normalized EBITDA": NaN,
        "Total Unusual Items": NaN,
        "Total Unusual Items Excluding Goodwill": NaN,
        "Net Income From Continuing Operation Net Minority Interest": NaN,
        "Reconciled Depreciation": NaN,
        "EBITDA": NaN,
        "EBIT": NaN,
        "Net Interest Income": NaN,
        "Interest Expense": NaN,
        "Interest Income": NaN,
        "Normalized Income": NaN,
        "Net Income From Continuing And Discontinued Operation": NaN,
        "Total Expenses": NaN,
        "Diluted Average Shares": 491274394.0,
        "Basic Average Shares": 491274394.0,
        "Diluted EPS": -0.11,
        "Basic EPS": -0.11,
        "Diluted NI Availto Com Stockholders": NaN,
        "Average Dilution Earnings": NaN,
        "Net Income Common Stockholders": NaN,
        "Net Income": NaN,
        "Minority Interests": NaN,
        "Net Income Including Noncontrolling Interests": NaN,
        "Net Income Continuous Operations": NaN,
        "Tax Provision": NaN,
        "Pretax Income": NaN,
        "Other Income Expense": NaN,
        "Other Non Operating Income Expenses": NaN,
        "Special Income Charges": NaN,
        "Gain On Sale Of Ppe": -12000.0,
        "Gain On Sale Of Business": NaN,
        "Write Off": NaN,
        "Earnings From Equity Interest": NaN,
        "Gain On Sale Of Security": NaN,
        "Net Non Operating Interest Income Expense": NaN,
        "Interest Expense Non Operating": NaN,
        "Interest Income Non Operating": NaN,
        "Operating Income": NaN,
        "Operating Expense": NaN,
        "Depreciation Amortization Depletion Income Statement": NaN,
        "Depreciation And Amortization In Income Statement": NaN,
        "Depreciation Income Statement": NaN,
        "Selling General And Administration": NaN,
        "General And Administrative Expense": NaN,
        "Other Gand A": NaN,
        "Salaries And Wages": NaN,
        "Total Revenue": NaN,
        "Operating Revenue": NaN
    },
    "2023-12-31": {
        "Tax Effect Of Unusual Items": NaN,
        "Tax Rate For Calcs": NaN,
        "Normalized EBITDA": NaN,
        "Total Unusual Items": NaN,
        "Total Unusual Items Excluding Goodwill": NaN,
        "Net Income From Continuing Operation Net Minority Interest": NaN,
        "Reconciled Depreciation": NaN,
        "EBITDA": NaN,
        "EBIT": NaN,
        "Net Interest Income": NaN,
        "Interest Expense": NaN,
        "Interest Income": NaN,
        "Normalized Income": NaN,
        "Net Income From Continuing And Discontinued Operation": NaN,
        "Total Expenses": NaN,
        "Diluted Average Shares": NaN,
        "Basic Average Shares": NaN,
        "Diluted EPS": NaN,
        "Basic EPS": NaN,
        "Diluted NI Availto Com Stockholders": NaN,
        "Average Dilution Earnings": NaN,
        "Net Income Common Stockholders": NaN,
        "Net Income": NaN,
        "Minority Interests": -1068000.0,
        "Net Income Including Noncontrolling Interests": NaN,
        "Net Income Continuous Operations": NaN,
        "Tax Provision": NaN,
        "Pretax Income": NaN,
        "Other Income Expense": NaN,
        "Other Non Operating Income Expenses": NaN,
        "Special Income Charges": NaN,
        "Gain On Sale Of Ppe": NaN,
        "Gain On Sale Of Business": NaN,
        "Write Off": NaN,
        "Earnings From Equity Interest": NaN,
        "Gain On Sale Of Security": NaN,
        "Net Non Operating Interest Income Expense": NaN,
        "Interest Expense Non Operating": NaN,
        "Interest Income Non Operating": NaN,
        "Operating Income": NaN,
        "Operating Expense": NaN,
        "Depreciation Amortization Depletion Income Statement": NaN,
        "Depreciation And Amortization In Income Statement": NaN,
        "Depreciation Income Statement": NaN,
        "Selling General And Administration": NaN,
        "General And Administrative Expense": NaN,
        "Other Gand A": NaN,
        "Salaries And Wages": NaN,
        "Total Revenue": NaN,
        "Operating Revenue": NaN
    },
    "2024-03-31": {
        "Tax Effect Of Unusual Items": NaN,
        "Tax Rate For Calcs": NaN,
        "Normalized EBITDA": NaN,
        "Total Unusual Items": NaN,
        "Total Unusual Items Excluding Goodwill": NaN,
        "Net Income From Continuing Operation Net Minority Interest": NaN,
        "Reconciled Depreciation": NaN,
        "EBITDA": NaN,
        "EBIT": NaN,
        "Net Interest Income": NaN,
        "Interest Expense": NaN,
        "Interest Income": NaN,
        "Normalized Income": NaN,
        "Net Income From Continuing And Discontinued Operation": NaN,
        "Total Expenses": NaN,
        "Diluted Average Shares": 536646284.0,
        "Basic Average Shares": 536646284.0,
        "Diluted EPS": -0.06,
        "Basic EPS": -0.06,
        "Diluted NI Availto Com Stockholders": NaN,
        "Average Dilution Earnings": NaN,
        "Net Income Common Stockholders": NaN,
        "Net Income": NaN,
        "Minority Interests": 0.0,
        "Net Income Including Noncontrolling Interests": NaN,
        "Net Income Continuous Operations": NaN,
        "Tax Provision": NaN,
        "Pretax Income": NaN,
        "Other Income Expense": NaN,
        "Other Non Operating Income Expenses": NaN,
        "Special Income Charges": NaN,
        "Gain On Sale Of Ppe": NaN,
        "Gain On Sale Of Business": NaN,
        "Write Off": 0.0,
        "Earnings From Equity Interest": NaN,
        "Gain On Sale Of Security": NaN,
        "Net Non Operating Interest Income Expense": NaN,
        "Interest Expense Non Operating": NaN,
        "Interest Income Non Operating": NaN,
        "Operating Income": NaN,
        "Operating Expense": NaN,
        "Depreciation Amortization Depletion Income Statement": NaN,
        "Depreciation And Amortization In Income Statement": NaN,
        "Depreciation Income Statement": NaN,
        "Selling General And Administration": NaN,
        "General And Administrative Expense": NaN,
        "Other Gand A": NaN,
        "Salaries And Wages": NaN,
        "Total Revenue": NaN,
        "Operating Revenue": NaN
    },
    "2024-06-30": {
        "Tax Effect Of Unusual Items": 300.0,
        "Tax Rate For Calcs": 0.15,
        "Normalized EBITDA": 16490000.0,
        "Total Unusual Items": 2000.0,
        "Total Unusual Items Excluding Goodwill": 2000.0,
        "Net Income From Continuing Operation Net Minority Interest": 13196000.0,
        "Reconciled Depreciation": 564000.0,
        "EBITDA": 16492000.0,
        "EBIT": 15928000.0,
        "Net Interest Income": -164000.0,
        "Interest Expense": 6087000.0,
        "Interest Income": 5923000.0,
        "Normalized Income": 13194300.0,
        "Net Income From Continuing And Discontinued Operation": 13196000.0,
        "Total Expenses": 17612000.0,
        "Diluted Average Shares": 613813089.0,
        "Basic Average Shares": 551519415.0,
        "Diluted EPS": -0.02,
        "Basic EPS": 0.02,
        "Diluted NI Availto Com Stockholders": 13196000.0,
        "Average Dilution Earnings": -23658000.0,
        "Net Income Common Stockholders": 13196000.0,
        "Net Income": 13196000.0,
        "Minority Interests": 0.0,
        "Net Income Including Noncontrolling Interests": 13196000.0,
        "Net Income Continuous Operations": 13196000.0,
        "Tax Provision": -3355000.0,
        "Pretax Income": 9841000.0,
        "Other Income Expense": 27617000.0,
        "Other Non Operating Income Expenses": 29555000.0,
        "Special Income Charges": -66000.0,
        "Gain On Sale Of Ppe": NaN,
        "Gain On Sale Of Business": -66000.0,
        "Write Off": 0.0,
        "Earnings From Equity Interest": -1940000.0,
        "Gain On Sale Of Security": 68000.0,
        "Net Non Operating Interest Income Expense": -164000.0,
        "Interest Expense Non Operating": 6087000.0,
        "Interest Income Non Operating": 5923000.0,
        "Operating Income": -17612000.0,
        "Operating Expense": 17612000.0,
        "Depreciation Amortization Depletion Income Statement": 564000.0,
        "Depreciation And Amortization In Income Statement": 564000.0,
        "Depreciation Income Statement": 564000.0,
        "Selling General And Administration": 17048000.0,
        "General And Administrative Expense": 17048000.0,
        "Other Gand A": 8402000.0,
        "Salaries And Wages": 8646000.0,
        "Total Revenue": 0.0,
        "Operating Revenue": 0.0
    },
    "2024-09-30": {
        "Tax Effect Of Unusual Items": -109500.0,
        "Tax Rate For Calcs": 0.15,
        "Normalized EBITDA": 22371000.0,
        "Total Unusual Items": -730000.0,
        "Total Unusual Items Excluding Goodwill": -730000.0,
        "Net Income From Continuing Operation Net Minority Interest": 10252000.0,
        "Reconciled Depreciation": 580000.0,
        "EBITDA": 21641000.0,
        "EBIT": 21061000.0,
        "Net Interest Income": -5043000.0,
        "Interest Expense": 11320000.0,
        "Interest Income": 6277000.0,
        "Normalized Income": 10872500.0,
        "Net Income From Continuing And Discontinued Operation": 10252000.0,
        "Total Expenses": 18712000.0,
        "Diluted Average Shares": 621899927.0,
        "Basic Average Shares": 564693987.0,
        "Diluted EPS": 0.02,
        "Basic EPS": 0.02,
        "Diluted NI Availto Com Stockholders": 10252000.0,
        "Average Dilution Earnings": NaN,
        "Net Income Common Stockholders": 10252000.0,
        "Net Income": 10252000.0,
        "Minority Interests": 0.0,
        "Net Income Including Noncontrolling Interests": 10252000.0,
        "Net Income Continuous Operations": 10252000.0,
        "Tax Provision": -511000.0,
        "Pretax Income": 9741000.0,
        "Other Income Expense": 33496000.0,
        "Other Non Operating Income Expenses": 32867000.0,
        "Special Income Charges": -256000.0,
        "Gain On Sale Of Ppe": 0.0,
        "Gain On Sale Of Business": -256000.0,
        "Write Off": NaN,
        "Earnings From Equity Interest": 1359000.0,
        "Gain On Sale Of Security": -474000.0,
        "Net Non Operating Interest Income Expense": -5043000.0,
        "Interest Expense Non Operating": 11320000.0,
        "Interest Income Non Operating": 6277000.0,
        "Operating Income": -18712000.0,
        "Operating Expense": 18712000.0,
        "Depreciation Amortization Depletion Income Statement": 580000.0,
        "Depreciation And Amortization In Income Statement": 580000.0,
        "Depreciation Income Statement": 580000.0,
        "Selling General And Administration": 18132000.0,
        "General And Administrative Expense": 18132000.0,
        "Other Gand A": 7533000.0,
        "Salaries And Wages": 10599000.0,
        "Total Revenue": 0.0,
        "Operating Revenue": 0.0
    },
    "2024-12-31": {
        "Tax Effect Of Unusual Items": 35296.04736,
        "Tax Rate For Calcs": 0.015,
        "Normalized EBITDA": -57367000.0,
        "Total Unusual Items": 2353000.0,
        "Total Unusual Items Excluding Goodwill": 2353000.0,
        "Net Income From Continuing Operation Net Minority Interest": -66387000.0,
        "Reconciled Depreciation": 592000.0,
        "EBITDA": -55014000.0,
        "EBIT": -55606000.0,
        "Net Interest Income": -5771000.0,
        "Interest Expense": 11792000.0,
        "Interest Income": 6021000.0,
        "Normalized Income": -68704703.95264,
        "Net Income From Continuing And Discontinued Operation": -66387000.0,
        "Total Expenses": 24416000.0,
        "Diluted Average Shares": NaN,
        "Basic Average Shares": NaN,
        "Diluted EPS": NaN,
        "Basic EPS": NaN,
        "Diluted NI Availto Com Stockholders": -66387000.0,
        "Average Dilution Earnings": NaN,
        "Net Income Common Stockholders": -66387000.0,
        "Net Income": -66387000.0,
        "Minority Interests": 0.0,
        "Net Income Including Noncontrolling Interests": -66387000.0,
        "Net Income Continuous Operations": -66387000.0,
        "Tax Provision": -1011000.0,
        "Pretax Income": -67398000.0,
        "Other Income Expense": -37211000.0,
        "Other Non Operating Income Expenses": -27924000.0,
        "Special Income Charges": -12000.0,
        "Gain On Sale Of Ppe": NaN,
        "Gain On Sale Of Business": -12000.0,
        "Write Off": NaN,
        "Earnings From Equity Interest": -11640000.0,
        "Gain On Sale Of Security": 2365000.0,
        "Net Non Operating Interest Income Expense": -5771000.0,
        "Interest Expense Non Operating": 11792000.0,
        "Interest Income Non Operating": 6021000.0,
        "Operating Income": -24416000.0,
        "Operating Expense": 24416000.0,
        "Depreciation Amortization Depletion Income Statement": 592000.0,
        "Depreciation And Amortization In Income Statement": 592000.0,
        "Depreciation Income Statement": 592000.0,
        "Selling General And Administration": 23824000.0,
        "General And Administrative Expense": 23824000.0,
        "Other Gand A": 8511000.0,
        "Salaries And Wages": 15313000.0,
        "Total Revenue": 0.0,
        "Operating Revenue": 0.0
    },
    "2025-03-31": {
        "Tax Effect Of Unusual Items": -13357650.0,
        "Tax Rate For Calcs": 0.15,
        "Normalized EBITDA": 60956000.0,
        "Total Unusual Items": -89051000.0,
        "Total Unusual Items Excluding Goodwill": -89051000.0,
        "Net Income From Continuing Operation Net Minority Interest": -50935000.0,
        "Reconciled Depreciation": 549000.0,
        "EBITDA": -28095000.0,
        "EBIT": -28644000.0,
        "Net Interest Income": -7555000.0,
        "Interest Expense": 11640000.0,
        "Interest Income": 4085000.0,
        "Normalized Income": 24758350.0,
        "Net Income From Continuing And Discontinued Operation": -50935000.0,
        "Total Expenses": 16257000.0,
        "Diluted Average Shares": 569091848.0,
        "Basic Average Shares": 569091848.0,
        "Diluted EPS": -0.09,
        "Basic EPS": -0.09,
        "Diluted NI Availto Com Stockholders": -50935000.0,
        "Average Dilution Earnings": NaN,
        "Net Income Common Stockholders": -50935000.0,
        "Net Income": -50935000.0,
        "Minority Interests": NaN,
        "Net Income Including Noncontrolling Interests": -50935000.0,
        "Net Income Continuous Operations": -50935000.0,
        "Tax Provision": 10651000.0,
        "Pretax Income": -40284000.0,
        "Other Income Expense": -16472000.0,
        "Other Non Operating Income Expenses": 70918000.0,
        "Special Income Charges": -88965000.0,
        "Gain On Sale Of Ppe": NaN,
        "Gain On Sale Of Business": -7956000.0,
        "Write Off": 81009000.0,
        "Earnings From Equity Interest": 1661000.0,
        "Gain On Sale Of Security": -86000.0,
        "Net Non Operating Interest Income Expense": -7555000.0,
        "Interest Expense Non Operating": 11640000.0,
        "Interest Income Non Operating": 4085000.0,
        "Operating Income": -16257000.0,
        "Operating Expense": 16257000.0,
        "Depreciation Amortization Depletion Income Statement": 549000.0,
        "Depreciation And Amortization In Income Statement": 549000.0,
        "Depreciation Income Statement": 549000.0,
        "Selling General And Administration": 15708000.0,
        "General And Administrative Expense": 15708000.0,
        "Other Gand A": 8833000.0,
        "Salaries And Wages": 6875000.0,
        "Total Revenue": 0.0,
        "Operating Revenue": 0.0
    },
    "2025-06-30": {
        "Tax Effect Of Unusual Items": -747750.0,
        "Tax Rate For Calcs": 0.15,
        "Normalized EBITDA": -67146000.0,
        "Total Unusual Items": -4985000.0,
        "Total Unusual Items Excluding Goodwill": -4985000.0,
        "Net Income From Continuing Operation Net Minority Interest": -86693000.0,
        "Reconciled Depreciation": 530000.0,
        "EBITDA": -72131000.0,
        "EBIT": -72661000.0,
        "Net Interest Income": -8219000.0,
        "Interest Expense": 11724000.0,
        "Interest Income": 3505000.0,
        "Normalized Income": -82455750.0,
        "Net Income From Continuing And Discontinued Operation": -86693000.0,
        "Total Expenses": 14948000.0,
        "Diluted Average Shares": 570022148.0,
        "Basic Average Shares": 570022148.0,
        "Diluted EPS": -0.14,
        "Basic EPS": -0.14,
        "Diluted NI Availto Com Stockholders": -86693000.0,
        "Average Dilution Earnings": NaN,
        "Net Income Common Stockholders": -86693000.0,
        "Net Income": -86693000.0,
        "Minority Interests": NaN,
        "Net Income Including Noncontrolling Interests": -86693000.0,
        "Net Income Continuous Operations": -86693000.0,
        "Tax Provision": 2308000.0,
        "Pretax Income": -84385000.0,
        "Other Income Expense": -61218000.0,
        "Other Non Operating Income Expenses": -55661000.0,
        "Special Income Charges": -4000.0,
        "Gain On Sale Of Ppe": NaN,
        "Gain On Sale Of Business": -4000.0,
        "Write Off": 0.0,
        "Earnings From Equity Interest": -572000.0,
        "Gain On Sale Of Security": -4981000.0,
        "Net Non Operating Interest Income Expense": -8219000.0,
        "Interest Expense Non Operating": 11724000.0,
        "Interest Income Non Operating": 3505000.0,
        "Operating Income": -14948000.0,
        "Operating Expense": 14948000.0,
        "Depreciation Amortization Depletion Income Statement": 530000.0,
        "Depreciation And Amortization In Income Statement": 530000.0,
        "Depreciation Income Statement": 530000.0,
        "Selling General And Administration": 14418000.0,
        "General And Administrative Expense": 14418000.0,
        "Other Gand A": 8119000.0,
        "Salaries And Wages": 6299000.0,
        "Total Revenue": 0.0,
        "Operating Revenue": 0.0
    }
}