{
    "2023-03-31": {
        "Tax Effect Of Unusual Items": NaN,
        "Tax Rate For Calcs": NaN,
        "Normalized EBITDA": NaN,
        "Total Unusual Items": NaN,
        "Total Unusual Items Excluding Goodwill": NaN,
        "Net Income From Continuing Operation Net Minority Interest": NaN,
        "Reconciled Depreciation": NaN,
        "Reconciled Cost Of Revenue": NaN,
        "EBITDA": NaN,
        "EBIT": NaN,
        "Net Interest Income": NaN,
        "Interest Expense": NaN,
        "Interest Income": NaN,
        "Normalized Income": NaN,
        "Net Income From Continuing And Discontinued Operation": NaN,
        "Total Expenses": NaN,
        "Total Operating Income As Reported": NaN,
        "Diluted Average Shares": NaN,
        "Basic Average Shares": NaN,
        "Diluted EPS": NaN,
        "Basic EPS": NaN,
        "Diluted NI Availto Com Stockholders": NaN,
        "Net Income Common Stockholders": NaN,
        "Net Income": NaN,
        "Minority Interests": NaN,
        "Net Income Including Noncontrolling Interests": NaN,
        "Net Income Continuous Operations": NaN,
        "Earnings From Equity Interest Net Of Tax": NaN,
        "Tax Provision": NaN,
        "Pretax Income": NaN,
        "Other Income Expense": NaN,
        "Other Non Operating Income Expenses": 50000.0,
        "Special Income Charges": NaN,
        "Gain On Sale Of Ppe": NaN,
        "Write Off": 0.0,
        "Impairment Of Capital Assets": NaN,
        "Gain On Sale Of Security": NaN,
        "Net Non Operating Interest Income Expense": NaN,
        "Interest Expense Non Operating": NaN,
        "Interest Income Non Operating": NaN,
        "Operating Income": NaN,
        "Operating Expense": NaN,
        "Depreciation Amortization Depletion Income Statement": NaN,
        "Depreciation And Amortization In Income Statement": NaN,
        "Selling General And Administration": NaN,
        "General And Administrative Expense": NaN,
        "Other Gand A": NaN,
        "Salaries And Wages": NaN,
        "Gross Profit": NaN,
        "Cost Of Revenue": NaN,
        "Total Revenue": NaN,
        "Operating Revenue": NaN
    },
    "2022-12-31": {
        "Tax Effect Of Unusual Items": NaN,
        "Tax Rate For Calcs": NaN,
        "Normalized EBITDA": NaN,
        "Total Unusual Items": NaN,
        "Total Unusual Items Excluding Goodwill": NaN,
        "Net Income From Continuing Operation Net Minority Interest": NaN,
        "Reconciled Depreciation": NaN,
        "Reconciled Cost Of Revenue": NaN,
        "EBITDA": NaN,
        "EBIT": NaN,
        "Net Interest Income": NaN,
        "Interest Expense": NaN,
        "Interest Income": NaN,
        "Normalized Income": NaN,
        "Net Income From Continuing And Discontinued Operation": NaN,
        "Total Expenses": NaN,
        "Total Operating Income As Reported": NaN,
        "Diluted Average Shares": NaN,
        "Basic Average Shares": NaN,
        "Diluted EPS": NaN,
        "Basic EPS": NaN,
        "Diluted NI Availto Com Stockholders": NaN,
        "Net Income Common Stockholders": NaN,
        "Net Income": NaN,
        "Minority Interests": NaN,
        "Net Income Including Noncontrolling Interests": NaN,
        "Net Income Continuous Operations": NaN,
        "Earnings From Equity Interest Net Of Tax": NaN,
        "Tax Provision": NaN,
        "Pretax Income": NaN,
        "Other Income Expense": NaN,
        "Other Non Operating Income Expenses": NaN,
        "Special Income Charges": 0.0,
        "Gain On Sale Of Ppe": NaN,
        "Write Off": NaN,
        "Impairment Of Capital Assets": NaN,
        "Gain On Sale Of Security": NaN,
        "Net Non Operating Interest Income Expense": NaN,
        "Interest Expense Non Operating": NaN,
        "Interest Income Non Operating": NaN,
        "Operating Income": NaN,
        "Operating Expense": NaN,
        "Depreciation Amortization Depletion Income Statement": NaN,
        "Depreciation And Amortization In Income Statement": NaN,
        "Selling General And Administration": NaN,
        "General And Administrative Expense": NaN,
        "Other Gand A": NaN,
        "Salaries And Wages": NaN,
        "Gross Profit": NaN,
        "Cost Of Revenue": NaN,
        "Total Revenue": NaN,
        "Operating Revenue": NaN
    },
    "2022-09-30": {
        "Tax Effect Of Unusual Items": NaN,
        "Tax Rate For Calcs": NaN,
        "Normalized EBITDA": NaN,
        "Total Unusual Items": NaN,
        "Total Unusual Items Excluding Goodwill": NaN,
        "Net Income From Continuing Operation Net Minority Interest": NaN,
        "Reconciled Depreciation": NaN,
        "Reconciled Cost Of Revenue": NaN,
        "EBITDA": NaN,
        "EBIT": NaN,
        "Net Interest Income": NaN,
        "Interest Expense": NaN,
        "Interest Income": NaN,
        "Normalized Income": NaN,
        "Net Income From Continuing And Discontinued Operation": NaN,
        "Total Expenses": NaN,
        "Total Operating Income As Reported": NaN,
        "Diluted Average Shares": 9469509.0,
        "Basic Average Shares": 9469509.0,
        "Diluted EPS": -0.6,
        "Basic EPS": -0.6,
        "Diluted NI Availto Com Stockholders": NaN,
        "Net Income Common Stockholders": NaN,
        "Net Income": NaN,
        "Minority Interests": 0.0,
        "Net Income Including Noncontrolling Interests": NaN,
        "Net Income Continuous Operations": NaN,
        "Earnings From Equity Interest Net Of Tax": NaN,
        "Tax Provision": NaN,
        "Pretax Income": NaN,
        "Other Income Expense": NaN,
        "Other Non Operating Income Expenses": NaN,
        "Special Income Charges": 0.0,
        "Write Off": NaN,
        "Gain On Sale Of Security": NaN,
        "Net Non Operating Interest Income Expense": NaN,
        "Interest Expense Non Operating": NaN,
        "Interest Income Non Operating": NaN,
        "Operating Income": NaN,
        "Operating Expense": NaN,
        "Depreciation Amortization Depletion Income Statement": NaN,
        "Depreciation And Amortization In Income Statement": NaN,
        "Selling General And Administration": NaN,
        "General And Administrative Expense": NaN,
        "Other Gand A": NaN,
        "Salaries And Wages": NaN,
        "Gross Profit": NaN,
        "Cost Of Revenue": NaN,
        "Total Revenue": NaN,
        "Operating Revenue": NaN
    },
    "2022-06-30": {
        "Tax Effect Of Unusual Items": 0.0,
        "Tax Rate For Calcs": 0.0,
        "Normalized EBITDA": -1416637.0,
        "Total Unusual Items": -123547.0,
        "Total Unusual Items Excluding Goodwill": -123547.0,
        "Net Income From Continuing Operation Net Minority Interest": -1655861.0,
        "Reconciled Depreciation": 103193.0,
        "Reconciled Cost Of Revenue": 2312893.0,
        "EBITDA": -1540184.0,
        "EBIT": -1652180.0,
        "Net Interest Income": 935.0,
        "Interest Expense": 3681.0,
        "Interest Income": 4616.0,
        "Normalized Income": -1532314.0,
        "Net Income From Continuing And Discontinued Operation": -1655861.0,
        "Total Expenses": 4404728.0,
        "Total Operating Income As Reported": -1533249.0,
        "Diluted Average Shares": 9293096.0,
        "Basic Average Shares": 9293096.0,
        "Diluted EPS": -0.18,
        "Basic EPS": -0.18,
        "Diluted NI Availto Com Stockholders": -1655861.0,
        "Net Income Common Stockholders": -1655861.0,
        "Net Income": -1655861.0,
        "Net Income Including Noncontrolling Interests": -1655861.0,
        "Net Income Continuous Operations": -1655861.0,
        "Earnings From Equity Interest Net Of Tax": NaN,
        "Tax Provision": 0.0,
        "Pretax Income": -1655861.0,
        "Other Income Expense": -123547.0,
        "Other Non Operating Income Expenses": NaN,
        "Special Income Charges": 0.0,
        "Gain On Sale Of Security": -123547.0,
        "Net Non Operating Interest Income Expense": 935.0,
        "Interest Expense Non Operating": 3681.0,
        "Interest Income Non Operating": 4616.0,
        "Operating Income": -1533249.0,
        "Operating Expense": 2100638.0,
        "Depreciation Amortization Depletion Income Statement": 111996.0,
        "Depreciation And Amortization In Income Statement": 111996.0,
        "Selling General And Administration": 1988642.0,
        "General And Administrative Expense": 1988642.0,
        "Other Gand A": 1317845.0,
        "Salaries And Wages": 670797.0,
        "Gross Profit": 567389.0,
        "Cost Of Revenue": 2304090.0,
        "Total Revenue": 2871479.0,
        "Operating Revenue": 2871479.0
    },
    "2022-03-31": {
        "Diluted EPS": -0.09,
        "Total Revenue": 4,
        "Gross Profit": 1,
        "Operating Income": -1,
        "EBIT": -1,
        "Net Income": -1
    },
    "2021-12-31": {
        "Diluted EPS": -0.53,
        "Total Revenue": 2,
        "Gross Profit": 0,
        "Operating Income": -4,
        "EBIT": -3,
        "Net Income": -4
    },
    "2021-09-30": {
        "Diluted EPS": -0.37,
        "Total Revenue": 2,
        "Gross Profit": 0,
        "Operating Income": -2,
        "EBIT": -2,
        "Net Income": -2
    },
    "2021-06-30": {
        "Diluted EPS": -0.26,
        "Total Revenue": 2,
        "Gross Profit": 1,
        "Operating Income": -1,
        "EBIT": 0,
        "Net Income": -1
    },
    "2021-03-31": {
        "Diluted EPS": -0.82,
        "Total Revenue": 1,
        "Gross Profit": 0,
        "Operating Income": 0,
        "EBIT": 0,
        "Net Income": -1
    },
    "2020-12-31": {
        "Diluted EPS": -113.41,
        "Total Revenue": 2,
        "Gross Profit": 0,
        "Operating Income": -1,
        "EBIT": -1,
        "Net Income": -1
    },
    "2020-09-30": {
        "Diluted EPS": -7.12,
        "Total Revenue": 1,
        "Gross Profit": 0,
        "Operating Income": 0,
        "EBIT": 0,
        "Net Income": -1
    },
    "2020-06-30": {
        "Diluted EPS": 0.63,
        "Total Revenue": 1,
        "Gross Profit": 0,
        "Operating Income": 0,
        "EBIT": 0,
        "Net Income": 0
    },
    "2020-03-31": {
        "Diluted EPS": -12.15,
        "Total Revenue": 1,
        "Gross Profit": 0,
        "Operating Income": 0,
        "EBIT": 0,
        "Net Income": 0
    },
    "2019-12-31": {
        "Diluted EPS": -14.35,
        "Total Revenue": 1,
        "Gross Profit": 0,
        "Operating Income": 0,
        "EBIT": 0,
        "Net Income": 0
    },
    "2019-09-30": {
        "Diluted EPS": -12.55,
        "Total Revenue": 2,
        "Gross Profit": 0,
        "Operating Income": 0,
        "EBIT": 0,
        "Net Income": 0
    },
    "2019-06-30": {
        "Diluted EPS": -18.75,
        "Total Revenue": 1,
        "Gross Profit": 0,
        "Operating Income": 0,
        "EBIT": 0,
        "Net Income": 0
    },
    "2019-03-31": {
        "Diluted EPS": -19.35,
        "Total Revenue": 1,
        "Gross Profit": 0,
        "Operating Income": 0,
        "EBIT": 0,
        "Net Income": 0
    },
    "2018-12-31": {
        "Diluted EPS": -47.96,
        "Total Revenue": 1,
        "Gross Profit": 0,
        "Operating Income": -1,
        "EBIT": -1,
        "Net Income": -1
    },
    "2018-09-30": {
        "Diluted EPS": -26.0,
        "Total Revenue": 1,
        "Gross Profit": 0,
        "Operating Income": 0,
        "EBIT": 0,
        "Net Income": 0
    },
    "2018-06-30": {
        "Diluted EPS": -10.5,
        "Total Revenue": 2,
        "Gross Profit": 0,
        "Operating Income": 0,
        "EBIT": 0,
        "Net Income": 0
    },
    "2018-03-31": {
        "Diluted EPS": -11.24,
        "Total Revenue": 2,
        "Gross Profit": 0,
        "Operating Income": 0,
        "EBIT": 0,
        "Net Income": 0
    },
    "2017-12-31": {
        "Diluted EPS": -7.5,
        "Total Revenue": 1,
        "Gross Profit": 0,
        "Operating Income": 0,
        "EBIT": 0,
        "Net Income": 0
    },
    "2017-09-30": {
        "Diluted EPS": -38.23,
        "Total Revenue": 2,
        "Gross Profit": 0,
        "Operating Income": 0,
        "EBIT": 0,
        "Net Income": 0
    },
    "2017-06-30": {
        "Diluted EPS": -523.24,
        "Total Revenue": 2,
        "Gross Profit": 0,
        "Operating Income": -1,
        "EBIT": -1,
        "Net Income": -3
    },
    "2017-03-31": {
        "Diluted EPS": -38.23,
        "Total Revenue": 1,
        "Gross Profit": 0,
        "Operating Income": 0,
        "EBIT": 0,
        "Net Income": 0
    },
    "2016-12-31": {
        "Diluted EPS": -288.17,
        "Total Revenue": 1,
        "Gross Profit": 0,
        "Operating Income": 0,
        "EBIT": 0,
        "Net Income": -1
    },
    "2016-09-30": {
        "Diluted EPS": -113.58,
        "Total Revenue": 1,
        "Gross Profit": 0,
        "Operating Income": 0,
        "EBIT": 0,
        "Net Income": 0
    },
    "2016-06-30": {
        "Diluted EPS": -454.32,
        "Total Revenue": 1,
        "Gross Profit": 0,
        "Operating Income": -1,
        "EBIT": 0,
        "Net Income": -1
    },
    "2016-03-31": {
        "Diluted EPS": 0.0,
        "Total Revenue": 1,
        "Gross Profit": 0,
        "Operating Income": 0,
        "EBIT": 0,
        "Net Income": 0
    },
    "2015-12-31": {
        "Diluted EPS": NaN,
        "Total Revenue": 1,
        "Gross Profit": 0,
        "Operating Income": -1,
        "EBIT": -1,
        "Net Income": -1
    },
    "2015-09-30": {
        "Diluted EPS": -340.74,
        "Total Revenue": 1,
        "Gross Profit": 0,
        "Operating Income": 0,
        "EBIT": 0,
        "Net Income": 0
    },
    "2015-06-30": {
        "Diluted EPS": -227.16,
        "Total Revenue": 1,
        "Gross Profit": 0,
        "Operating Income": 0,
        "EBIT": 0,
        "Net Income": 0
    },
    "2015-03-31": {
        "Diluted EPS": -795.06,
        "Total Revenue": 1,
        "Gross Profit": 0,
        "Operating Income": 0,
        "EBIT": 0,
        "Net Income": 0
    },
    "2014-12-31": {
        "Diluted EPS": 227.16,
        "Total Revenue": 1,
        "Gross Profit": 0,
        "Operating Income": 0,
        "EBIT": 0,
        "Net Income": 0
    },
    "2014-09-30": {
        "Diluted EPS": 0.0,
        "Total Revenue": 1,
        "Gross Profit": 0,
        "Operating Income": 0,
        "EBIT": 0,
        "Net Income": 0
    },
    "2014-06-30": {
        "Diluted EPS": -227.16,
        "Total Revenue": 1,
        "Gross Profit": 0,
        "Operating Income": 0,
        "EBIT": 0,
        "Net Income": 0
    },
    "2014-03-31": {
        "Diluted EPS": 0.0,
        "Total Revenue": 1,
        "Gross Profit": 0,
        "Operating Income": 0,
        "EBIT": 0,
        "Net Income": 0
    },
    "2013-12-31": {
        "Diluted EPS": NaN,
        "Total Revenue": NaN,
        "Gross Profit": NaN,
        "Operating Income": 0,
        "EBIT": 0,
        "Net Income": 1
    },
    "2013-09-30": {
        "Diluted EPS": NaN,
        "Total Revenue": NaN,
        "Gross Profit": NaN,
        "Operating Income": 0,
        "EBIT": 0,
        "Net Income": 0
    },
    "2013-06-30": {
        "Diluted EPS": NaN,
        "Total Revenue": NaN,
        "Gross Profit": NaN,
        "Operating Income": 0,
        "EBIT": 0,
        "Net Income": 0
    },
    "2013-03-31": {
        "Diluted EPS": NaN,
        "Total Revenue": NaN,
        "Gross Profit": NaN,
        "Operating Income": 0,
        "EBIT": 0,
        "Net Income": 0
    },
    "2012-12-31": {
        "Diluted EPS": 0.0,
        "Total Revenue": NaN,
        "Gross Profit": NaN,
        "Operating Income": 0,
        "EBIT": 0,
        "Net Income": 0
    },
    "2012-09-30": {
        "Diluted EPS": 0.0,
        "Total Revenue": NaN,
        "Gross Profit": NaN,
        "Operating Income": 0,
        "EBIT": 0,
        "Net Income": 0
    },
    "2012-06-30": {
        "Diluted EPS": 0.0,
        "Total Revenue": NaN,
        "Gross Profit": NaN,
        "Operating Income": 0,
        "EBIT": 0,
        "Net Income": 0
    },
    "2012-03-31": {
        "Diluted EPS": -0.02,
        "Total Revenue": NaN,
        "Gross Profit": NaN,
        "Operating Income": -4,
        "EBIT": -4,
        "Net Income": -4
    },
    "2011-12-31": {
        "Diluted EPS": 0.0,
        "Total Revenue": NaN,
        "Gross Profit": NaN,
        "Operating Income": NaN,
        "EBIT": NaN,
        "Net Income": NaN
    },
    "2023-06-30": {
        "Tax Effect Of Unusual Items": NaN,
        "Tax Rate For Calcs": NaN,
        "Normalized EBITDA": NaN,
        "Total Unusual Items": NaN,
        "Total Unusual Items Excluding Goodwill": NaN,
        "Net Income From Continuing Operation Net Minority Interest": NaN,
        "Reconciled Depreciation": NaN,
        "Reconciled Cost Of Revenue": NaN,
        "EBITDA": NaN,
        "EBIT": NaN,
        "Net Interest Income": NaN,
        "Interest Expense": NaN,
        "Interest Income": NaN,
        "Normalized Income": NaN,
        "Net Income From Continuing And Discontinued Operation": NaN,
        "Total Expenses": NaN,
        "Total Operating Income As Reported": NaN,
        "Diluted Average Shares": 18072000.0,
        "Basic Average Shares": 18072000.0,
        "Diluted EPS": -0.24,
        "Basic EPS": -0.24,
        "Diluted NI Availto Com Stockholders": NaN,
        "Net Income Common Stockholders": NaN,
        "Net Income": NaN,
        "Minority Interests": NaN,
        "Net Income Including Noncontrolling Interests": NaN,
        "Net Income Continuous Operations": NaN,
        "Earnings From Equity Interest Net Of Tax": NaN,
        "Tax Provision": NaN,
        "Pretax Income": NaN,
        "Other Income Expense": NaN,
        "Other Non Operating Income Expenses": 266000.0,
        "Special Income Charges": NaN,
        "Gain On Sale Of Ppe": 0.0,
        "Write Off": NaN,
        "Impairment Of Capital Assets": 0.0,
        "Gain On Sale Of Security": NaN,
        "Net Non Operating Interest Income Expense": NaN,
        "Interest Expense Non Operating": NaN,
        "Interest Income Non Operating": NaN,
        "Operating Income": NaN,
        "Operating Expense": NaN,
        "Depreciation Amortization Depletion Income Statement": NaN,
        "Depreciation And Amortization In Income Statement": NaN,
        "Selling General And Administration": NaN,
        "General And Administrative Expense": NaN,
        "Other Gand A": NaN,
        "Salaries And Wages": NaN,
        "Gross Profit": NaN,
        "Cost Of Revenue": NaN,
        "Total Revenue": NaN,
        "Operating Revenue": NaN
    },
    "2023-09-30": {
        "Tax Effect Of Unusual Items": NaN,
        "Tax Rate For Calcs": NaN,
        "Normalized EBITDA": NaN,
        "Total Unusual Items": NaN,
        "Total Unusual Items Excluding Goodwill": NaN,
        "Net Income From Continuing Operation Net Minority Interest": NaN,
        "Reconciled Depreciation": NaN,
        "Reconciled Cost Of Revenue": NaN,
        "EBITDA": NaN,
        "EBIT": NaN,
        "Net Interest Income": NaN,
        "Interest Expense": NaN,
        "Interest Income": NaN,
        "Normalized Income": NaN,
        "Net Income From Continuing And Discontinued Operation": NaN,
        "Total Expenses": NaN,
        "Total Operating Income As Reported": NaN,
        "Diluted Average Shares": 20310000.0,
        "Basic Average Shares": 18703000.0,
        "Diluted EPS": 0.17,
        "Basic EPS": 0.18,
        "Diluted NI Availto Com Stockholders": NaN,
        "Net Income Common Stockholders": NaN,
        "Net Income": NaN,
        "Minority Interests": NaN,
        "Net Income Including Noncontrolling Interests": NaN,
        "Net Income Continuous Operations": NaN,
        "Earnings From Equity Interest Net Of Tax": NaN,
        "Tax Provision": NaN,
        "Pretax Income": NaN,
        "Other Income Expense": NaN,
        "Other Non Operating Income Expenses": NaN,
        "Special Income Charges": NaN,
        "Gain On Sale Of Ppe": 0.0,
        "Write Off": NaN,
        "Impairment Of Capital Assets": 0.0,
        "Gain On Sale Of Security": NaN,
        "Net Non Operating Interest Income Expense": NaN,
        "Interest Expense Non Operating": NaN,
        "Interest Income Non Operating": NaN,
        "Operating Income": NaN,
        "Operating Expense": NaN,
        "Depreciation Amortization Depletion Income Statement": NaN,
        "Depreciation And Amortization In Income Statement": NaN,
        "Amortization": NaN,
        "Amortization Of Intangibles Income Statement": NaN,
        "Depreciation Income Statement": NaN,
        "Selling General And Administration": NaN,
        "General And Administrative Expense": NaN,
        "Other Gand A": NaN,
        "Salaries And Wages": NaN,
        "Gross Profit": NaN,
        "Cost Of Revenue": NaN,
        "Total Revenue": NaN,
        "Operating Revenue": NaN
    },
    "2023-12-31": {
        "Tax Effect Of Unusual Items": NaN,
        "Tax Rate For Calcs": NaN,
        "Normalized EBITDA": NaN,
        "Total Unusual Items": NaN,
        "Total Unusual Items Excluding Goodwill": NaN,
        "Net Income From Continuing Operation Net Minority Interest": NaN,
        "Reconciled Depreciation": NaN,
        "Reconciled Cost Of Revenue": NaN,
        "EBITDA": NaN,
        "EBIT": NaN,
        "Net Interest Income": NaN,
        "Interest Expense": NaN,
        "Interest Income": NaN,
        "Normalized Income": NaN,
        "Net Income From Continuing And Discontinued Operation": NaN,
        "Total Expenses": NaN,
        "Total Operating Income As Reported": NaN,
        "Diluted Average Shares": NaN,
        "Basic Average Shares": NaN,
        "Diluted EPS": NaN,
        "Basic EPS": NaN,
        "Diluted NI Availto Com Stockholders": NaN,
        "Net Income Common Stockholders": NaN,
        "Net Income": NaN,
        "Minority Interests": NaN,
        "Net Income Including Noncontrolling Interests": NaN,
        "Net Income Continuous Operations": NaN,
        "Earnings From Equity Interest Net Of Tax": 5213586.0,
        "Tax Provision": NaN,
        "Pretax Income": NaN,
        "Other Income Expense": NaN,
        "Other Non Operating Income Expenses": 1155.0,
        "Special Income Charges": NaN,
        "Gain On Sale Of Ppe": NaN,
        "Write Off": NaN,
        "Impairment Of Capital Assets": NaN,
        "Gain On Sale Of Security": NaN,
        "Net Non Operating Interest Income Expense": NaN,
        "Interest Expense Non Operating": NaN,
        "Interest Income Non Operating": NaN,
        "Operating Income": NaN,
        "Operating Expense": NaN,
        "Depreciation Amortization Depletion Income Statement": NaN,
        "Depreciation And Amortization In Income Statement": NaN,
        "Amortization": NaN,
        "Amortization Of Intangibles Income Statement": NaN,
        "Depreciation Income Statement": NaN,
        "Selling General And Administration": NaN,
        "General And Administrative Expense": NaN,
        "Other Gand A": NaN,
        "Salaries And Wages": NaN,
        "Gross Profit": NaN,
        "Cost Of Revenue": NaN,
        "Total Revenue": NaN,
        "Operating Revenue": NaN
    },
    "2024-03-31": {
        "Tax Effect Of Unusual Items": -33180.0,
        "Tax Rate For Calcs": 0.21,
        "Normalized EBITDA": -460000.0,
        "Total Unusual Items": -158000.0,
        "Total Unusual Items Excluding Goodwill": -158000.0,
        "Net Income From Continuing Operation Net Minority Interest": -1481000.0,
        "Reconciled Depreciation": 1035000.0,
        "Reconciled Cost Of Revenue": 12501000.0,
        "EBITDA": -618000.0,
        "EBIT": -1653000.0,
        "Net Interest Income": 194000.0,
        "Interest Expense": 21000.0,
        "Interest Income": 215000.0,
        "Normalized Income": -1356180.0,
        "Net Income From Continuing And Discontinued Operation": -1481000.0,
        "Total Expenses": 19203000.0,
        "Total Operating Income As Reported": -1842000.0,
        "Diluted Average Shares": 18725000.0,
        "Basic Average Shares": 18725000.0,
        "Diluted EPS": -0.08,
        "Basic EPS": -0.08,
        "Diluted NI Availto Com Stockholders": -1481000.0,
        "Net Income Common Stockholders": -1481000.0,
        "Net Income": -1481000.0,
        "Minority Interests": 220000.0,
        "Net Income Including Noncontrolling Interests": -1701000.0,
        "Net Income Continuous Operations": -1701000.0,
        "Earnings From Equity Interest Net Of Tax": 0.0,
        "Tax Provision": 27000.0,
        "Pretax Income": -1674000.0,
        "Other Income Expense": -158000.0,
        "Other Non Operating Income Expenses": NaN,
        "Special Income Charges": -132000.0,
        "Gain On Sale Of Ppe": NaN,
        "Write Off": 132000.0,
        "Impairment Of Capital Assets": NaN,
        "Gain On Sale Of Security": -26000.0,
        "Net Non Operating Interest Income Expense": 194000.0,
        "Interest Expense Non Operating": 21000.0,
        "Interest Income Non Operating": 215000.0,
        "Operating Income": -1710000.0,
        "Operating Expense": 6573000.0,
        "Depreciation Amortization Depletion Income Statement": 906000.0,
        "Depreciation And Amortization In Income Statement": 906000.0,
        "Amortization": 698000.0,
        "Amortization Of Intangibles Income Statement": 698000.0,
        "Depreciation Income Statement": 208000.0,
        "Selling General And Administration": 5667000.0,
        "General And Administrative Expense": 5667000.0,
        "Other Gand A": 2357000.0,
        "Salaries And Wages": 3310000.0,
        "Gross Profit": 4863000.0,
        "Cost Of Revenue": 12630000.0,
        "Total Revenue": 17493000.0,
        "Operating Revenue": 17493000.0
    },
    "2024-06-30": {
        "Tax Effect Of Unusual Items": -2057370.0,
        "Tax Rate For Calcs": 0.21,
        "Normalized EBITDA": 112000.0,
        "Total Unusual Items": -9797000.0,
        "Total Unusual Items Excluding Goodwill": -9797000.0,
        "Net Income From Continuing Operation Net Minority Interest": -5311000.0,
        "Reconciled Depreciation": 1019000.0,
        "Reconciled Cost Of Revenue": 11067000.0,
        "EBITDA": -9685000.0,
        "EBIT": -10704000.0,
        "Net Interest Income": 178000.0,
        "Interest Expense": 19000.0,
        "Interest Income": 197000.0,
        "Normalized Income": 2428630.0,
        "Net Income From Continuing And Discontinued Operation": -5311000.0,
        "Total Expenses": 18093000.0,
        "Total Operating Income As Reported": -10896000.0,
        "Diluted Average Shares": 18824000.0,
        "Basic Average Shares": 18824000.0,
        "Diluted EPS": -0.28,
        "Basic EPS": -0.28,
        "Diluted NI Availto Com Stockholders": -5311000.0,
        "Net Income Common Stockholders": -5311000.0,
        "Net Income": -5311000.0,
        "Minority Interests": 5432000.0,
        "Net Income Including Noncontrolling Interests": -10743000.0,
        "Net Income Continuous Operations": -10743000.0,
        "Earnings From Equity Interest Net Of Tax": 0.0,
        "Tax Provision": 20000.0,
        "Pretax Income": -10723000.0,
        "Other Income Expense": -9797000.0,
        "Other Non Operating Income Expenses": NaN,
        "Special Income Charges": -9792000.0,
        "Gain On Sale Of Ppe": 0.0,
        "Write Off": NaN,
        "Impairment Of Capital Assets": 9792000.0,
        "Gain On Sale Of Security": -5000.0,
        "Net Non Operating Interest Income Expense": 178000.0,
        "Interest Expense Non Operating": 19000.0,
        "Interest Income Non Operating": 197000.0,
        "Operating Income": -1104000.0,
        "Operating Expense": 6910000.0,
        "Depreciation Amortization Depletion Income Statement": 903000.0,
        "Depreciation And Amortization In Income Statement": 903000.0,
        "Amortization": NaN,
        "Amortization Of Intangibles Income Statement": NaN,
        "Depreciation Income Statement": NaN,
        "Selling General And Administration": 6007000.0,
        "General And Administrative Expense": 6007000.0,
        "Other Gand A": 3222000.0,
        "Salaries And Wages": 2785000.0,
        "Gross Profit": 5806000.0,
        "Cost Of Revenue": 11183000.0,
        "Total Revenue": 16989000.0,
        "Operating Revenue": 16989000.0
    },
    "2024-09-30": {
        "Tax Effect Of Unusual Items": -737520.0,
        "Tax Rate For Calcs": 0.21,
        "Normalized EBITDA": -3607000.0,
        "Total Unusual Items": -3512000.0,
        "Total Unusual Items Excluding Goodwill": -3512000.0,
        "Net Income From Continuing Operation Net Minority Interest": -4216000.0,
        "Reconciled Depreciation": 474000.0,
        "Reconciled Cost Of Revenue": 11851000.0,
        "EBITDA": -7119000.0,
        "EBIT": -7597000.0,
        "Net Interest Income": 161000.0,
        "Interest Expense": 22000.0,
        "Interest Income": 183000.0,
        "Normalized Income": -1441520.0,
        "Net Income From Continuing And Discontinued Operation": -4216000.0,
        "Total Expenses": 19637000.0,
        "Total Operating Income As Reported": -7999000.0,
        "Diluted Average Shares": 18982000.0,
        "Basic Average Shares": 18982000.0,
        "Diluted EPS": -0.22,
        "Basic EPS": -0.22,
        "Diluted NI Availto Com Stockholders": -4216000.0,
        "Net Income Common Stockholders": -4216000.0,
        "Net Income": -4216000.0,
        "Minority Interests": 3448000.0,
        "Net Income Including Noncontrolling Interests": -7664000.0,
        "Net Income Continuous Operations": -7664000.0,
        "Earnings From Equity Interest Net Of Tax": 0.0,
        "Tax Provision": 45000.0,
        "Pretax Income": -7619000.0,
        "Other Income Expense": -3510000.0,
        "Other Non Operating Income Expenses": 2000.0,
        "Special Income Charges": -3631000.0,
        "Gain On Sale Of Ppe": 98000.0,
        "Write Off": NaN,
        "Impairment Of Capital Assets": 3729000.0,
        "Gain On Sale Of Security": 119000.0,
        "Net Non Operating Interest Income Expense": 161000.0,
        "Interest Expense Non Operating": 22000.0,
        "Interest Income Non Operating": 183000.0,
        "Operating Income": -4270000.0,
        "Operating Expense": 7790000.0,
        "Depreciation Amortization Depletion Income Statement": 478000.0,
        "Depreciation And Amortization In Income Statement": 478000.0,
        "Amortization": NaN,
        "Amortization Of Intangibles Income Statement": NaN,
        "Depreciation Income Statement": NaN,
        "Selling General And Administration": 7312000.0,
        "General And Administrative Expense": 7312000.0,
        "Other Gand A": 4437000.0,
        "Salaries And Wages": 2875000.0,
        "Gross Profit": 3520000.0,
        "Cost Of Revenue": 11847000.0,
        "Total Revenue": 15367000.0,
        "Operating Revenue": 15367000.0
    },
    "2024-12-31": {
        "Tax Effect Of Unusual Items": -1845.62212,
        "Tax Rate For Calcs": 0.006912,
        "Normalized EBITDA": -2458000.0,
        "Total Unusual Items": -267000.0,
        "Total Unusual Items Excluding Goodwill": -267000.0,
        "Net Income From Continuing Operation Net Minority Interest": -3017000.0,
        "Reconciled Depreciation": 294000.0,
        "Reconciled Cost Of Revenue": 13458000.0,
        "EBITDA": -2725000.0,
        "EBIT": -3019000.0,
        "Net Interest Income": 116000.0,
        "Interest Expense": 19000.0,
        "Interest Income": 135000.0,
        "Normalized Income": -2751845.62212,
        "Net Income From Continuing And Discontinued Operation": -3017000.0,
        "Total Expenses": 18521000.0,
        "Total Operating Income As Reported": -2887000.0,
        "Diluted Average Shares": NaN,
        "Basic Average Shares": NaN,
        "Diluted EPS": NaN,
        "Basic EPS": NaN,
        "Diluted NI Availto Com Stockholders": -3017000.0,
        "Net Income Common Stockholders": -3017000.0,
        "Net Income": -3017000.0,
        "Minority Interests": 0.0,
        "Net Income Including Noncontrolling Interests": -3017000.0,
        "Net Income Continuous Operations": -3017000.0,
        "Earnings From Equity Interest Net Of Tax": 0.0,
        "Tax Provision": -21000.0,
        "Pretax Income": -3038000.0,
        "Other Income Expense": -267000.0,
        "Other Non Operating Income Expenses": 0.0,
        "Special Income Charges": -115000.0,
        "Gain On Sale Of Ppe": -4000.0,
        "Write Off": NaN,
        "Impairment Of Capital Assets": 0.0,
        "Gain On Sale Of Security": -152000.0,
        "Net Non Operating Interest Income Expense": 116000.0,
        "Interest Expense Non Operating": 19000.0,
        "Interest Income Non Operating": 135000.0,
        "Operating Income": -2887000.0,
        "Operating Expense": 4980000.0,
        "Depreciation Amortization Depletion Income Statement": 211000.0,
        "Depreciation And Amortization In Income Statement": 211000.0,
        "Amortization": NaN,
        "Amortization Of Intangibles Income Statement": NaN,
        "Depreciation Income Statement": NaN,
        "Selling General And Administration": 4769000.0,
        "General And Administrative Expense": 4769000.0,
        "Other Gand A": 1612000.0,
        "Salaries And Wages": 3157000.0,
        "Gross Profit": 2093000.0,
        "Cost Of Revenue": 13541000.0,
        "Total Revenue": 15634000.0,
        "Operating Revenue": 15634000.0
    },
    "2025-03-31": {
        "Tax Effect Of Unusual Items": 12810.0,
        "Tax Rate For Calcs": 0.21,
        "Normalized EBITDA": -1082000.0,
        "Total Unusual Items": 61000.0,
        "Total Unusual Items Excluding Goodwill": 61000.0,
        "Net Income From Continuing Operation Net Minority Interest": -1343000.0,
        "Reconciled Depreciation": 295000.0,
        "Reconciled Cost Of Revenue": 10963000.0,
        "EBITDA": -1021000.0,
        "EBIT": -1316000.0,
        "Net Interest Income": 90000.0,
        "Interest Expense": 18000.0,
        "Interest Income": 108000.0,
        "Normalized Income": -1391190.0,
        "Net Income From Continuing And Discontinued Operation": -1343000.0,
        "Total Expenses": 16010000.0,
        "Total Operating Income As Reported": -1485000.0,
        "Diluted Average Shares": 25963000.0,
        "Basic Average Shares": 25963000.0,
        "Diluted EPS": -0.05,
        "Basic EPS": -0.05,
        "Diluted NI Availto Com Stockholders": -1343000.0,
        "Net Income Common Stockholders": -1343000.0,
        "Net Income": -1343000.0,
        "Minority Interests": 0.0,
        "Net Income Including Noncontrolling Interests": -1343000.0,
        "Net Income Continuous Operations": -1343000.0,
        "Earnings From Equity Interest Net Of Tax": NaN,
        "Tax Provision": 9000.0,
        "Pretax Income": -1334000.0,
        "Other Income Expense": 61000.0,
        "Other Non Operating Income Expenses": NaN,
        "Special Income Charges": 0.0,
        "Gain On Sale Of Ppe": NaN,
        "Write Off": 0.0,
        "Impairment Of Capital Assets": NaN,
        "Gain On Sale Of Security": 61000.0,
        "Net Non Operating Interest Income Expense": 90000.0,
        "Interest Expense Non Operating": 18000.0,
        "Interest Income Non Operating": 108000.0,
        "Operating Income": -1485000.0,
        "Operating Expense": 4948000.0,
        "Depreciation Amortization Depletion Income Statement": 196000.0,
        "Depreciation And Amortization In Income Statement": 196000.0,
        "Amortization": 26000.0,
        "Amortization Of Intangibles Income Statement": 26000.0,
        "Depreciation Income Statement": 170000.0,
        "Selling General And Administration": 4752000.0,
        "General And Administrative Expense": 4752000.0,
        "Other Gand A": 2037000.0,
        "Salaries And Wages": 2715000.0,
        "Gross Profit": 3463000.0,
        "Cost Of Revenue": 11062000.0,
        "Total Revenue": 14525000.0,
        "Operating Revenue": 14525000.0
    }
}