{
    "2023-06-30": {
        "Tax Effect Of Unusual Items": NaN,
        "Tax Rate For Calcs": NaN,
        "Normalized EBITDA": NaN,
        "Total Unusual Items": NaN,
        "Total Unusual Items Excluding Goodwill": NaN,
        "Net Income From Continuing Operation Net Minority Interest": NaN,
        "Reconciled Depreciation": NaN,
        "Reconciled Cost Of Revenue": NaN,
        "EBITDA": NaN,
        "EBIT": NaN,
        "Net Interest Income": NaN,
        "Interest Expense": NaN,
        "Interest Income": NaN,
        "Normalized Income": NaN,
        "Net Income From Continuing And Discontinued Operation": NaN,
        "Total Expenses": NaN,
        "Total Operating Income As Reported": NaN,
        "Diluted Average Shares": NaN,
        "Basic Average Shares": NaN,
        "Diluted EPS": NaN,
        "Basic EPS": NaN,
        "Diluted NI Availto Com Stockholders": NaN,
        "Average Dilution Earnings": NaN,
        "Net Income Common Stockholders": NaN,
        "Otherunder Preferred Stock Dividend": 0.0,
        "Net Income": NaN,
        "Minority Interests": NaN,
        "Net Income Including Noncontrolling Interests": NaN,
        "Net Income From Tax Loss Carryforward": 0.0,
        "Net Income Continuous Operations": NaN,
        "Tax Provision": NaN,
        "Pretax Income": NaN,
        "Other Income Expense": NaN,
        "Other Non Operating Income Expenses": NaN,
        "Gain On Sale Of Security": NaN,
        "Net Non Operating Interest Income Expense": NaN,
        "Total Other Finance Cost": NaN,
        "Interest Expense Non Operating": NaN,
        "Interest Income Non Operating": NaN,
        "Operating Income": NaN,
        "Operating Expense": NaN,
        "Other Taxes": NaN,
        "Research And Development": NaN,
        "Selling General And Administration": NaN,
        "Gross Profit": NaN,
        "Cost Of Revenue": NaN,
        "Total Revenue": NaN,
        "Operating Revenue": NaN
    },
    "2023-03-31": {
        "Tax Effect Of Unusual Items": NaN,
        "Tax Rate For Calcs": NaN,
        "Normalized EBITDA": NaN,
        "Total Unusual Items": NaN,
        "Total Unusual Items Excluding Goodwill": NaN,
        "Net Income From Continuing Operation Net Minority Interest": NaN,
        "Reconciled Depreciation": NaN,
        "Reconciled Cost Of Revenue": NaN,
        "EBITDA": NaN,
        "EBIT": NaN,
        "Net Interest Income": NaN,
        "Interest Expense": NaN,
        "Interest Income": NaN,
        "Normalized Income": NaN,
        "Net Income From Continuing And Discontinued Operation": NaN,
        "Total Expenses": NaN,
        "Total Operating Income As Reported": NaN,
        "Diluted Average Shares": NaN,
        "Basic Average Shares": NaN,
        "Diluted EPS": NaN,
        "Basic EPS": NaN,
        "Diluted NI Availto Com Stockholders": NaN,
        "Average Dilution Earnings": NaN,
        "Net Income Common Stockholders": NaN,
        "Otherunder Preferred Stock Dividend": NaN,
        "Net Income": NaN,
        "Minority Interests": NaN,
        "Net Income Including Noncontrolling Interests": NaN,
        "Net Income From Tax Loss Carryforward": NaN,
        "Net Income Continuous Operations": NaN,
        "Tax Provision": NaN,
        "Pretax Income": NaN,
        "Other Income Expense": NaN,
        "Other Non Operating Income Expenses": NaN,
        "Gain On Sale Of Security": NaN,
        "Net Non Operating Interest Income Expense": NaN,
        "Total Other Finance Cost": 520000.0,
        "Interest Expense Non Operating": NaN,
        "Interest Income Non Operating": NaN,
        "Operating Income": NaN,
        "Operating Expense": NaN,
        "Other Taxes": NaN,
        "Research And Development": NaN,
        "Selling General And Administration": NaN,
        "Gross Profit": NaN,
        "Cost Of Revenue": NaN,
        "Total Revenue": NaN,
        "Operating Revenue": NaN
    },
    "2022-12-31": {
        "Tax Effect Of Unusual Items": NaN,
        "Tax Rate For Calcs": NaN,
        "Normalized EBITDA": NaN,
        "Net Income From Continuing Operation Net Minority Interest": NaN,
        "Reconciled Depreciation": NaN,
        "Reconciled Cost Of Revenue": NaN,
        "EBITDA": NaN,
        "EBIT": NaN,
        "Net Interest Income": NaN,
        "Interest Expense": NaN,
        "Interest Income": 2366000.0,
        "Normalized Income": NaN,
        "Net Income From Continuing And Discontinued Operation": NaN,
        "Total Expenses": NaN,
        "Total Operating Income As Reported": NaN,
        "Diluted Average Shares": NaN,
        "Basic Average Shares": NaN,
        "Diluted EPS": NaN,
        "Basic EPS": NaN,
        "Diluted NI Availto Com Stockholders": NaN,
        "Net Income Common Stockholders": NaN,
        "Otherunder Preferred Stock Dividend": -42586000.0,
        "Net Income": NaN,
        "Minority Interests": NaN,
        "Net Income Including Noncontrolling Interests": NaN,
        "Net Income From Tax Loss Carryforward": 42586000.0,
        "Net Income Continuous Operations": NaN,
        "Tax Provision": NaN,
        "Pretax Income": NaN,
        "Other Income Expense": NaN,
        "Other Non Operating Income Expenses": NaN,
        "Net Non Operating Interest Income Expense": NaN,
        "Total Other Finance Cost": -2366000.0,
        "Interest Expense Non Operating": NaN,
        "Interest Income Non Operating": 2366000.0,
        "Operating Income": NaN,
        "Operating Expense": NaN,
        "Research And Development": NaN,
        "Selling General And Administration": NaN,
        "Gross Profit": NaN,
        "Cost Of Revenue": NaN,
        "Total Revenue": NaN,
        "Operating Revenue": NaN
    },
    "2022-03-31": {
        "Diluted EPS": 0.0,
        "Total Revenue": NaN,
        "Gross Profit": NaN,
        "Operating Income": NaN,
        "EBIT": NaN,
        "Net Income": NaN
    },
    "2021-12-31": {
        "Diluted EPS": 0.0,
        "Total Revenue": 338,
        "Gross Profit": 34,
        "Operating Income": 17,
        "EBIT": 17,
        "Net Income": 13
    },
    "2021-03-31": {
        "Diluted EPS": 0.0,
        "Total Revenue": NaN,
        "Gross Profit": NaN,
        "Operating Income": NaN,
        "EBIT": NaN,
        "Net Income": NaN
    },
    "2020-03-31": {
        "Diluted EPS": 0.0,
        "Total Revenue": NaN,
        "Gross Profit": NaN,
        "Operating Income": NaN,
        "EBIT": NaN,
        "Net Income": NaN
    },
    "2022-09-30": {
        "Tax Effect Of Unusual Items": NaN,
        "Tax Rate For Calcs": NaN,
        "Normalized EBITDA": NaN,
        "Net Income From Continuing Operation Net Minority Interest": NaN,
        "Reconciled Depreciation": NaN,
        "Reconciled Cost Of Revenue": NaN,
        "EBITDA": NaN,
        "EBIT": NaN,
        "Net Interest Income": NaN,
        "Interest Expense": NaN,
        "Interest Income": NaN,
        "Normalized Income": NaN,
        "Net Income From Continuing And Discontinued Operation": NaN,
        "Total Expenses": NaN,
        "Total Operating Income As Reported": NaN,
        "Diluted Average Shares": NaN,
        "Basic Average Shares": NaN,
        "Diluted EPS": NaN,
        "Basic EPS": NaN,
        "Diluted NI Availto Com Stockholders": NaN,
        "Net Income Common Stockholders": NaN,
        "Otherunder Preferred Stock Dividend": NaN,
        "Net Income": NaN,
        "Minority Interests": NaN,
        "Net Income Including Noncontrolling Interests": NaN,
        "Net Income From Tax Loss Carryforward": -27087000.0,
        "Net Income Continuous Operations": NaN,
        "Tax Provision": NaN,
        "Pretax Income": NaN,
        "Net Non Operating Interest Income Expense": NaN,
        "Total Other Finance Cost": 1309000.0,
        "Interest Expense Non Operating": NaN,
        "Interest Income Non Operating": NaN,
        "Operating Income": NaN,
        "Operating Expense": NaN,
        "Research And Development": NaN,
        "Selling General And Administration": NaN,
        "Gross Profit": NaN,
        "Cost Of Revenue": NaN,
        "Total Revenue": NaN,
        "Operating Revenue": NaN
    },
    "2022-06-30": {
        "Tax Effect Of Unusual Items": 0.0,
        "Tax Rate For Calcs": 0.191083,
        "Normalized EBITDA": 31038000.0,
        "Net Income From Continuing Operation Net Minority Interest": 24130000.0,
        "Reconciled Depreciation": 1269000.0,
        "Reconciled Cost Of Revenue": 353367000.0,
        "EBITDA": 31038000.0,
        "EBIT": 29769000.0,
        "Net Interest Income": 61000.0,
        "Interest Expense": NaN,
        "Interest Income": 61000.0,
        "Normalized Income": 24130000.0,
        "Net Income From Continuing And Discontinued Operation": 24130000.0,
        "Total Expenses": 373461000.0,
        "Total Operating Income As Reported": 29769000.0,
        "Diluted Average Shares": 41879190.0,
        "Basic Average Shares": 41879190.0,
        "Diluted EPS": 0.0,
        "Basic EPS": 0.0,
        "Diluted NI Availto Com Stockholders": 0.0,
        "Net Income Common Stockholders": 0.0,
        "Net Income": 0.0,
        "Minority Interests": 0.0,
        "Net Income Including Noncontrolling Interests": 0.0,
        "Net Income From Tax Loss Carryforward": -24130000.0,
        "Net Income Continuous Operations": 24130000.0,
        "Tax Provision": 5700000.0,
        "Pretax Income": 29830000.0,
        "Net Non Operating Interest Income Expense": 61000.0,
        "Total Other Finance Cost": NaN,
        "Interest Expense Non Operating": NaN,
        "Interest Income Non Operating": 61000.0,
        "Operating Income": 29769000.0,
        "Operating Expense": 20094000.0,
        "Research And Development": 3977000.0,
        "Selling General And Administration": 16117000.0,
        "Gross Profit": 49863000.0,
        "Cost Of Revenue": 353367000.0,
        "Total Revenue": 403230000.0,
        "Operating Revenue": 403230000.0
    },
    "2023-09-30": {
        "Tax Effect Of Unusual Items": NaN,
        "Tax Rate For Calcs": NaN,
        "Normalized EBITDA": NaN,
        "Total Unusual Items": -3000000.0,
        "Total Unusual Items Excluding Goodwill": -3000000.0,
        "Net Income From Continuing Operation Net Minority Interest": NaN,
        "Reconciled Depreciation": NaN,
        "Reconciled Cost Of Revenue": NaN,
        "EBITDA": NaN,
        "EBIT": NaN,
        "Net Interest Income": NaN,
        "Interest Expense": NaN,
        "Interest Income": 3700000.0,
        "Normalized Income": NaN,
        "Net Income From Continuing And Discontinued Operation": NaN,
        "Total Expenses": NaN,
        "Total Operating Income As Reported": NaN,
        "Diluted Average Shares": NaN,
        "Basic Average Shares": NaN,
        "Diluted EPS": NaN,
        "Basic EPS": NaN,
        "Diluted NI Availto Com Stockholders": NaN,
        "Average Dilution Earnings": 42156000.0,
        "Net Income Common Stockholders": NaN,
        "Otherunder Preferred Stock Dividend": 0.0,
        "Net Income": NaN,
        "Minority Interests": NaN,
        "Net Income Including Noncontrolling Interests": NaN,
        "Net Income From Tax Loss Carryforward": 0.0,
        "Net Income Continuous Operations": NaN,
        "Tax Provision": NaN,
        "Pretax Income": NaN,
        "Other Income Expense": NaN,
        "Other Non Operating Income Expenses": NaN,
        "Gain On Sale Of Security": -3000000.0,
        "Net Non Operating Interest Income Expense": NaN,
        "Total Other Finance Cost": 8684000.0,
        "Interest Expense Non Operating": NaN,
        "Interest Income Non Operating": 3700000.0,
        "Operating Income": NaN,
        "Operating Expense": NaN,
        "Other Taxes": 5700000.0,
        "Research And Development": NaN,
        "Selling General And Administration": NaN,
        "Gross Profit": NaN,
        "Cost Of Revenue": NaN,
        "Total Revenue": NaN,
        "Operating Revenue": NaN
    },
    "2023-12-31": {
        "Tax Effect Of Unusual Items": NaN,
        "Tax Rate For Calcs": NaN,
        "Normalized EBITDA": NaN,
        "Total Unusual Items": 5200000.0,
        "Total Unusual Items Excluding Goodwill": 5200000.0,
        "Net Income From Continuing Operation Net Minority Interest": NaN,
        "Reconciled Depreciation": NaN,
        "Reconciled Cost Of Revenue": NaN,
        "EBITDA": NaN,
        "EBIT": NaN,
        "Net Interest Income": NaN,
        "Interest Expense": NaN,
        "Interest Income": 3400000.0,
        "Normalized Income": NaN,
        "Net Income From Continuing And Discontinued Operation": NaN,
        "Total Expenses": NaN,
        "Total Operating Income As Reported": NaN,
        "Diluted Average Shares": NaN,
        "Basic Average Shares": NaN,
        "Diluted EPS": NaN,
        "Basic EPS": NaN,
        "Diluted NI Availto Com Stockholders": NaN,
        "Average Dilution Earnings": 86565000.0,
        "Net Income Common Stockholders": NaN,
        "Otherunder Preferred Stock Dividend": 0.0,
        "Net Income": NaN,
        "Minority Interests": NaN,
        "Net Income Including Noncontrolling Interests": NaN,
        "Net Income From Tax Loss Carryforward": 0.0,
        "Net Income Continuous Operations": NaN,
        "Tax Provision": NaN,
        "Pretax Income": NaN,
        "Other Income Expense": NaN,
        "Other Non Operating Income Expenses": NaN,
        "Gain On Sale Of Security": 5200000.0,
        "Net Non Operating Interest Income Expense": NaN,
        "Interest Expense Non Operating": NaN,
        "Interest Income Non Operating": 3400000.0,
        "Operating Income": NaN,
        "Operating Expense": NaN,
        "Other Taxes": -12900000.0,
        "Research And Development": NaN,
        "Selling General And Administration": NaN,
        "Gross Profit": NaN,
        "Cost Of Revenue": NaN,
        "Total Revenue": NaN,
        "Operating Revenue": NaN
    },
    "2024-03-31": {
        "Tax Effect Of Unusual Items": NaN,
        "Tax Rate For Calcs": NaN,
        "Normalized EBITDA": NaN,
        "Total Unusual Items": NaN,
        "Total Unusual Items Excluding Goodwill": NaN,
        "Net Income From Continuing Operation Net Minority Interest": NaN,
        "Reconciled Depreciation": NaN,
        "Reconciled Cost Of Revenue": NaN,
        "EBITDA": NaN,
        "EBIT": NaN,
        "Net Interest Income": NaN,
        "Interest Expense": NaN,
        "Interest Income": NaN,
        "Normalized Income": NaN,
        "Net Income From Continuing And Discontinued Operation": NaN,
        "Total Expenses": NaN,
        "Total Operating Income As Reported": NaN,
        "Diluted Average Shares": NaN,
        "Basic Average Shares": NaN,
        "Diluted EPS": NaN,
        "Basic EPS": NaN,
        "Diluted NI Availto Com Stockholders": NaN,
        "Average Dilution Earnings": NaN,
        "Net Income Common Stockholders": NaN,
        "Otherunder Preferred Stock Dividend": 0.0,
        "Net Income": NaN,
        "Minority Interests": NaN,
        "Net Income Including Noncontrolling Interests": NaN,
        "Net Income Continuous Operations": NaN,
        "Tax Provision": NaN,
        "Pretax Income": NaN,
        "Other Income Expense": NaN,
        "Other Non Operating Income Expenses": NaN,
        "Special Income Charges": NaN,
        "Write Off": NaN,
        "Gain On Sale Of Security": NaN,
        "Net Non Operating Interest Income Expense": NaN,
        "Interest Expense Non Operating": NaN,
        "Interest Income Non Operating": NaN,
        "Operating Income": NaN,
        "Operating Expense": NaN,
        "Other Taxes": NaN,
        "Research And Development": NaN,
        "Selling General And Administration": NaN,
        "Gross Profit": NaN,
        "Cost Of Revenue": NaN,
        "Total Revenue": NaN,
        "Operating Revenue": NaN
    },
    "2024-06-30": {
        "Tax Effect Of Unusual Items": NaN,
        "Tax Rate For Calcs": NaN,
        "Normalized EBITDA": NaN,
        "Total Unusual Items": -9800000.0,
        "Total Unusual Items Excluding Goodwill": -9800000.0,
        "Net Income From Continuing Operation Net Minority Interest": NaN,
        "Reconciled Depreciation": NaN,
        "Reconciled Cost Of Revenue": NaN,
        "EBITDA": NaN,
        "EBIT": NaN,
        "Net Interest Income": NaN,
        "Interest Expense": NaN,
        "Interest Income": 4600000.0,
        "Normalized Income": NaN,
        "Net Income From Continuing And Discontinued Operation": NaN,
        "Total Expenses": NaN,
        "Total Operating Income As Reported": NaN,
        "Diluted Average Shares": NaN,
        "Basic Average Shares": NaN,
        "Diluted EPS": NaN,
        "Basic EPS": NaN,
        "Diluted NI Availto Com Stockholders": NaN,
        "Average Dilution Earnings": NaN,
        "Net Income Common Stockholders": NaN,
        "Otherunder Preferred Stock Dividend": NaN,
        "Net Income": NaN,
        "Minority Interests": NaN,
        "Net Income Including Noncontrolling Interests": NaN,
        "Net Income Continuous Operations": NaN,
        "Tax Provision": NaN,
        "Pretax Income": NaN,
        "Other Income Expense": NaN,
        "Other Non Operating Income Expenses": NaN,
        "Special Income Charges": NaN,
        "Write Off": NaN,
        "Gain On Sale Of Security": -9800000.0,
        "Net Non Operating Interest Income Expense": NaN,
        "Interest Expense Non Operating": NaN,
        "Interest Income Non Operating": 4600000.0,
        "Operating Income": NaN,
        "Operating Expense": NaN,
        "Other Taxes": NaN,
        "Research And Development": NaN,
        "Selling General And Administration": NaN,
        "Gross Profit": NaN,
        "Cost Of Revenue": NaN,
        "Total Revenue": NaN,
        "Operating Revenue": NaN
    },
    "2024-09-30": {
        "Tax Effect Of Unusual Items": 348000.0,
        "Tax Rate For Calcs": 0.145,
        "Normalized EBITDA": 141399000.0,
        "Total Unusual Items": 2400000.0,
        "Total Unusual Items Excluding Goodwill": 2400000.0,
        "Net Income From Continuing Operation Net Minority Interest": 115391000.0,
        "Reconciled Depreciation": 2942000.0,
        "Reconciled Cost Of Revenue": 410776000.0,
        "EBITDA": 143799000.0,
        "EBIT": 140857000.0,
        "Net Interest Income": -365000.0,
        "Interest Expense": 3665000.0,
        "Interest Income": 3300000.0,
        "Normalized Income": 113339000.0,
        "Net Income From Continuing And Discontinued Operation": 115391000.0,
        "Total Expenses": 502096000.0,
        "Total Operating Income As Reported": 133475000.0,
        "Diluted Average Shares": 149079000.0,
        "Basic Average Shares": 143479000.0,
        "Diluted EPS": 0.79,
        "Basic EPS": 0.8,
        "Diluted NI Availto Com Stockholders": 117264000.0,
        "Average Dilution Earnings": 1873000.0,
        "Net Income Common Stockholders": 115391000.0,
        "Otherunder Preferred Stock Dividend": NaN,
        "Net Income": 115391000.0,
        "Minority Interests": -1873000.0,
        "Net Income Including Noncontrolling Interests": 117264000.0,
        "Net Income Continuous Operations": 117264000.0,
        "Tax Provision": 19928000.0,
        "Pretax Income": 137192000.0,
        "Other Income Expense": 4082000.0,
        "Other Non Operating Income Expenses": 1682000.0,
        "Special Income Charges": NaN,
        "Write Off": NaN,
        "Gain On Sale Of Security": 2400000.0,
        "Net Non Operating Interest Income Expense": -365000.0,
        "Interest Expense Non Operating": 3665000.0,
        "Interest Income Non Operating": 3300000.0,
        "Operating Income": 133475000.0,
        "Operating Expense": 91320000.0,
        "Other Taxes": NaN,
        "Research And Development": 19193000.0,
        "Selling General And Administration": 72127000.0,
        "Gross Profit": 224795000.0,
        "Cost Of Revenue": 410776000.0,
        "Total Revenue": 635571000.0,
        "Operating Revenue": 635571000.0
    },
    "2024-12-31": {
        "Tax Effect Of Unusual Items": 961200.0,
        "Tax Rate For Calcs": 0.267,
        "Normalized EBITDA": 164830000.0,
        "Total Unusual Items": 3600000.0,
        "Total Unusual Items Excluding Goodwill": 3600000.0,
        "Net Income From Continuing Operation Net Minority Interest": 115283000.0,
        "Reconciled Depreciation": 4416000.0,
        "Reconciled Cost Of Revenue": 438460000.0,
        "EBITDA": 168430000.0,
        "EBIT": 164014000.0,
        "Net Interest Income": 2002000.0,
        "Interest Expense": 3798000.0,
        "Interest Income": 5800000.0,
        "Normalized Income": 112644200.0,
        "Net Income From Continuing And Discontinued Operation": 115283000.0,
        "Total Expenses": 524727000.0,
        "Total Operating Income As Reported": 150236000.0,
        "Diluted Average Shares": 149028000.0,
        "Basic Average Shares": 143664000.0,
        "Diluted EPS": 0.79,
        "Basic EPS": 0.8,
        "Diluted NI Availto Com Stockholders": 117374000.0,
        "Average Dilution Earnings": 2091000.0,
        "Net Income Common Stockholders": 115283000.0,
        "Otherunder Preferred Stock Dividend": NaN,
        "Net Income": 115283000.0,
        "Minority Interests": -2091000.0,
        "Net Income Including Noncontrolling Interests": 117374000.0,
        "Net Income Continuous Operations": 117374000.0,
        "Tax Provision": 42842000.0,
        "Pretax Income": 160216000.0,
        "Other Income Expense": 3578000.0,
        "Other Non Operating Income Expenses": -22000.0,
        "Special Income Charges": NaN,
        "Write Off": NaN,
        "Gain On Sale Of Security": 3600000.0,
        "Net Non Operating Interest Income Expense": 2002000.0,
        "Interest Expense Non Operating": 3798000.0,
        "Interest Income Non Operating": 5800000.0,
        "Operating Income": 154636000.0,
        "Operating Expense": 86267000.0,
        "Other Taxes": -4400000.0,
        "Research And Development": 20094000.0,
        "Selling General And Administration": 70573000.0,
        "Gross Profit": 240903000.0,
        "Cost Of Revenue": 438460000.0,
        "Total Revenue": 679363000.0,
        "Operating Revenue": 679363000.0
    },
    "2025-03-31": {
        "Tax Effect Of Unusual Items": 0.0,
        "Tax Rate For Calcs": 0.205616,
        "Normalized EBITDA": 206123000.0,
        "Total Unusual Items": NaN,
        "Total Unusual Items Excluding Goodwill": NaN,
        "Net Income From Continuing Operation Net Minority Interest": 156794000.0,
        "Reconciled Depreciation": 5108000.0,
        "Reconciled Cost Of Revenue": 618655000.0,
        "EBITDA": 206123000.0,
        "EBIT": 201015000.0,
        "Net Interest Income": -16053000.0,
        "Interest Expense": 2353000.0,
        "Interest Income": NaN,
        "Normalized Income": 156794000.0,
        "Net Income From Continuing And Discontinued Operation": 156794000.0,
        "Total Expenses": 733435000.0,
        "Total Operating Income As Reported": 195307000.0,
        "Diluted Average Shares": 149740000.0,
        "Basic Average Shares": 144888000.0,
        "Diluted EPS": 1.05,
        "Basic EPS": 1.08,
        "Diluted NI Availto Com Stockholders": 149736000.0,
        "Average Dilution Earnings": NaN,
        "Net Income Common Stockholders": 156794000.0,
        "Otherunder Preferred Stock Dividend": NaN,
        "Net Income": 156794000.0,
        "Minority Interests": -1020000.0,
        "Net Income Including Noncontrolling Interests": 157814000.0,
        "Net Income Continuous Operations": 157814000.0,
        "Tax Provision": 40848000.0,
        "Pretax Income": 198662000.0,
        "Other Income Expense": 23808000.0,
        "Other Non Operating Income Expenses": 20008000.0,
        "Special Income Charges": NaN,
        "Write Off": NaN,
        "Gain On Sale Of Security": NaN,
        "Net Non Operating Interest Income Expense": -16053000.0,
        "Interest Expense Non Operating": 2353000.0,
        "Interest Income Non Operating": NaN,
        "Operating Income": 190907000.0,
        "Operating Expense": 114780000.0,
        "Other Taxes": NaN,
        "Research And Development": 23586000.0,
        "Selling General And Administration": 86794000.0,
        "Gross Profit": 305687000.0,
        "Cost Of Revenue": 618655000.0,
        "Total Revenue": 924342000.0,
        "Operating Revenue": 924342000.0
    },
    "2025-06-30": {
        "Tax Effect Of Unusual Items": -53100.0,
        "Tax Rate For Calcs": 0.177,
        "Normalized EBITDA": 198272000.0,
        "Total Unusual Items": -300000.0,
        "Total Unusual Items Excluding Goodwill": -300000.0,
        "Net Income From Continuing Operation Net Minority Interest": 157183000.0,
        "Reconciled Depreciation": 5789000.0,
        "Reconciled Cost Of Revenue": 582527000.0,
        "EBITDA": 197972000.0,
        "EBIT": 192183000.0,
        "Net Interest Income": 5084000.0,
        "Interest Expense": 1216000.0,
        "Interest Income": 6300000.0,
        "Normalized Income": 157429900.0,
        "Net Income From Continuing And Discontinued Operation": 157183000.0,
        "Total Expenses": 678023000.0,
        "Total Operating Income As Reported": 186230000.0,
        "Diluted Average Shares": 150901000.0,
        "Basic Average Shares": 147631000.0,
        "Diluted EPS": 1.04,
        "Basic EPS": 1.06,
        "Diluted NI Availto Com Stockholders": 157183000.0,
        "Average Dilution Earnings": NaN,
        "Net Income Common Stockholders": 157183000.0,
        "Otherunder Preferred Stock Dividend": NaN,
        "Net Income": 157183000.0,
        "Minority Interests": 0.0,
        "Net Income Including Noncontrolling Interests": 157183000.0,
        "Net Income Continuous Operations": 157183000.0,
        "Tax Provision": 33784000.0,
        "Pretax Income": 190967000.0,
        "Other Income Expense": -347000.0,
        "Other Non Operating Income Expenses": -47000.0,
        "Special Income Charges": NaN,
        "Write Off": NaN,
        "Gain On Sale Of Security": -300000.0,
        "Net Non Operating Interest Income Expense": 5084000.0,
        "Interest Expense Non Operating": 1216000.0,
        "Interest Income Non Operating": 6300000.0,
        "Operating Income": 186230000.0,
        "Operating Expense": 95496000.0,
        "Other Taxes": NaN,
        "Research And Development": 21560000.0,
        "Selling General And Administration": 73936000.0,
        "Gross Profit": 281726000.0,
        "Cost Of Revenue": 582527000.0,
        "Total Revenue": 864253000.0,
        "Operating Revenue": 864253000.0
    },
    "2025-09-30": {
        "Tax Effect Of Unusual Items": -764400.0,
        "Tax Rate For Calcs": 0.196,
        "Normalized EBITDA": 194716000.0,
        "Total Unusual Items": -3900000.0,
        "Total Unusual Items Excluding Goodwill": -3900000.0,
        "Net Income From Continuing Operation Net Minority Interest": 146861000.0,
        "Reconciled Depreciation": 7361000.0,
        "Reconciled Cost Of Revenue": 612408000.0,
        "EBITDA": 190816000.0,
        "EBIT": 183455000.0,
        "Net Interest Income": 5670000.0,
        "Interest Expense": 730000.0,
        "Interest Income": 6400000.0,
        "Normalized Income": 149996600.0,
        "Net Income From Continuing And Discontinued Operation": 146861000.0,
        "Total Expenses": 723923000.0,
        "Total Operating Income As Reported": 181345000.0,
        "Diluted Average Shares": 152018105.0,
        "Basic Average Shares": 148027872.0,
        "Diluted EPS": 0.97,
        "Basic EPS": 0.99,
        "Diluted NI Availto Com Stockholders": 146861000.0,
        "Average Dilution Earnings": NaN,
        "Net Income Common Stockholders": 146861000.0,
        "Otherunder Preferred Stock Dividend": NaN,
        "Net Income": 146861000.0,
        "Minority Interests": 0.0,
        "Net Income Including Noncontrolling Interests": 146861000.0,
        "Net Income Continuous Operations": 146861000.0,
        "Tax Provision": 35864000.0,
        "Pretax Income": 182725000.0,
        "Other Income Expense": -4300000.0,
        "Other Non Operating Income Expenses": -400000.0,
        "Special Income Charges": -5800000.0,
        "Write Off": 5800000.0,
        "Gain On Sale Of Security": 1900000.0,
        "Net Non Operating Interest Income Expense": 5670000.0,
        "Interest Expense Non Operating": 730000.0,
        "Interest Income Non Operating": 6400000.0,
        "Operating Income": 181345000.0,
        "Operating Expense": 111515000.0,
        "Other Taxes": NaN,
        "Research And Development": 26889000.0,
        "Selling General And Administration": 84626000.0,
        "Gross Profit": 292860000.0,
        "Cost Of Revenue": 612408000.0,
        "Total Revenue": 905268000.0,
        "Operating Revenue": 905268000.0
    }
}