{
    "2023-03-31": {
        "Tax Effect Of Unusual Items": NaN,
        "Tax Rate For Calcs": NaN,
        "Normalized EBITDA": NaN,
        "Total Unusual Items": 0.0,
        "Total Unusual Items Excluding Goodwill": 0.0,
        "Net Income From Continuing Operation Net Minority Interest": NaN,
        "Reconciled Depreciation": NaN,
        "EBITDA": NaN,
        "EBIT": NaN,
        "Normalized Income": NaN,
        "Net Income From Continuing And Discontinued Operation": NaN,
        "Total Expenses": NaN,
        "Total Operating Income As Reported": NaN,
        "Diluted Average Shares": 27774536.0,
        "Basic Average Shares": 27774536.0,
        "Diluted EPS": -0.58,
        "Basic EPS": -0.58,
        "Diluted NI Availto Com Stockholders": NaN,
        "Net Income Common Stockholders": NaN,
        "Net Income": NaN,
        "Net Income Including Noncontrolling Interests": NaN,
        "Net Income Continuous Operations": NaN,
        "Pretax Income": NaN,
        "Other Income Expense": NaN,
        "Other Non Operating Income Expenses": NaN,
        "Special Income Charges": 0.0,
        "Operating Income": NaN,
        "Operating Expense": NaN,
        "Research And Development": NaN,
        "Selling General And Administration": NaN,
        "General And Administrative Expense": NaN,
        "Other Gand A": NaN,
        "Salaries And Wages": NaN,
        "Total Revenue": NaN,
        "Operating Revenue": NaN
    },
    "2022-12-31": {
        "Tax Effect Of Unusual Items": 0.0,
        "Tax Rate For Calcs": 0.0,
        "Normalized EBITDA": -16764000.0,
        "Net Income From Continuing Operation Net Minority Interest": -17300000.0,
        "Reconciled Depreciation": 1007000.0,
        "EBITDA": -16764000.0,
        "EBIT": -17771000.0,
        "Normalized Income": -17300000.0,
        "Net Income From Continuing And Discontinued Operation": -17300000.0,
        "Total Expenses": 17771000.0,
        "Total Operating Income As Reported": -17771000.0,
        "Diluted Average Shares": NaN,
        "Basic Average Shares": NaN,
        "Diluted EPS": NaN,
        "Basic EPS": NaN,
        "Diluted NI Availto Com Stockholders": -17300000.0,
        "Net Income Common Stockholders": -17300000.0,
        "Net Income": -17300000.0,
        "Net Income Including Noncontrolling Interests": -17300000.0,
        "Net Income Continuous Operations": -17300000.0,
        "Pretax Income": -17300000.0,
        "Other Income Expense": 471000.0,
        "Other Non Operating Income Expenses": 471000.0,
        "Operating Income": -17771000.0,
        "Operating Expense": 17771000.0,
        "Research And Development": 12822000.0,
        "Selling General And Administration": 4949000.0,
        "General And Administrative Expense": 4949000.0,
        "Other Gand A": 4949000.0,
        "Salaries And Wages": NaN,
        "Total Revenue": 0.0,
        "Operating Revenue": 0.0
    },
    "2022-09-30": {
        "Tax Effect Of Unusual Items": NaN,
        "Tax Rate For Calcs": NaN,
        "Normalized EBITDA": NaN,
        "Total Unusual Items": NaN,
        "Total Unusual Items Excluding Goodwill": NaN,
        "Net Income From Continuing Operation Net Minority Interest": NaN,
        "Reconciled Depreciation": NaN,
        "EBITDA": NaN,
        "EBIT": NaN,
        "Normalized Income": NaN,
        "Net Income From Continuing And Discontinued Operation": NaN,
        "Total Expenses": NaN,
        "Total Operating Income As Reported": NaN,
        "Diluted Average Shares": 27748844.0,
        "Basic Average Shares": 27748844.0,
        "Diluted EPS": -0.68,
        "Basic EPS": -0.68,
        "Diluted NI Availto Com Stockholders": NaN,
        "Net Income Common Stockholders": NaN,
        "Net Income": NaN,
        "Net Income Including Noncontrolling Interests": NaN,
        "Net Income Continuous Operations": NaN,
        "Pretax Income": NaN,
        "Other Income Expense": NaN,
        "Other Non Operating Income Expenses": NaN,
        "Special Income Charges": NaN,
        "Operating Income": NaN,
        "Operating Expense": NaN,
        "Research And Development": NaN,
        "Selling General And Administration": NaN,
        "General And Administrative Expense": NaN,
        "Other Gand A": NaN,
        "Salaries And Wages": NaN,
        "Total Revenue": NaN,
        "Operating Revenue": NaN
    },
    "2022-06-30": {
        "Tax Effect Of Unusual Items": 0.0,
        "Tax Rate For Calcs": 0.0,
        "Normalized EBITDA": -18128000.0,
        "Net Income From Continuing Operation Net Minority Interest": -17920000.0,
        "Reconciled Depreciation": -1000.0,
        "EBITDA": -18128000.0,
        "EBIT": -18128000.0,
        "Normalized Income": -17920000.0,
        "Net Income From Continuing And Discontinued Operation": -17920000.0,
        "Total Expenses": 18128000.0,
        "Total Operating Income As Reported": -18128000.0,
        "Diluted Average Shares": 27744762.0,
        "Basic Average Shares": 27744762.0,
        "Diluted EPS": -0.65,
        "Basic EPS": -0.65,
        "Diluted NI Availto Com Stockholders": -17920000.0,
        "Net Income Common Stockholders": -17920000.0,
        "Net Income": -17920000.0,
        "Net Income Including Noncontrolling Interests": -17920000.0,
        "Net Income Continuous Operations": -17920000.0,
        "Pretax Income": -17920000.0,
        "Other Income Expense": 208000.0,
        "Other Non Operating Income Expenses": 208000.0,
        "Operating Income": -18128000.0,
        "Operating Expense": 18128000.0,
        "Research And Development": 12825000.0,
        "Selling General And Administration": 5303000.0,
        "General And Administrative Expense": 5303000.0,
        "Other Gand A": 5303000.0,
        "Salaries And Wages": NaN,
        "Total Revenue": 0.0,
        "Operating Revenue": 0.0
    },
    "2022-03-31": {
        "Diluted EPS": -0.74,
        "Total Revenue": NaN,
        "Gross Profit": NaN,
        "Operating Income": -21,
        "EBIT": -19,
        "Net Income": -21
    },
    "2021-12-31": {
        "Diluted EPS": -0.61,
        "Total Revenue": NaN,
        "Gross Profit": NaN,
        "Operating Income": -17,
        "EBIT": -15,
        "Net Income": -17
    },
    "2021-09-30": {
        "Diluted EPS": -0.65,
        "Total Revenue": NaN,
        "Gross Profit": NaN,
        "Operating Income": -19,
        "EBIT": -16,
        "Net Income": -18
    },
    "2021-06-30": {
        "Diluted EPS": -0.65,
        "Total Revenue": NaN,
        "Gross Profit": NaN,
        "Operating Income": -18,
        "EBIT": -16,
        "Net Income": -18
    },
    "2021-03-31": {
        "Diluted EPS": -0.6,
        "Total Revenue": NaN,
        "Gross Profit": NaN,
        "Operating Income": -17,
        "EBIT": -16,
        "Net Income": -17
    },
    "2020-12-31": {
        "Diluted EPS": -0.54,
        "Total Revenue": NaN,
        "Gross Profit": NaN,
        "Operating Income": -16,
        "EBIT": -15,
        "Net Income": -15
    },
    "2020-09-30": {
        "Diluted EPS": -0.59,
        "Total Revenue": NaN,
        "Gross Profit": NaN,
        "Operating Income": -17,
        "EBIT": -17,
        "Net Income": -16
    },
    "2020-06-30": {
        "Diluted EPS": -0.53,
        "Total Revenue": NaN,
        "Gross Profit": NaN,
        "Operating Income": -16,
        "EBIT": -15,
        "Net Income": -15
    },
    "2020-03-31": {
        "Diluted EPS": 0.33,
        "Total Revenue": 22,
        "Gross Profit": 22,
        "Operating Income": 8,
        "EBIT": 9,
        "Net Income": 10
    },
    "2019-12-31": {
        "Diluted EPS": 3.29,
        "Total Revenue": 2,
        "Gross Profit": 2,
        "Operating Income": -12,
        "EBIT": -11,
        "Net Income": -11
    },
    "2019-09-30": {
        "Diluted EPS": -0.37,
        "Total Revenue": 2,
        "Gross Profit": 2,
        "Operating Income": -10,
        "EBIT": -9,
        "Net Income": -8
    },
    "2019-06-30": {
        "Diluted EPS": -0.61,
        "Total Revenue": 1,
        "Gross Profit": 1,
        "Operating Income": -9,
        "EBIT": -8,
        "Net Income": -8
    },
    "2019-03-31": {
        "Diluted EPS": -4.46,
        "Total Revenue": 1,
        "Gross Profit": 1,
        "Operating Income": -7,
        "EBIT": -6,
        "Net Income": -6
    },
    "2018-12-31": {
        "Diluted EPS": -5.0,
        "Total Revenue": NaN,
        "Gross Profit": NaN,
        "Operating Income": -7,
        "EBIT": -7,
        "Net Income": -7
    },
    "2018-09-30": {
        "Diluted EPS": -4.17,
        "Total Revenue": NaN,
        "Gross Profit": NaN,
        "Operating Income": -6,
        "EBIT": -5,
        "Net Income": -6
    },
    "2018-06-30": {
        "Diluted EPS": -3.82,
        "Total Revenue": NaN,
        "Gross Profit": NaN,
        "Operating Income": -5,
        "EBIT": -5,
        "Net Income": -5
    },
    "2018-03-31": {
        "Diluted EPS": -3.65,
        "Total Revenue": NaN,
        "Gross Profit": NaN,
        "Operating Income": -5,
        "EBIT": -5,
        "Net Income": -5
    },
    "2017-12-31": {
        "Diluted EPS": 0.0,
        "Total Revenue": NaN,
        "Gross Profit": NaN,
        "Operating Income": NaN,
        "EBIT": NaN,
        "Net Income": NaN
    },
    "2023-06-30": {
        "Tax Effect Of Unusual Items": NaN,
        "Tax Rate For Calcs": NaN,
        "Normalized EBITDA": NaN,
        "Total Unusual Items": NaN,
        "Total Unusual Items Excluding Goodwill": NaN,
        "Net Income From Continuing Operation Net Minority Interest": NaN,
        "Reconciled Depreciation": NaN,
        "EBITDA": NaN,
        "EBIT": NaN,
        "Normalized Income": NaN,
        "Net Income From Continuing And Discontinued Operation": NaN,
        "Total Expenses": NaN,
        "Total Operating Income As Reported": NaN,
        "Diluted Average Shares": 27828741.0,
        "Basic Average Shares": 27828741.0,
        "Diluted EPS": -0.64,
        "Basic EPS": -0.64,
        "Diluted NI Availto Com Stockholders": NaN,
        "Net Income Common Stockholders": NaN,
        "Net Income": NaN,
        "Net Income Including Noncontrolling Interests": NaN,
        "Net Income Continuous Operations": NaN,
        "Pretax Income": NaN,
        "Other Income Expense": NaN,
        "Other Non Operating Income Expenses": NaN,
        "Special Income Charges": NaN,
        "Restructuring And Mergern Acquisition": NaN,
        "Operating Income": NaN,
        "Operating Expense": NaN,
        "Research And Development": NaN,
        "Selling General And Administration": NaN,
        "General And Administrative Expense": NaN,
        "Other Gand A": NaN,
        "Salaries And Wages": 1384000.0,
        "Total Revenue": NaN,
        "Operating Revenue": NaN
    },
    "2023-09-30": {
        "Tax Effect Of Unusual Items": NaN,
        "Tax Rate For Calcs": NaN,
        "Normalized EBITDA": NaN,
        "Total Unusual Items": 0.0,
        "Total Unusual Items Excluding Goodwill": 0.0,
        "Net Income From Continuing Operation Net Minority Interest": NaN,
        "Reconciled Depreciation": NaN,
        "EBITDA": NaN,
        "EBIT": NaN,
        "Normalized Income": NaN,
        "Net Income From Continuing And Discontinued Operation": NaN,
        "Total Expenses": NaN,
        "Total Operating Income As Reported": NaN,
        "Diluted Average Shares": 27839968.0,
        "Basic Average Shares": 27839968.0,
        "Diluted EPS": -0.51,
        "Basic EPS": -0.51,
        "Diluted NI Availto Com Stockholders": NaN,
        "Net Income Common Stockholders": NaN,
        "Net Income": NaN,
        "Net Income Including Noncontrolling Interests": NaN,
        "Net Income Continuous Operations": NaN,
        "Pretax Income": NaN,
        "Other Income Expense": NaN,
        "Other Non Operating Income Expenses": NaN,
        "Special Income Charges": 0.0,
        "Restructuring And Mergern Acquisition": 0.0,
        "Operating Income": NaN,
        "Operating Expense": NaN,
        "Research And Development": NaN,
        "Selling General And Administration": NaN,
        "General And Administrative Expense": NaN,
        "Other Gand A": NaN,
        "Total Revenue": NaN,
        "Operating Revenue": NaN
    },
    "2023-12-31": {
        "Tax Effect Of Unusual Items": 0.0,
        "Tax Rate For Calcs": 0.0,
        "Normalized EBITDA": -14966000.0,
        "Total Unusual Items": NaN,
        "Total Unusual Items Excluding Goodwill": NaN,
        "Net Income From Continuing Operation Net Minority Interest": -14467000.0,
        "Reconciled Depreciation": 824000.0,
        "EBITDA": -14966000.0,
        "EBIT": -15790000.0,
        "Normalized Income": -14467000.0,
        "Net Income From Continuing And Discontinued Operation": -14467000.0,
        "Total Expenses": 15790000.0,
        "Total Operating Income As Reported": -15790000.0,
        "Diluted Average Shares": NaN,
        "Basic Average Shares": NaN,
        "Diluted EPS": NaN,
        "Basic EPS": NaN,
        "Diluted NI Availto Com Stockholders": -14467000.0,
        "Net Income Common Stockholders": -14467000.0,
        "Net Income": -14467000.0,
        "Net Income Including Noncontrolling Interests": -14467000.0,
        "Net Income Continuous Operations": -14467000.0,
        "Pretax Income": -14467000.0,
        "Other Income Expense": 1323000.0,
        "Other Non Operating Income Expenses": 1323000.0,
        "Special Income Charges": NaN,
        "Restructuring And Mergern Acquisition": NaN,
        "Operating Income": -15790000.0,
        "Operating Expense": 15790000.0,
        "Research And Development": 11827000.0,
        "Selling General And Administration": 3963000.0,
        "General And Administrative Expense": 3963000.0,
        "Other Gand A": 3963000.0,
        "Total Revenue": 0.0,
        "Operating Revenue": 0.0
    },
    "2024-03-31": {
        "Tax Effect Of Unusual Items": 0.0,
        "Tax Rate For Calcs": 0.0,
        "Normalized EBITDA": -12430000.0,
        "Total Unusual Items": -2542000.0,
        "Total Unusual Items Excluding Goodwill": -2542000.0,
        "Net Income From Continuing Operation Net Minority Interest": -17107000.0,
        "Reconciled Depreciation": 790000.0,
        "EBITDA": -14972000.0,
        "EBIT": -15762000.0,
        "Normalized Income": -14565000.0,
        "Net Income From Continuing And Discontinued Operation": -17107000.0,
        "Total Expenses": 15762000.0,
        "Total Operating Income As Reported": -18304000.0,
        "Diluted Average Shares": 27903040.0,
        "Basic Average Shares": 27903040.0,
        "Diluted EPS": -0.61,
        "Basic EPS": -0.61,
        "Diluted NI Availto Com Stockholders": -17107000.0,
        "Net Income Common Stockholders": -17107000.0,
        "Net Income": -17107000.0,
        "Net Income Including Noncontrolling Interests": -17107000.0,
        "Net Income Continuous Operations": -17107000.0,
        "Pretax Income": -17107000.0,
        "Other Income Expense": -1345000.0,
        "Other Non Operating Income Expenses": 1197000.0,
        "Special Income Charges": -2542000.0,
        "Restructuring And Mergern Acquisition": 2542000.0,
        "Operating Income": -15762000.0,
        "Operating Expense": 15762000.0,
        "Research And Development": 11398000.0,
        "Selling General And Administration": 4364000.0,
        "General And Administrative Expense": 4364000.0,
        "Other Gand A": 4364000.0,
        "Total Revenue": 0.0,
        "Operating Revenue": 0.0
    },
    "2024-06-30": {
        "Tax Effect Of Unusual Items": 0.0,
        "Tax Rate For Calcs": 0.0,
        "Normalized EBITDA": -15793000.0,
        "Total Unusual Items": 0.0,
        "Total Unusual Items Excluding Goodwill": 0.0,
        "Net Income From Continuing Operation Net Minority Interest": -15404000.0,
        "Reconciled Depreciation": 701000.0,
        "EBITDA": -15793000.0,
        "EBIT": -16494000.0,
        "Normalized Income": -15404000.0,
        "Net Income From Continuing And Discontinued Operation": -15404000.0,
        "Total Expenses": 16494000.0,
        "Total Operating Income As Reported": -16494000.0,
        "Diluted Average Shares": 27972744.0,
        "Basic Average Shares": 27972744.0,
        "Diluted EPS": -0.55,
        "Basic EPS": -0.55,
        "Diluted NI Availto Com Stockholders": -15404000.0,
        "Net Income Common Stockholders": -15404000.0,
        "Net Income": -15404000.0,
        "Net Income Including Noncontrolling Interests": -15404000.0,
        "Net Income Continuous Operations": -15404000.0,
        "Pretax Income": -15404000.0,
        "Other Income Expense": 1090000.0,
        "Other Non Operating Income Expenses": 1090000.0,
        "Special Income Charges": 0.0,
        "Restructuring And Mergern Acquisition": 0.0,
        "Operating Income": -16494000.0,
        "Operating Expense": 16494000.0,
        "Research And Development": 12418000.0,
        "Selling General And Administration": 4076000.0,
        "General And Administrative Expense": 4076000.0,
        "Other Gand A": 4076000.0,
        "Total Revenue": 0.0,
        "Operating Revenue": 0.0
    },
    "2024-09-30": {
        "Tax Effect Of Unusual Items": 0.0,
        "Tax Rate For Calcs": 0.0,
        "Normalized EBITDA": -11795000.0,
        "Total Unusual Items": 0.0,
        "Total Unusual Items Excluding Goodwill": 0.0,
        "Net Income From Continuing Operation Net Minority Interest": -11540000.0,
        "Reconciled Depreciation": 700000.0,
        "EBITDA": -11795000.0,
        "EBIT": -12495000.0,
        "Normalized Income": -11540000.0,
        "Net Income From Continuing And Discontinued Operation": -11540000.0,
        "Total Expenses": 12495000.0,
        "Total Operating Income As Reported": -12495000.0,
        "Diluted Average Shares": 27975840.0,
        "Basic Average Shares": 27975840.0,
        "Diluted EPS": -0.41,
        "Basic EPS": -0.41,
        "Diluted NI Availto Com Stockholders": -11540000.0,
        "Net Income Common Stockholders": -11540000.0,
        "Net Income": -11540000.0,
        "Net Income Including Noncontrolling Interests": -11540000.0,
        "Net Income Continuous Operations": -11540000.0,
        "Pretax Income": -11540000.0,
        "Other Income Expense": 955000.0,
        "Other Non Operating Income Expenses": 955000.0,
        "Special Income Charges": 0.0,
        "Restructuring And Mergern Acquisition": 0.0,
        "Operating Income": -12495000.0,
        "Operating Expense": 12495000.0,
        "Research And Development": 8770000.0,
        "Selling General And Administration": 3725000.0,
        "General And Administrative Expense": 3725000.0,
        "Other Gand A": 3725000.0,
        "Total Revenue": 0.0,
        "Operating Revenue": 0.0
    },
    "2024-12-31": {
        "Tax Effect Of Unusual Items": 0.0,
        "Tax Rate For Calcs": 0.0,
        "Normalized EBITDA": -11781000.0,
        "Total Unusual Items": 0.0,
        "Total Unusual Items Excluding Goodwill": 0.0,
        "Net Income From Continuing Operation Net Minority Interest": -11603000.0,
        "Reconciled Depreciation": 674000.0,
        "EBITDA": -11781000.0,
        "EBIT": -12455000.0,
        "Normalized Income": -11603000.0,
        "Net Income From Continuing And Discontinued Operation": -11603000.0,
        "Total Expenses": 12455000.0,
        "Total Operating Income As Reported": -12455000.0,
        "Diluted Average Shares": NaN,
        "Basic Average Shares": NaN,
        "Diluted EPS": NaN,
        "Basic EPS": NaN,
        "Diluted NI Availto Com Stockholders": -11603000.0,
        "Net Income Common Stockholders": -11603000.0,
        "Net Income": -11603000.0,
        "Net Income Including Noncontrolling Interests": -11603000.0,
        "Net Income Continuous Operations": -11603000.0,
        "Pretax Income": -11603000.0,
        "Other Income Expense": 852000.0,
        "Other Non Operating Income Expenses": 852000.0,
        "Special Income Charges": 0.0,
        "Restructuring And Mergern Acquisition": 0.0,
        "Operating Income": -12455000.0,
        "Operating Expense": 12455000.0,
        "Research And Development": 8902000.0,
        "Selling General And Administration": 3553000.0,
        "General And Administrative Expense": 3553000.0,
        "Other Gand A": 3553000.0,
        "Total Revenue": 0.0,
        "Operating Revenue": 0.0
    }
}