{
    "2024-09-30": {
        "Tax Effect Of Unusual Items": 0.0,
        "Tax Rate For Calcs": 0.0,
        "Normalized EBITDA": -3324576.0,
        "Total Unusual Items": 1668906.0,
        "Total Unusual Items Excluding Goodwill": 1668906.0,
        "Net Income From Continuing Operation Net Minority Interest": -10618576.0,
        "Reconciled Depreciation": 507115.0,
        "Reconciled Cost Of Revenue": 6271471.0,
        "EBITDA": -3324576.0,
        "EBIT": -3831691.0,
        "Net Interest Income": -6786879.0,
        "Interest Expense": 6786885.0,
        "Interest Income": 6.0,
        "Normalized Income": -10618576.0,
        "Net Income From Continuing And Discontinued Operation": -10618576.0,
        "Total Expenses": 9970412.0,
        "Total Operating Income As Reported": -2984449.0,
        "Diluted Average Shares": 15044007.0,
        "Basic Average Shares": 15044007.0,
        "Diluted EPS": -0.71,
        "Basic EPS": -0.71,
        "Diluted NI Availto Com Stockholders": -10618576.0,
        "Net Income Common Stockholders": -10618576.0,
        "Preferred Stock Dividends": NaN,
        "Net Income": -10618576.0,
        "Minority Interests": 0.0,
        "Net Income Including Noncontrolling Interests": -10618576.0,
        "Net Income Continuous Operations": -10618576.0,
        "Pretax Income": -10618576.0,
        "Other Income Expense": -847248.0,
        "Other Non Operating Income Expenses": -847248.0,
        "Gain On Sale Of Security": 1668906.0,
        "Net Non Operating Interest Income Expense": -6786879.0,
        "Interest Expense Non Operating": 6786885.0,
        "Interest Income Non Operating": 6.0,
        "Operating Income": -2984449.0,
        "Operating Expense": 3591274.0,
        "Depreciation Amortization Depletion Income Statement": 399448.0,
        "Depreciation And Amortization In Income Statement": 399448.0,
        "Selling General And Administration": 3191826.0,
        "General And Administrative Expense": 3191826.0,
        "Other Gand A": 3191826.0,
        "Gross Profit": 606825.0,
        "Cost Of Revenue": 6379138.0,
        "Total Revenue": 6985963.0,
        "Operating Revenue": 6985963.0
    },
    "2023-12-31": {
        "Tax Effect Of Unusual Items": 0.0,
        "Tax Rate For Calcs": 0.0,
        "Normalized EBITDA": -140160.0,
        "Total Unusual Items": NaN,
        "Total Unusual Items Excluding Goodwill": NaN,
        "Net Income From Continuing Operation Net Minority Interest": -230032.0,
        "Reconciled Depreciation": 4437.0,
        "Reconciled Cost Of Revenue": NaN,
        "EBITDA": -140160.0,
        "EBIT": -144597.0,
        "Net Interest Income": 10852.0,
        "Interest Expense": 85435.0,
        "Interest Income": 96287.0,
        "Normalized Income": -230032.0,
        "Net Income From Continuing And Discontinued Operation": -230032.0,
        "Total Expenses": 240884.0,
        "Total Operating Income As Reported": -240884.0,
        "Diluted Average Shares": NaN,
        "Basic Average Shares": NaN,
        "Diluted EPS": NaN,
        "Basic EPS": NaN,
        "Diluted NI Availto Com Stockholders": -230032.0,
        "Net Income Common Stockholders": -230032.0,
        "Preferred Stock Dividends": NaN,
        "Net Income": -230032.0,
        "Minority Interests": NaN,
        "Net Income Including Noncontrolling Interests": -230032.0,
        "Net Income Continuous Operations": -230032.0,
        "Pretax Income": -230032.0,
        "Other Income Expense": NaN,
        "Other Non Operating Income Expenses": NaN,
        "Gain On Sale Of Security": NaN,
        "Net Non Operating Interest Income Expense": 10852.0,
        "Interest Expense Non Operating": 85435.0,
        "Interest Income Non Operating": 96287.0,
        "Operating Income": -240884.0,
        "Operating Expense": 240884.0,
        "Depreciation Amortization Depletion Income Statement": NaN,
        "Depreciation And Amortization In Income Statement": NaN,
        "Selling General And Administration": 230892.0,
        "General And Administrative Expense": 230892.0,
        "Other Gand A": 21786.0,
        "Gross Profit": NaN,
        "Cost Of Revenue": NaN,
        "Total Revenue": 0.0,
        "Operating Revenue": 0.0
    },
    "2023-09-30": {
        "Tax Effect Of Unusual Items": NaN,
        "Tax Rate For Calcs": NaN,
        "Normalized EBITDA": NaN,
        "Total Unusual Items": NaN,
        "Total Unusual Items Excluding Goodwill": NaN,
        "Net Income From Continuing Operation Net Minority Interest": NaN,
        "Reconciled Depreciation": NaN,
        "Reconciled Cost Of Revenue": NaN,
        "EBITDA": NaN,
        "EBIT": NaN,
        "Net Interest Income": NaN,
        "Interest Expense": NaN,
        "Interest Income": NaN,
        "Normalized Income": NaN,
        "Net Income From Continuing And Discontinued Operation": NaN,
        "Total Expenses": NaN,
        "Total Operating Income As Reported": NaN,
        "Diluted Average Shares": 111483052.0,
        "Basic Average Shares": 111483052.0,
        "Diluted EPS": -0.00205,
        "Basic EPS": -0.00205,
        "Diluted NI Availto Com Stockholders": NaN,
        "Net Income Common Stockholders": NaN,
        "Preferred Stock Dividends": NaN,
        "Net Income": NaN,
        "Minority Interests": NaN,
        "Net Income Including Noncontrolling Interests": NaN,
        "Net Income Continuous Operations": NaN,
        "Pretax Income": NaN,
        "Other Income Expense": NaN,
        "Other Non Operating Income Expenses": NaN,
        "Gain On Sale Of Security": NaN,
        "Net Non Operating Interest Income Expense": NaN,
        "Interest Expense Non Operating": NaN,
        "Interest Income Non Operating": NaN,
        "Operating Income": NaN,
        "Operating Expense": NaN,
        "Depreciation Amortization Depletion Income Statement": NaN,
        "Depreciation And Amortization In Income Statement": NaN,
        "Selling General And Administration": NaN,
        "General And Administrative Expense": NaN,
        "Other Gand A": NaN,
        "Gross Profit": NaN,
        "Cost Of Revenue": NaN,
        "Total Revenue": NaN,
        "Operating Revenue": NaN
    },
    "2024-12-31": {
        "Tax Effect Of Unusual Items": 0.0,
        "Tax Rate For Calcs": 0.0,
        "Normalized EBITDA": -6929753.0,
        "Total Unusual Items": -3810545.0,
        "Total Unusual Items Excluding Goodwill": -3810545.0,
        "Net Income From Continuing Operation Net Minority Interest": -17253771.0,
        "Reconciled Depreciation": 1047573.0,
        "Reconciled Cost Of Revenue": NaN,
        "EBITDA": -10740298.0,
        "EBIT": -11787871.0,
        "Net Interest Income": -9392430.0,
        "Interest Expense": 5465900.0,
        "Interest Income": -3926530.0,
        "Normalized Income": -13443226.0,
        "Net Income From Continuing And Discontinued Operation": -17253771.0,
        "Total Expenses": 32070328.0,
        "Total Operating Income As Reported": -4300049.0,
        "Diluted Average Shares": NaN,
        "Basic Average Shares": NaN,
        "Diluted EPS": NaN,
        "Basic EPS": NaN,
        "Diluted NI Availto Com Stockholders": -17512042.0,
        "Net Income Common Stockholders": -17512042.0,
        "Preferred Stock Dividends": NaN,
        "Net Income": -17253771.0,
        "Minority Interests": NaN,
        "Net Income Including Noncontrolling Interests": -17253771.0,
        "Net Income Continuous Operations": -17253771.0,
        "Pretax Income": -17253771.0,
        "Other Income Expense": -3561292.0,
        "Other Non Operating Income Expenses": NaN,
        "Gain On Sale Of Security": NaN,
        "Net Non Operating Interest Income Expense": -9392430.0,
        "Interest Expense Non Operating": 5465900.0,
        "Interest Income Non Operating": -3926530.0,
        "Operating Income": -4300049.0,
        "Operating Expense": 6602913.0,
        "Depreciation Amortization Depletion Income Statement": NaN,
        "Depreciation And Amortization In Income Statement": NaN,
        "Selling General And Administration": 5523391.0,
        "General And Administrative Expense": 5523391.0,
        "Other Gand A": 5523391.0,
        "Gross Profit": NaN,
        "Cost Of Revenue": NaN,
        "Total Revenue": 27770279.0,
        "Operating Revenue": 27770279.0
    },
    "2025-03-31": {
        "Tax Effect Of Unusual Items": 0.0,
        "Tax Rate For Calcs": 0.0,
        "Normalized EBITDA": -4791424.0,
        "Total Unusual Items": NaN,
        "Total Unusual Items Excluding Goodwill": NaN,
        "Net Income From Continuing Operation Net Minority Interest": -8787534.0,
        "Reconciled Depreciation": 823178.0,
        "Reconciled Cost Of Revenue": 15664862.0,
        "EBITDA": -4791424.0,
        "EBIT": -5614602.0,
        "Net Interest Income": -3323397.0,
        "Interest Expense": 3323397.0,
        "Interest Income": 0.0,
        "Normalized Income": -8787534.0,
        "Net Income From Continuing And Discontinued Operation": -8787534.0,
        "Total Expenses": 22026545.0,
        "Total Operating Income As Reported": -5753872.0,
        "Diluted Average Shares": 5607205.0,
        "Basic Average Shares": 5607205.0,
        "Diluted EPS": -1.6,
        "Basic EPS": -1.6,
        "Diluted NI Availto Com Stockholders": -8960972.0,
        "Net Income Common Stockholders": -8960972.0,
        "Preferred Stock Dividends": 173438.0,
        "Net Income": -8787534.0,
        "Minority Interests": 150465.0,
        "Net Income Including Noncontrolling Interests": -8937999.0,
        "Net Income Continuous Operations": -8937999.0,
        "Pretax Income": -8937999.0,
        "Other Income Expense": 139270.0,
        "Other Non Operating Income Expenses": 139270.0,
        "Gain On Sale Of Security": NaN,
        "Net Non Operating Interest Income Expense": -3323397.0,
        "Interest Expense Non Operating": 3323397.0,
        "Interest Income Non Operating": 0.0,
        "Operating Income": -5753872.0,
        "Operating Expense": 6271841.0,
        "Depreciation Amortization Depletion Income Statement": 733336.0,
        "Depreciation And Amortization In Income Statement": 733336.0,
        "Selling General And Administration": 5538505.0,
        "General And Administrative Expense": 5538505.0,
        "Other Gand A": 5538505.0,
        "Gross Profit": 517969.0,
        "Cost Of Revenue": 15754704.0,
        "Total Revenue": 16272673.0,
        "Operating Revenue": 16272673.0
    },
    "2024-03-31": {
        "Tax Effect Of Unusual Items": NaN,
        "Tax Rate For Calcs": NaN,
        "Normalized EBITDA": NaN,
        "Total Unusual Items": NaN,
        "Total Unusual Items Excluding Goodwill": NaN,
        "Net Income From Continuing Operation Net Minority Interest": NaN,
        "Reconciled Depreciation": NaN,
        "Reconciled Cost Of Revenue": 6059093.0,
        "EBITDA": NaN,
        "EBIT": NaN,
        "Net Interest Income": NaN,
        "Interest Expense": NaN,
        "Interest Income": NaN,
        "Normalized Income": NaN,
        "Net Income From Continuing And Discontinued Operation": NaN,
        "Total Expenses": NaN,
        "Total Operating Income As Reported": NaN,
        "Diluted Average Shares": 111483052.0,
        "Basic Average Shares": 111483052.0,
        "Diluted EPS": -0.023997,
        "Basic EPS": -0.023997,
        "Diluted NI Availto Com Stockholders": NaN,
        "Net Income Common Stockholders": NaN,
        "Preferred Stock Dividends": NaN,
        "Net Income": NaN,
        "Minority Interests": NaN,
        "Net Income Including Noncontrolling Interests": NaN,
        "Net Income Continuous Operations": NaN,
        "Pretax Income": NaN,
        "Other Income Expense": NaN,
        "Other Non Operating Income Expenses": 63800.0,
        "Gain On Sale Of Security": NaN,
        "Net Non Operating Interest Income Expense": NaN,
        "Interest Expense Non Operating": NaN,
        "Interest Income Non Operating": NaN,
        "Operating Income": NaN,
        "Operating Expense": NaN,
        "Depreciation Amortization Depletion Income Statement": 392987.0,
        "Depreciation And Amortization In Income Statement": 392987.0,
        "Selling General And Administration": NaN,
        "General And Administrative Expense": NaN,
        "Other Gand A": NaN,
        "Gross Profit": 461786.0,
        "Cost Of Revenue": 6135333.0,
        "Total Revenue": NaN,
        "Operating Revenue": NaN
    },
    "2025-06-30": {
        "Tax Effect Of Unusual Items": 0.0,
        "Tax Rate For Calcs": 0.0,
        "Normalized EBITDA": -31126047.0,
        "Total Unusual Items": NaN,
        "Total Unusual Items Excluding Goodwill": NaN,
        "Net Income From Continuing Operation Net Minority Interest": -36100766.0,
        "Reconciled Depreciation": 688197.0,
        "Reconciled Cost Of Revenue": 17989307.0,
        "EBITDA": -31126047.0,
        "EBIT": -31814244.0,
        "Net Interest Income": -4318990.0,
        "Interest Expense": 4319031.0,
        "Interest Income": 41.0,
        "Normalized Income": -36100766.0,
        "Net Income From Continuing And Discontinued Operation": -36100766.0,
        "Total Expenses": 50457272.0,
        "Total Operating Income As Reported": -30765704.0,
        "Diluted Average Shares": 119114085.0,
        "Basic Average Shares": 119114085.0,
        "Diluted EPS": -0.3,
        "Basic EPS": -0.3,
        "Diluted NI Availto Com Stockholders": -36274204.0,
        "Net Income Common Stockholders": -36274204.0,
        "Preferred Stock Dividends": 173438.0,
        "Net Income": -36100766.0,
        "Minority Interests": 32509.0,
        "Net Income Including Noncontrolling Interests": -36133275.0,
        "Net Income Continuous Operations": -36133275.0,
        "Pretax Income": -36133275.0,
        "Other Income Expense": -1048581.0,
        "Other Non Operating Income Expenses": -1048581.0,
        "Gain On Sale Of Security": NaN,
        "Net Non Operating Interest Income Expense": -4318990.0,
        "Interest Expense Non Operating": 4319031.0,
        "Interest Income Non Operating": 41.0,
        "Operating Income": -30765704.0,
        "Operating Expense": 32335520.0,
        "Depreciation Amortization Depletion Income Statement": 555752.0,
        "Depreciation And Amortization In Income Statement": 555752.0,
        "Selling General And Administration": 31779768.0,
        "General And Administrative Expense": 31779768.0,
        "Other Gand A": 31779768.0,
        "Gross Profit": 1569816.0,
        "Cost Of Revenue": 18121752.0,
        "Total Revenue": 19691568.0,
        "Operating Revenue": 19691568.0
    },
    "2024-06-30": {
        "Tax Effect Of Unusual Items": NaN,
        "Tax Rate For Calcs": NaN,
        "Normalized EBITDA": NaN,
        "Total Unusual Items": NaN,
        "Total Unusual Items Excluding Goodwill": NaN,
        "Net Income From Continuing Operation Net Minority Interest": NaN,
        "Reconciled Depreciation": NaN,
        "Reconciled Cost Of Revenue": 6799612.0,
        "EBITDA": NaN,
        "EBIT": NaN,
        "Net Interest Income": NaN,
        "Interest Expense": NaN,
        "Interest Income": NaN,
        "Normalized Income": NaN,
        "Net Income From Continuing And Discontinued Operation": NaN,
        "Total Expenses": NaN,
        "Total Operating Income As Reported": NaN,
        "Diluted Average Shares": 111483052.0,
        "Basic Average Shares": 111483052.0,
        "Diluted EPS": -0.050379,
        "Basic EPS": -0.050379,
        "Diluted NI Availto Com Stockholders": NaN,
        "Net Income Common Stockholders": NaN,
        "Preferred Stock Dividends": NaN,
        "Net Income": NaN,
        "Minority Interests": 0.0,
        "Net Income Including Noncontrolling Interests": NaN,
        "Net Income Continuous Operations": NaN,
        "Pretax Income": NaN,
        "Other Income Expense": NaN,
        "Other Non Operating Income Expenses": 60451.0,
        "Gain On Sale Of Security": NaN,
        "Net Non Operating Interest Income Expense": NaN,
        "Interest Expense Non Operating": NaN,
        "Interest Income Non Operating": NaN,
        "Operating Income": NaN,
        "Operating Expense": NaN,
        "Depreciation Amortization Depletion Income Statement": 380834.0,
        "Depreciation And Amortization In Income Statement": 380834.0,
        "Selling General And Administration": NaN,
        "General And Administrative Expense": NaN,
        "Other Gand A": NaN,
        "Gross Profit": 547326.0,
        "Cost Of Revenue": 6847452.0,
        "Total Revenue": NaN,
        "Operating Revenue": NaN
    },
    "2025-09-30": {
        "Tax Effect Of Unusual Items": 0.0,
        "Tax Rate For Calcs": 0.0,
        "Normalized EBITDA": -10045872.0,
        "Total Unusual Items": NaN,
        "Total Unusual Items Excluding Goodwill": NaN,
        "Net Income From Continuing Operation Net Minority Interest": -14124837.0,
        "Reconciled Depreciation": -2029254.0,
        "Reconciled Cost Of Revenue": 22984499.0,
        "EBITDA": -10045872.0,
        "EBIT": -10583043.0,
        "Net Interest Income": -4391940.0,
        "Interest Expense": 4391950.0,
        "Interest Income": 10.0,
        "Normalized Income": -14124837.0,
        "Net Income From Continuing And Discontinued Operation": -14124837.0,
        "Total Expenses": 31861908.0,
        "Total Operating Income As Reported": -9001867.0,
        "Diluted Average Shares": 125214661.0,
        "Basic Average Shares": 125214661.0,
        "Diluted EPS": -0.12,
        "Basic EPS": -0.12,
        "Diluted NI Availto Com Stockholders": -14298275.0,
        "Net Income Common Stockholders": -14298275.0,
        "Preferred Stock Dividends": 173438.0,
        "Net Income": -14124837.0,
        "Minority Interests": 745412.0,
        "Net Income Including Noncontrolling Interests": -14974993.0,
        "Net Income Continuous Operations": -14974993.0,
        "Pretax Income": -14974993.0,
        "Other Income Expense": -1581186.0,
        "Other Non Operating Income Expenses": -1581186.0,
        "Gain On Sale Of Security": NaN,
        "Net Non Operating Interest Income Expense": -4391940.0,
        "Interest Expense Non Operating": 4391950.0,
        "Interest Income Non Operating": 10.0,
        "Operating Income": -9001867.0,
        "Operating Expense": 11443834.0,
        "Depreciation Amortization Depletion Income Statement": 537171.0,
        "Depreciation And Amortization In Income Statement": 537171.0,
        "Selling General And Administration": 10906663.0,
        "General And Administrative Expense": 10906663.0,
        "Other Gand A": 10906663.0,
        "Gross Profit": 2441967.0,
        "Cost Of Revenue": 20418074.0,
        "Total Revenue": 22860041.0,
        "Operating Revenue": 22860041.0
    }
}