{
    "2023-03-31": {
        "Tax Effect Of Unusual Items": NaN,
        "Tax Rate For Calcs": NaN,
        "Normalized EBITDA": NaN,
        "Total Unusual Items": -442000.0,
        "Total Unusual Items Excluding Goodwill": -442000.0,
        "Net Income From Continuing Operation Net Minority Interest": NaN,
        "Reconciled Depreciation": 555000.0,
        "Reconciled Cost Of Revenue": NaN,
        "EBITDA": NaN,
        "EBIT": NaN,
        "Net Interest Income": NaN,
        "Interest Expense": NaN,
        "Interest Income": NaN,
        "Normalized Income": NaN,
        "Net Income From Continuing And Discontinued Operation": NaN,
        "Total Expenses": NaN,
        "Rent Expense Supplemental": 88000.0,
        "Total Operating Income As Reported": NaN,
        "Diluted Average Shares": 25878120.0,
        "Basic Average Shares": 25878120.0,
        "Diluted EPS": -0.46,
        "Basic EPS": -0.46,
        "Diluted NI Availto Com Stockholders": NaN,
        "Net Income Common Stockholders": NaN,
        "Net Income": NaN,
        "Net Income Including Noncontrolling Interests": NaN,
        "Net Income Continuous Operations": NaN,
        "Tax Provision": NaN,
        "Pretax Income": NaN,
        "Other Income Expense": -442000.0,
        "Gain On Sale Of Security": -442000.0,
        "Net Non Operating Interest Income Expense": NaN,
        "Total Other Finance Cost": -2000.0,
        "Interest Expense Non Operating": NaN,
        "Interest Income Non Operating": NaN,
        "Operating Income": NaN,
        "Operating Expense": NaN,
        "Other Operating Expenses": -46000.0,
        "Depreciation Amortization Depletion Income Statement": 242000.0,
        "Depreciation And Amortization In Income Statement": 242000.0,
        "Research And Development": NaN,
        "Selling General And Administration": NaN,
        "General And Administrative Expense": 5309000.0,
        "Other Gand A": 2521000.0,
        "Insurance And Claims": 287000.0,
        "Rent And Landing Fees": 88000.0,
        "Salaries And Wages": 2413000.0,
        "Gross Profit": NaN,
        "Cost Of Revenue": NaN,
        "Total Revenue": NaN,
        "Operating Revenue": NaN
    },
    "2022-12-31": {
        "Tax Effect Of Unusual Items": NaN,
        "Tax Rate For Calcs": NaN,
        "Normalized EBITDA": NaN,
        "Total Unusual Items": NaN,
        "Total Unusual Items Excluding Goodwill": NaN,
        "Net Income From Continuing Operation Net Minority Interest": NaN,
        "Reconciled Depreciation": NaN,
        "Reconciled Cost Of Revenue": NaN,
        "EBITDA": NaN,
        "EBIT": NaN,
        "Net Interest Income": NaN,
        "Interest Expense": NaN,
        "Interest Income": NaN,
        "Normalized Income": NaN,
        "Net Income From Continuing And Discontinued Operation": NaN,
        "Total Expenses": NaN,
        "Rent Expense Supplemental": NaN,
        "Total Operating Income As Reported": NaN,
        "Diluted Average Shares": 25867704.0,
        "Basic Average Shares": 25867704.0,
        "Diluted EPS": -0.514,
        "Basic EPS": -0.514,
        "Diluted NI Availto Com Stockholders": NaN,
        "Net Income Common Stockholders": NaN,
        "Net Income": NaN,
        "Net Income Including Noncontrolling Interests": NaN,
        "Net Income Continuous Operations": NaN,
        "Tax Provision": NaN,
        "Pretax Income": NaN,
        "Other Income Expense": NaN,
        "Gain On Sale Of Security": NaN,
        "Net Non Operating Interest Income Expense": NaN,
        "Total Other Finance Cost": NaN,
        "Interest Expense Non Operating": NaN,
        "Interest Income Non Operating": NaN,
        "Operating Income": NaN,
        "Operating Expense": NaN,
        "Other Operating Expenses": -46000.0,
        "Depreciation Amortization Depletion Income Statement": NaN,
        "Depreciation And Amortization In Income Statement": NaN,
        "Research And Development": NaN,
        "Selling General And Administration": NaN,
        "General And Administrative Expense": NaN,
        "Other Gand A": NaN,
        "Insurance And Claims": NaN,
        "Rent And Landing Fees": NaN,
        "Salaries And Wages": NaN,
        "Gross Profit": NaN,
        "Cost Of Revenue": NaN,
        "Total Revenue": NaN,
        "Operating Revenue": NaN
    },
    "2022-09-30": {
        "Tax Effect Of Unusual Items": 1085600.0,
        "Tax Rate For Calcs": 0.4,
        "Normalized EBITDA": -8341000.0,
        "Total Unusual Items": 2714000.0,
        "Total Unusual Items Excluding Goodwill": 2714000.0,
        "Net Income From Continuing Operation Net Minority Interest": -6240000.0,
        "Reconciled Depreciation": 501000.0,
        "Reconciled Cost Of Revenue": 63000.0,
        "EBITDA": -5627000.0,
        "EBIT": -6128000.0,
        "Net Interest Income": -111000.0,
        "Interest Expense": 47000.0,
        "Interest Income": 79000.0,
        "Normalized Income": -7868400.0,
        "Net Income From Continuing And Discontinued Operation": -6240000.0,
        "Total Expenses": 8960000.0,
        "Rent Expense Supplemental": 245000.0,
        "Total Operating Income As Reported": -8778000.0,
        "Diluted Average Shares": 25836279.0,
        "Basic Average Shares": 25836279.0,
        "Diluted EPS": -0.242,
        "Basic EPS": -0.242,
        "Diluted NI Availto Com Stockholders": -6240000.0,
        "Net Income Common Stockholders": -6240000.0,
        "Net Income": -6240000.0,
        "Net Income Including Noncontrolling Interests": -6240000.0,
        "Net Income Continuous Operations": -6240000.0,
        "Tax Provision": 65000.0,
        "Pretax Income": -6175000.0,
        "Other Income Expense": 2714000.0,
        "Gain On Sale Of Security": 2714000.0,
        "Net Non Operating Interest Income Expense": -111000.0,
        "Total Other Finance Cost": 143000.0,
        "Interest Expense Non Operating": 47000.0,
        "Interest Income Non Operating": 79000.0,
        "Operating Income": -8778000.0,
        "Operating Expense": 8897000.0,
        "Other Operating Expenses": -87000.0,
        "Depreciation Amortization Depletion Income Statement": 179000.0,
        "Depreciation And Amortization In Income Statement": 179000.0,
        "Research And Development": 4221000.0,
        "Selling General And Administration": 4584000.0,
        "General And Administrative Expense": 4584000.0,
        "Other Gand A": 1880000.0,
        "Insurance And Claims": 404000.0,
        "Rent And Landing Fees": 245000.0,
        "Salaries And Wages": 2055000.0,
        "Gross Profit": 119000.0,
        "Cost Of Revenue": 63000.0,
        "Total Revenue": 182000.0,
        "Operating Revenue": 182000.0
    },
    "2022-06-30": {
        "Tax Effect Of Unusual Items": 0.0,
        "Tax Rate For Calcs": 0.4,
        "Normalized EBITDA": -2247000.0,
        "Total Unusual Items": NaN,
        "Total Unusual Items Excluding Goodwill": NaN,
        "Net Income From Continuing Operation Net Minority Interest": -4990000.0,
        "Reconciled Depreciation": 475000.0,
        "Reconciled Cost Of Revenue": 334000.0,
        "EBITDA": -2247000.0,
        "EBIT": -2722000.0,
        "Net Interest Income": 2509000.0,
        "Interest Expense": 2161000.0,
        "Interest Income": 4670000.0,
        "Normalized Income": -4990000.0,
        "Net Income From Continuing And Discontinued Operation": -4990000.0,
        "Total Expenses": 8326000.0,
        "Rent Expense Supplemental": NaN,
        "Total Operating Income As Reported": -7391000.0,
        "Diluted Average Shares": 25806768.0,
        "Basic Average Shares": 25806768.0,
        "Diluted EPS": -0.193,
        "Basic EPS": -0.193,
        "Diluted NI Availto Com Stockholders": -4990000.0,
        "Net Income Common Stockholders": -4990000.0,
        "Net Income": -4990000.0,
        "Net Income Including Noncontrolling Interests": -4990000.0,
        "Net Income Continuous Operations": -4990000.0,
        "Tax Provision": 107000.0,
        "Pretax Income": -4883000.0,
        "Other Income Expense": NaN,
        "Gain On Sale Of Security": NaN,
        "Net Non Operating Interest Income Expense": 2509000.0,
        "Total Other Finance Cost": NaN,
        "Interest Expense Non Operating": 2161000.0,
        "Interest Income Non Operating": 4670000.0,
        "Operating Income": -7391000.0,
        "Operating Expense": 7992000.0,
        "Other Operating Expenses": -14000.0,
        "Depreciation Amortization Depletion Income Statement": NaN,
        "Depreciation And Amortization In Income Statement": NaN,
        "Research And Development": 3470000.0,
        "Selling General And Administration": 4536000.0,
        "General And Administrative Expense": NaN,
        "Other Gand A": NaN,
        "Insurance And Claims": NaN,
        "Rent And Landing Fees": NaN,
        "Salaries And Wages": NaN,
        "Gross Profit": 601000.0,
        "Cost Of Revenue": 334000.0,
        "Total Revenue": 935000.0,
        "Operating Revenue": 935000.0
    },
    "2022-03-31": {
        "Diluted EPS": -0.29,
        "Total Revenue": 1,
        "Gross Profit": 0,
        "Operating Income": -8,
        "EBIT": -8,
        "Net Income": -8
    },
    "2021-12-31": {
        "Diluted EPS": 0.0,
        "Total Revenue": NaN,
        "Gross Profit": NaN,
        "Operating Income": NaN,
        "EBIT": NaN,
        "Net Income": NaN
    },
    "2021-06-30": {
        "Diluted EPS": 0.0,
        "Total Revenue": NaN,
        "Gross Profit": NaN,
        "Operating Income": NaN,
        "Net Income": NaN
    },
    "2021-03-31": {
        "Diluted EPS": -0.31,
        "Total Revenue": 0,
        "Gross Profit": 0,
        "Operating Income": -6,
        "EBIT": -6,
        "Net Income": -7
    },
    "2020-12-31": {
        "Diluted EPS": 0.0,
        "Total Revenue": NaN,
        "Gross Profit": NaN,
        "Operating Income": NaN,
        "EBIT": NaN,
        "Net Income": NaN
    },
    "2023-06-30": {
        "Tax Effect Of Unusual Items": NaN,
        "Tax Rate For Calcs": NaN,
        "Normalized EBITDA": NaN,
        "Total Unusual Items": NaN,
        "Total Unusual Items Excluding Goodwill": NaN,
        "Net Income From Continuing Operation Net Minority Interest": NaN,
        "Reconciled Depreciation": NaN,
        "Reconciled Cost Of Revenue": NaN,
        "EBITDA": NaN,
        "EBIT": NaN,
        "Net Interest Income": NaN,
        "Interest Expense": NaN,
        "Interest Income": NaN,
        "Normalized Income": NaN,
        "Net Income From Continuing And Discontinued Operation": NaN,
        "Total Expenses": NaN,
        "Rent Expense Supplemental": NaN,
        "Total Operating Income As Reported": NaN,
        "Diluted Average Shares": 28628635.0,
        "Basic Average Shares": 28628635.0,
        "Diluted EPS": -0.447,
        "Basic EPS": -0.447,
        "Diluted NI Availto Com Stockholders": NaN,
        "Net Income Common Stockholders": NaN,
        "Net Income": NaN,
        "Net Income Including Noncontrolling Interests": NaN,
        "Net Income Continuous Operations": NaN,
        "Tax Provision": NaN,
        "Pretax Income": NaN,
        "Other Income Expense": NaN,
        "Gain On Sale Of Security": NaN,
        "Net Non Operating Interest Income Expense": NaN,
        "Total Other Finance Cost": NaN,
        "Interest Expense Non Operating": NaN,
        "Interest Income Non Operating": NaN,
        "Operating Income": NaN,
        "Operating Expense": NaN,
        "Other Operating Expenses": NaN,
        "Depreciation Amortization Depletion Income Statement": NaN,
        "Depreciation And Amortization In Income Statement": NaN,
        "Research And Development": NaN,
        "Selling General And Administration": NaN,
        "General And Administrative Expense": NaN,
        "Other Gand A": NaN,
        "Insurance And Claims": NaN,
        "Rent And Landing Fees": NaN,
        "Salaries And Wages": NaN,
        "Gross Profit": NaN,
        "Cost Of Revenue": NaN,
        "Total Revenue": NaN,
        "Operating Revenue": NaN
    },
    "2023-09-30": {
        "Tax Effect Of Unusual Items": NaN,
        "Tax Rate For Calcs": NaN,
        "Normalized EBITDA": NaN,
        "Total Unusual Items": 602000.0,
        "Total Unusual Items Excluding Goodwill": 602000.0,
        "Net Income From Continuing Operation Net Minority Interest": NaN,
        "Reconciled Depreciation": 519000.0,
        "Reconciled Cost Of Revenue": NaN,
        "EBITDA": NaN,
        "EBIT": NaN,
        "Net Interest Income": NaN,
        "Interest Expense": NaN,
        "Interest Income": NaN,
        "Normalized Income": NaN,
        "Net Income From Continuing And Discontinued Operation": NaN,
        "Total Expenses": NaN,
        "Rent Expense Supplemental": 74000.0,
        "Total Operating Income As Reported": NaN,
        "Diluted Average Shares": 28667159.0,
        "Basic Average Shares": 28667159.0,
        "Diluted EPS": -0.266,
        "Basic EPS": -0.266,
        "Diluted NI Availto Com Stockholders": NaN,
        "Net Income Common Stockholders": NaN,
        "Net Income": NaN,
        "Net Income Including Noncontrolling Interests": NaN,
        "Net Income Continuous Operations": NaN,
        "Tax Provision": NaN,
        "Pretax Income": NaN,
        "Other Income Expense": 602000.0,
        "Gain On Sale Of Security": 602000.0,
        "Net Non Operating Interest Income Expense": NaN,
        "Total Other Finance Cost": -25000.0,
        "Interest Expense Non Operating": NaN,
        "Interest Income Non Operating": NaN,
        "Operating Income": NaN,
        "Operating Expense": NaN,
        "Other Operating Expenses": NaN,
        "Depreciation Amortization Depletion Income Statement": 254000.0,
        "Depreciation And Amortization In Income Statement": 254000.0,
        "Research And Development": NaN,
        "Selling General And Administration": NaN,
        "General And Administrative Expense": 4804000.0,
        "Other Gand A": 2135000.0,
        "Insurance And Claims": 274000.0,
        "Rent And Landing Fees": 74000.0,
        "Salaries And Wages": 2321000.0,
        "Gross Profit": NaN,
        "Cost Of Revenue": NaN,
        "Total Revenue": NaN,
        "Operating Revenue": NaN
    },
    "2023-12-31": {
        "Tax Effect Of Unusual Items": NaN,
        "Tax Rate For Calcs": NaN,
        "Normalized EBITDA": NaN,
        "Total Unusual Items": -826000.0,
        "Total Unusual Items Excluding Goodwill": -826000.0,
        "Net Income From Continuing Operation Net Minority Interest": NaN,
        "Reconciled Depreciation": 724000.0,
        "Reconciled Cost Of Revenue": NaN,
        "EBITDA": NaN,
        "EBIT": NaN,
        "Net Interest Income": NaN,
        "Interest Expense": NaN,
        "Interest Income": NaN,
        "Normalized Income": NaN,
        "Net Income From Continuing And Discontinued Operation": NaN,
        "Total Expenses": NaN,
        "Rent Expense Supplemental": 48000.0,
        "Total Operating Income As Reported": NaN,
        "Diluted Average Shares": NaN,
        "Basic Average Shares": NaN,
        "Diluted EPS": NaN,
        "Basic EPS": NaN,
        "Diluted NI Availto Com Stockholders": NaN,
        "Net Income Common Stockholders": NaN,
        "Net Income": NaN,
        "Net Income Including Noncontrolling Interests": NaN,
        "Net Income Continuous Operations": NaN,
        "Tax Provision": NaN,
        "Pretax Income": NaN,
        "Other Income Expense": -826000.0,
        "Gain On Sale Of Security": -826000.0,
        "Net Non Operating Interest Income Expense": NaN,
        "Total Other Finance Cost": 265000.0,
        "Interest Expense Non Operating": NaN,
        "Interest Income Non Operating": NaN,
        "Operating Income": NaN,
        "Operating Expense": NaN,
        "Other Operating Expenses": NaN,
        "Depreciation Amortization Depletion Income Statement": 305000.0,
        "Depreciation And Amortization In Income Statement": 305000.0,
        "Research And Development": NaN,
        "Selling General And Administration": NaN,
        "General And Administrative Expense": 4588000.0,
        "Other Gand A": 2583000.0,
        "Insurance And Claims": 135000.0,
        "Rent And Landing Fees": 48000.0,
        "Salaries And Wages": 1822000.0,
        "Gross Profit": NaN,
        "Cost Of Revenue": NaN,
        "Total Revenue": NaN,
        "Operating Revenue": NaN
    },
    "2024-03-31": {
        "Tax Effect Of Unusual Items": 68250.0,
        "Tax Rate For Calcs": 0.25,
        "Normalized EBITDA": -11100000.0,
        "Total Unusual Items": 273000.0,
        "Total Unusual Items Excluding Goodwill": 273000.0,
        "Net Income From Continuing Operation Net Minority Interest": -11906000.0,
        "Reconciled Depreciation": 610000.0,
        "Reconciled Cost Of Revenue": 122000.0,
        "EBITDA": -10827000.0,
        "EBIT": -11437000.0,
        "Net Interest Income": 144000.0,
        "Interest Expense": 359000.0,
        "Interest Income": 498000.0,
        "Normalized Income": -12110750.0,
        "Net Income From Continuing And Discontinued Operation": -11906000.0,
        "Total Expenses": 13434000.0,
        "Rent Expense Supplemental": 164000.0,
        "Total Operating Income As Reported": -12213000.0,
        "Diluted Average Shares": 28676388.0,
        "Basic Average Shares": 28676388.0,
        "Diluted EPS": -0.415,
        "Basic EPS": -0.415,
        "Diluted NI Availto Com Stockholders": -11906000.0,
        "Net Income Common Stockholders": -11906000.0,
        "Net Income": -11906000.0,
        "Net Income Including Noncontrolling Interests": -11906000.0,
        "Net Income Continuous Operations": -11906000.0,
        "Tax Provision": 110000.0,
        "Pretax Income": -11796000.0,
        "Other Income Expense": 273000.0,
        "Gain On Sale Of Security": 273000.0,
        "Net Non Operating Interest Income Expense": 144000.0,
        "Total Other Finance Cost": -5000.0,
        "Interest Expense Non Operating": 359000.0,
        "Interest Income Non Operating": 498000.0,
        "Operating Income": -12213000.0,
        "Operating Expense": 12979000.0,
        "Other Operating Expenses": -128000.0,
        "Depreciation Amortization Depletion Income Statement": 277000.0,
        "Depreciation And Amortization In Income Statement": 277000.0,
        "Research And Development": 7135000.0,
        "Selling General And Administration": 5695000.0,
        "General And Administrative Expense": 5695000.0,
        "Other Gand A": 2825000.0,
        "Insurance And Claims": 122000.0,
        "Rent And Landing Fees": 164000.0,
        "Salaries And Wages": 2584000.0,
        "Gross Profit": 766000.0,
        "Cost Of Revenue": 455000.0,
        "Total Revenue": 1221000.0,
        "Operating Revenue": 1221000.0
    },
    "2024-06-30": {
        "Tax Effect Of Unusual Items": 0.0,
        "Tax Rate For Calcs": 0.25,
        "Normalized EBITDA": -11238000.0,
        "Total Unusual Items": NaN,
        "Total Unusual Items Excluding Goodwill": NaN,
        "Net Income From Continuing Operation Net Minority Interest": -13124000.0,
        "Reconciled Depreciation": NaN,
        "Reconciled Cost Of Revenue": 281000.0,
        "EBITDA": -11238000.0,
        "EBIT": -11238000.0,
        "Net Interest Income": 624000.0,
        "Interest Expense": 1445000.0,
        "Interest Income": 2069000.0,
        "Normalized Income": -13124000.0,
        "Net Income From Continuing And Discontinued Operation": -13124000.0,
        "Total Expenses": 14078000.0,
        "Rent Expense Supplemental": NaN,
        "Total Operating Income As Reported": -13307000.0,
        "Diluted Average Shares": 30663551.0,
        "Basic Average Shares": 30663551.0,
        "Diluted EPS": -0.428,
        "Basic EPS": -0.428,
        "Diluted NI Availto Com Stockholders": -13124000.0,
        "Net Income Common Stockholders": -13124000.0,
        "Net Income": -13124000.0,
        "Net Income Including Noncontrolling Interests": -13124000.0,
        "Net Income Continuous Operations": -13124000.0,
        "Tax Provision": 441000.0,
        "Pretax Income": -12683000.0,
        "Other Income Expense": NaN,
        "Gain On Sale Of Security": NaN,
        "Net Non Operating Interest Income Expense": 624000.0,
        "Total Other Finance Cost": NaN,
        "Interest Expense Non Operating": 1445000.0,
        "Interest Income Non Operating": 2069000.0,
        "Operating Income": -13307000.0,
        "Operating Expense": 13797000.0,
        "Other Operating Expenses": -58000.0,
        "Depreciation Amortization Depletion Income Statement": NaN,
        "Depreciation And Amortization In Income Statement": NaN,
        "Research And Development": 7472000.0,
        "Selling General And Administration": 6383000.0,
        "General And Administrative Expense": NaN,
        "Other Gand A": NaN,
        "Insurance And Claims": NaN,
        "Rent And Landing Fees": NaN,
        "Salaries And Wages": NaN,
        "Gross Profit": 490000.0,
        "Cost Of Revenue": 281000.0,
        "Total Revenue": 771000.0,
        "Operating Revenue": 771000.0
    },
    "2024-09-30": {
        "Tax Effect Of Unusual Items": -486000.0,
        "Tax Rate For Calcs": 0.25,
        "Normalized EBITDA": -13935000.0,
        "Total Unusual Items": -1944000.0,
        "Total Unusual Items Excluding Goodwill": -1944000.0,
        "Net Income From Continuing Operation Net Minority Interest": -17058000.0,
        "Reconciled Depreciation": 334000.0,
        "Reconciled Cost Of Revenue": 482000.0,
        "EBITDA": -15879000.0,
        "EBIT": -16213000.0,
        "Net Interest Income": 39000.0,
        "Interest Expense": 672000.0,
        "Interest Income": 703000.0,
        "Normalized Income": -15600000.0,
        "Net Income From Continuing And Discontinued Operation": -17058000.0,
        "Total Expenses": 16246000.0,
        "Rent Expense Supplemental": 170000.0,
        "Total Operating Income As Reported": -14980000.0,
        "Diluted Average Shares": 34380534.0,
        "Basic Average Shares": 34380534.0,
        "Diluted EPS": -0.496,
        "Basic EPS": -0.496,
        "Diluted NI Availto Com Stockholders": -17058000.0,
        "Net Income Common Stockholders": -17058000.0,
        "Net Income": -17058000.0,
        "Net Income Including Noncontrolling Interests": -17058000.0,
        "Net Income Continuous Operations": -17058000.0,
        "Tax Provision": 173000.0,
        "Pretax Income": -16885000.0,
        "Other Income Expense": -1944000.0,
        "Gain On Sale Of Security": -1944000.0,
        "Net Non Operating Interest Income Expense": 39000.0,
        "Total Other Finance Cost": -8000.0,
        "Interest Expense Non Operating": 672000.0,
        "Interest Income Non Operating": 703000.0,
        "Operating Income": -14980000.0,
        "Operating Expense": 15764000.0,
        "Other Operating Expenses": -206000.0,
        "Depreciation Amortization Depletion Income Statement": 334000.0,
        "Depreciation And Amortization In Income Statement": 334000.0,
        "Research And Development": 7928000.0,
        "Selling General And Administration": 7708000.0,
        "General And Administrative Expense": 7708000.0,
        "Other Gand A": 4025000.0,
        "Insurance And Claims": 145000.0,
        "Rent And Landing Fees": 170000.0,
        "Salaries And Wages": 3368000.0,
        "Gross Profit": 784000.0,
        "Cost Of Revenue": 482000.0,
        "Total Revenue": 1266000.0,
        "Operating Revenue": 1266000.0
    },
    "2024-12-31": {
        "Tax Effect Of Unusual Items": 736750.0,
        "Tax Rate For Calcs": 0.25,
        "Normalized EBITDA": -17761000.0,
        "Total Unusual Items": 2947000.0,
        "Total Unusual Items Excluding Goodwill": 2947000.0,
        "Net Income From Continuing Operation Net Minority Interest": -17149000.0,
        "Reconciled Depreciation": 754000.0,
        "Reconciled Cost Of Revenue": 335000.0,
        "EBITDA": -14814000.0,
        "EBIT": -15568000.0,
        "Net Interest Income": 295000.0,
        "Interest Expense": -499000.0,
        "Interest Income": 829000.0,
        "Normalized Income": -19359250.0,
        "Net Income From Continuing And Discontinued Operation": -17149000.0,
        "Total Expenses": 19574000.0,
        "Rent Expense Supplemental": 126000.0,
        "Total Operating Income As Reported": -18311000.0,
        "Diluted Average Shares": 37038877.0,
        "Basic Average Shares": 37038877.0,
        "Diluted EPS": -0.463,
        "Basic EPS": -0.463,
        "Diluted NI Availto Com Stockholders": -17149000.0,
        "Net Income Common Stockholders": -17149000.0,
        "Net Income": -17149000.0,
        "Net Income Including Noncontrolling Interests": -17149000.0,
        "Net Income Continuous Operations": -17149000.0,
        "Tax Provision": 2080000.0,
        "Pretax Income": -15069000.0,
        "Other Income Expense": 2947000.0,
        "Gain On Sale Of Security": 2947000.0,
        "Net Non Operating Interest Income Expense": 295000.0,
        "Total Other Finance Cost": 1033000.0,
        "Interest Expense Non Operating": -499000.0,
        "Interest Income Non Operating": 829000.0,
        "Operating Income": -18311000.0,
        "Operating Expense": 19239000.0,
        "Other Operating Expenses": -615000.0,
        "Depreciation Amortization Depletion Income Statement": 361000.0,
        "Depreciation And Amortization In Income Statement": 361000.0,
        "Research And Development": 11789000.0,
        "Selling General And Administration": 7704000.0,
        "General And Administrative Expense": 7704000.0,
        "Other Gand A": 4311000.0,
        "Insurance And Claims": 105000.0,
        "Rent And Landing Fees": 126000.0,
        "Salaries And Wages": 3162000.0,
        "Gross Profit": 928000.0,
        "Cost Of Revenue": 335000.0,
        "Total Revenue": 1263000.0,
        "Operating Revenue": 1263000.0
    },
    "2025-03-31": {
        "Tax Effect Of Unusual Items": -424500.0,
        "Tax Rate For Calcs": 0.25,
        "Normalized EBITDA": -19504000.0,
        "Total Unusual Items": -1698000.0,
        "Total Unusual Items Excluding Goodwill": -1698000.0,
        "Net Income From Continuing Operation Net Minority Interest": -22384000.0,
        "Reconciled Depreciation": 363000.0,
        "Reconciled Cost Of Revenue": 406000.0,
        "EBITDA": -21202000.0,
        "EBIT": -21565000.0,
        "Net Interest Income": 78000.0,
        "Interest Expense": 694000.0,
        "Interest Income": 945000.0,
        "Normalized Income": -21110500.0,
        "Net Income From Continuing And Discontinued Operation": -22384000.0,
        "Total Expenses": 21703000.0,
        "Rent Expense Supplemental": 106000.0,
        "Total Operating Income As Reported": -20639000.0,
        "Diluted Average Shares": 37427265.0,
        "Basic Average Shares": 37427265.0,
        "Diluted EPS": -0.598,
        "Basic EPS": -0.598,
        "Diluted NI Availto Com Stockholders": -22384000.0,
        "Net Income Common Stockholders": -22384000.0,
        "Net Income": -22384000.0,
        "Net Income Including Noncontrolling Interests": -22384000.0,
        "Net Income Continuous Operations": -22384000.0,
        "Tax Provision": 125000.0,
        "Pretax Income": -22259000.0,
        "Other Income Expense": -1698000.0,
        "Gain On Sale Of Security": -1698000.0,
        "Net Non Operating Interest Income Expense": 78000.0,
        "Total Other Finance Cost": 173000.0,
        "Interest Expense Non Operating": 694000.0,
        "Interest Income Non Operating": 945000.0,
        "Operating Income": -20639000.0,
        "Operating Expense": 21297000.0,
        "Other Operating Expenses": -115000.0,
        "Depreciation Amortization Depletion Income Statement": 363000.0,
        "Depreciation And Amortization In Income Statement": 363000.0,
        "Research And Development": 9020000.0,
        "Selling General And Administration": 12029000.0,
        "General And Administrative Expense": 12029000.0,
        "Other Gand A": 4866000.0,
        "Insurance And Claims": 113000.0,
        "Rent And Landing Fees": 106000.0,
        "Salaries And Wages": 6944000.0,
        "Gross Profit": 658000.0,
        "Cost Of Revenue": 406000.0,
        "Total Revenue": 1064000.0,
        "Operating Revenue": 1064000.0
    }
}