{
    "2023-03-31": {
        "Tax Effect Of Unusual Items": 0.0,
        "Tax Rate For Calcs": 0.144,
        "Normalized EBITDA": -3594000.0,
        "Net Income From Continuing Operation Net Minority Interest": -6100000.0,
        "Reconciled Depreciation": 4859000.0,
        "EBITDA": -3594000.0,
        "EBIT": -8453000.0,
        "Net Interest Income": 1324000.0,
        "Interest Income": 1324000.0,
        "Normalized Income": -6100000.0,
        "Net Income From Continuing And Discontinued Operation": -6100000.0,
        "Total Expenses": 25372000.0,
        "Total Operating Income As Reported": -8453000.0,
        "Diluted Average Shares": 99158000.0,
        "Basic Average Shares": 99158000.0,
        "Diluted EPS": -0.06,
        "Basic EPS": -0.06,
        "Diluted NI Availto Com Stockholders": -6100000.0,
        "Net Income Common Stockholders": -6100000.0,
        "Net Income": -6100000.0,
        "Net Income Including Noncontrolling Interests": -6100000.0,
        "Net Income Continuous Operations": -6100000.0,
        "Tax Provision": -1029000.0,
        "Pretax Income": -7129000.0,
        "Other Income Expense": NaN,
        "Other Non Operating Income Expenses": NaN,
        "Net Non Operating Interest Income Expense": 1324000.0,
        "Interest Income Non Operating": 1324000.0,
        "Operating Income": -8453000.0,
        "Operating Expense": 25372000.0,
        "Other Operating Expenses": 49000.0,
        "Depreciation Amortization Depletion Income Statement": 3369000.0,
        "Depreciation And Amortization In Income Statement": 3369000.0,
        "Amortization": 3369000.0,
        "Amortization Of Intangibles Income Statement": 3369000.0,
        "Research And Development": 13759000.0,
        "Selling General And Administration": 8195000.0,
        "General And Administrative Expense": 8195000.0,
        "Other Gand A": 8195000.0,
        "Total Revenue": 16919000.0,
        "Operating Revenue": 16919000.0
    },
    "2022-12-31": {
        "Tax Effect Of Unusual Items": 0.0,
        "Tax Rate For Calcs": 0.0,
        "Normalized EBITDA": -17316659.0,
        "Net Income From Continuing Operation Net Minority Interest": -13881414.0,
        "Reconciled Depreciation": NaN,
        "EBITDA": -17316659.0,
        "EBIT": -17316659.0,
        "Net Interest Income": NaN,
        "Interest Income": NaN,
        "Normalized Income": -13881414.0,
        "Net Income From Continuing And Discontinued Operation": -13881414.0,
        "Total Expenses": 76980659.0,
        "Total Operating Income As Reported": -17903659.0,
        "Diluted Average Shares": 93712000.0,
        "Basic Average Shares": 93350000.0,
        "Diluted EPS": 0.07,
        "Basic EPS": 0.07,
        "Diluted NI Availto Com Stockholders": -13656414.0,
        "Net Income Common Stockholders": -13656414.0,
        "Net Income": -13881414.0,
        "Net Income Including Noncontrolling Interests": -13881414.0,
        "Net Income Continuous Operations": -13881414.0,
        "Tax Provision": NaN,
        "Pretax Income": -17608414.0,
        "Other Income Expense": NaN,
        "Other Non Operating Income Expenses": NaN,
        "Net Non Operating Interest Income Expense": NaN,
        "Interest Income Non Operating": NaN,
        "Operating Income": -17903659.0,
        "Operating Expense": 76980659.0,
        "Other Operating Expenses": -9336341.0,
        "Depreciation Amortization Depletion Income Statement": NaN,
        "Depreciation And Amortization In Income Statement": NaN,
        "Amortization": NaN,
        "Amortization Of Intangibles Income Statement": NaN,
        "Research And Development": NaN,
        "Selling General And Administration": NaN,
        "General And Administrative Expense": NaN,
        "Other Gand A": NaN,
        "Total Revenue": 59077000.0,
        "Operating Revenue": 59077000.0
    },
    "2022-09-30": {
        "Tax Effect Of Unusual Items": NaN,
        "Tax Rate For Calcs": NaN,
        "Normalized EBITDA": NaN,
        "Total Unusual Items": -121567.0,
        "Total Unusual Items Excluding Goodwill": -121567.0,
        "Net Income From Continuing Operation Net Minority Interest": NaN,
        "Reconciled Depreciation": NaN,
        "EBITDA": NaN,
        "EBIT": NaN,
        "Net Interest Income": NaN,
        "Interest Income": NaN,
        "Normalized Income": NaN,
        "Net Income From Continuing And Discontinued Operation": NaN,
        "Total Expenses": NaN,
        "Total Operating Income As Reported": NaN,
        "Diluted Average Shares": NaN,
        "Basic Average Shares": NaN,
        "Diluted EPS": NaN,
        "Basic EPS": NaN,
        "Diluted NI Availto Com Stockholders": NaN,
        "Net Income Common Stockholders": NaN,
        "Otherunder Preferred Stock Dividend": 0.0,
        "Net Income": NaN,
        "Net Income Including Noncontrolling Interests": NaN,
        "Net Income Continuous Operations": NaN,
        "Tax Provision": NaN,
        "Pretax Income": NaN,
        "Other Income Expense": -121567.0,
        "Other Non Operating Income Expenses": NaN,
        "Gain On Sale Of Security": -121567.0,
        "Net Non Operating Interest Income Expense": NaN,
        "Interest Income Non Operating": NaN,
        "Operating Income": NaN,
        "Operating Expense": NaN,
        "Other Operating Expenses": NaN,
        "Depreciation Amortization Depletion Income Statement": NaN,
        "Depreciation And Amortization In Income Statement": NaN,
        "Amortization": NaN,
        "Amortization Of Intangibles Income Statement": NaN,
        "Research And Development": NaN,
        "Selling General And Administration": NaN,
        "General And Administrative Expense": NaN,
        "Other Gand A": NaN,
        "Total Revenue": NaN,
        "Operating Revenue": NaN
    },
    "2022-06-30": {
        "Tax Effect Of Unusual Items": 0.0,
        "Tax Rate For Calcs": 0.182238,
        "Normalized EBITDA": -9453000.0,
        "Total Unusual Items": NaN,
        "Total Unusual Items Excluding Goodwill": NaN,
        "Net Income From Continuing Operation Net Minority Interest": -10276000.0,
        "Reconciled Depreciation": 3113000.0,
        "EBITDA": -9453000.0,
        "EBIT": -12566000.0,
        "Net Interest Income": 0.0,
        "Interest Expense": 0.0,
        "Interest Income": NaN,
        "Normalized Income": -10276000.0,
        "Net Income From Continuing And Discontinued Operation": -10276000.0,
        "Total Expenses": 19765000.0,
        "Total Operating Income As Reported": -12566000.0,
        "Diluted Average Shares": 114820859.0,
        "Basic Average Shares": 114820859.0,
        "Diluted EPS": -0.089496,
        "Basic EPS": -0.089496,
        "Diluted NI Availto Com Stockholders": -10276000.0,
        "Net Income Common Stockholders": -10276000.0,
        "Otherunder Preferred Stock Dividend": NaN,
        "Net Income": -10276000.0,
        "Net Income Including Noncontrolling Interests": -10276000.0,
        "Net Income Continuous Operations": -10276000.0,
        "Tax Provision": -2290000.0,
        "Pretax Income": -12566000.0,
        "Other Income Expense": NaN,
        "Other Non Operating Income Expenses": NaN,
        "Gain On Sale Of Security": NaN,
        "Net Non Operating Interest Income Expense": 0.0,
        "Interest Expense Non Operating": 0.0,
        "Interest Income Non Operating": NaN,
        "Operating Income": -12566000.0,
        "Operating Expense": 19765000.0,
        "Other Operating Expenses": 165000.0,
        "Depreciation Amortization Depletion Income Statement": 3113000.0,
        "Depreciation And Amortization In Income Statement": 3113000.0,
        "Amortization": 3113000.0,
        "Amortization Of Intangibles Income Statement": 3113000.0,
        "Research And Development": 11484000.0,
        "Selling General And Administration": 5003000.0,
        "General And Administrative Expense": 5003000.0,
        "Other Gand A": 5003000.0,
        "Total Revenue": 7199000.0,
        "Operating Revenue": 7199000.0
    },
    "2022-03-31": {
        "Diluted EPS": -0.08,
        "Total Revenue": 10,
        "Gross Profit": 10,
        "Operating Income": -8,
        "EBIT": -4,
        "Net Income": -6
    },
    "2021-12-31": {
        "Diluted EPS": -0.32,
        "Total Revenue": NaN,
        "Gross Profit": NaN,
        "Operating Income": -70,
        "EBIT": -70,
        "Net Income": -27
    },
    "2021-09-30": {
        "Diluted EPS": -0.01,
        "Total Revenue": NaN,
        "Gross Profit": NaN,
        "Operating Income": 0,
        "EBIT": 0,
        "Net Income": 0
    },
    "2021-06-30": {
        "Diluted EPS": 0.0,
        "Total Revenue": NaN,
        "Gross Profit": NaN,
        "Operating Income": 0,
        "EBIT": 0,
        "Net Income": 0
    },
    "2021-03-31": {
        "Diluted EPS": 0.0,
        "Total Revenue": NaN,
        "Gross Profit": NaN,
        "Operating Income": 0,
        "EBIT": 0,
        "Net Income": 0
    },
    "2023-06-30": {
        "Tax Effect Of Unusual Items": NaN,
        "Tax Rate For Calcs": NaN,
        "Normalized EBITDA": NaN,
        "Net Income From Continuing Operation Net Minority Interest": NaN,
        "Reconciled Depreciation": NaN,
        "EBITDA": NaN,
        "EBIT": NaN,
        "Net Interest Income": NaN,
        "Interest Income": NaN,
        "Normalized Income": NaN,
        "Net Income From Continuing And Discontinued Operation": NaN,
        "Total Expenses": NaN,
        "Total Operating Income As Reported": NaN,
        "Diluted Average Shares": NaN,
        "Basic Average Shares": NaN,
        "Diluted EPS": NaN,
        "Basic EPS": NaN,
        "Diluted NI Availto Com Stockholders": NaN,
        "Net Income Common Stockholders": NaN,
        "Net Income": NaN,
        "Net Income Including Noncontrolling Interests": NaN,
        "Net Income Continuous Operations": NaN,
        "Tax Provision": NaN,
        "Pretax Income": NaN,
        "Other Income Expense": -4000.0,
        "Other Non Operating Income Expenses": -4000.0,
        "Net Non Operating Interest Income Expense": NaN,
        "Interest Income Non Operating": NaN,
        "Operating Income": NaN,
        "Operating Expense": NaN,
        "Other Operating Expenses": NaN,
        "Depreciation Amortization Depletion Income Statement": NaN,
        "Depreciation And Amortization In Income Statement": NaN,
        "Amortization": NaN,
        "Amortization Of Intangibles Income Statement": NaN,
        "Research And Development": NaN,
        "Selling General And Administration": NaN,
        "General And Administrative Expense": NaN,
        "Other Gand A": NaN,
        "Total Revenue": NaN,
        "Operating Revenue": NaN
    },
    "2023-09-30": {
        "Tax Effect Of Unusual Items": NaN,
        "Tax Rate For Calcs": NaN,
        "Normalized EBITDA": NaN,
        "Net Income From Continuing Operation Net Minority Interest": NaN,
        "Reconciled Depreciation": NaN,
        "EBITDA": NaN,
        "EBIT": NaN,
        "Net Interest Income": NaN,
        "Interest Income": NaN,
        "Normalized Income": NaN,
        "Net Income From Continuing And Discontinued Operation": NaN,
        "Total Expenses": NaN,
        "Total Operating Income As Reported": NaN,
        "Diluted Average Shares": NaN,
        "Basic Average Shares": NaN,
        "Diluted EPS": NaN,
        "Basic EPS": NaN,
        "Diluted NI Availto Com Stockholders": NaN,
        "Net Income Common Stockholders": NaN,
        "Net Income": NaN,
        "Net Income Including Noncontrolling Interests": NaN,
        "Net Income Continuous Operations": NaN,
        "Tax Provision": NaN,
        "Pretax Income": NaN,
        "Other Income Expense": 8000.0,
        "Other Non Operating Income Expenses": 8000.0,
        "Net Non Operating Interest Income Expense": NaN,
        "Interest Income Non Operating": NaN,
        "Operating Income": NaN,
        "Operating Expense": NaN,
        "Other Operating Expenses": NaN,
        "Depreciation Amortization Depletion Income Statement": NaN,
        "Depreciation And Amortization In Income Statement": NaN,
        "Amortization": NaN,
        "Amortization Of Intangibles Income Statement": NaN,
        "Research And Development": NaN,
        "Selling General And Administration": NaN,
        "General And Administrative Expense": NaN,
        "Other Gand A": NaN,
        "Total Revenue": NaN,
        "Operating Revenue": NaN
    },
    "2023-12-31": {
        "Tax Effect Of Unusual Items": NaN,
        "Tax Rate For Calcs": NaN,
        "Normalized EBITDA": NaN,
        "Net Income From Continuing Operation Net Minority Interest": NaN,
        "Reconciled Depreciation": NaN,
        "EBITDA": NaN,
        "EBIT": NaN,
        "Net Interest Income": NaN,
        "Interest Income": NaN,
        "Normalized Income": NaN,
        "Net Income From Continuing And Discontinued Operation": NaN,
        "Total Expenses": NaN,
        "Total Operating Income As Reported": NaN,
        "Diluted Average Shares": NaN,
        "Basic Average Shares": NaN,
        "Diluted EPS": NaN,
        "Basic EPS": NaN,
        "Diluted NI Availto Com Stockholders": NaN,
        "Net Income Common Stockholders": NaN,
        "Net Income": NaN,
        "Net Income Including Noncontrolling Interests": NaN,
        "Net Income Continuous Operations": NaN,
        "Tax Provision": NaN,
        "Pretax Income": NaN,
        "Other Income Expense": -3000.0,
        "Other Non Operating Income Expenses": -3000.0,
        "Net Non Operating Interest Income Expense": NaN,
        "Interest Income Non Operating": NaN,
        "Operating Income": NaN,
        "Operating Expense": NaN,
        "Other Operating Expenses": NaN,
        "Depreciation Amortization Depletion Income Statement": NaN,
        "Depreciation And Amortization In Income Statement": NaN,
        "Amortization": NaN,
        "Amortization Of Intangibles Income Statement": NaN,
        "Research And Development": NaN,
        "Selling General And Administration": NaN,
        "General And Administrative Expense": NaN,
        "Other Gand A": NaN,
        "Total Revenue": NaN,
        "Operating Revenue": NaN
    },
    "2024-03-31": {
        "Tax Effect Of Unusual Items": 0.0,
        "Tax Rate For Calcs": 0.121281,
        "Normalized EBITDA": -17604000.0,
        "Net Income From Continuing Operation Net Minority Interest": -18961000.0,
        "Reconciled Depreciation": 4949000.0,
        "EBITDA": -17604000.0,
        "EBIT": -22553000.0,
        "Net Interest Income": 975000.0,
        "Interest Income": 975000.0,
        "Normalized Income": -18961000.0,
        "Net Income From Continuing And Discontinued Operation": -18961000.0,
        "Total Expenses": 26354000.0,
        "Total Operating Income As Reported": -22553000.0,
        "Diluted Average Shares": 100755000.0,
        "Basic Average Shares": 100755000.0,
        "Diluted EPS": -0.19,
        "Basic EPS": -0.19,
        "Diluted NI Availto Com Stockholders": -18961000.0,
        "Net Income Common Stockholders": -18961000.0,
        "Net Income": -18961000.0,
        "Net Income Including Noncontrolling Interests": -18961000.0,
        "Net Income Continuous Operations": -18961000.0,
        "Tax Provision": -2617000.0,
        "Pretax Income": -21578000.0,
        "Other Income Expense": NaN,
        "Other Non Operating Income Expenses": NaN,
        "Net Non Operating Interest Income Expense": 975000.0,
        "Interest Income Non Operating": 975000.0,
        "Operating Income": -22553000.0,
        "Operating Expense": 26354000.0,
        "Other Operating Expenses": 54000.0,
        "Depreciation Amortization Depletion Income Statement": 3412000.0,
        "Depreciation And Amortization In Income Statement": 3412000.0,
        "Amortization": 3412000.0,
        "Amortization Of Intangibles Income Statement": 3412000.0,
        "Research And Development": 14551000.0,
        "Selling General And Administration": 8337000.0,
        "General And Administrative Expense": 8337000.0,
        "Other Gand A": 8337000.0,
        "Total Revenue": 3801000.0,
        "Operating Revenue": 3801000.0
    },
    "2024-06-30": {
        "Tax Effect Of Unusual Items": 0.0,
        "Tax Rate For Calcs": 0.122223,
        "Normalized EBITDA": -10204000.0,
        "Total Unusual Items": NaN,
        "Total Unusual Items Excluding Goodwill": NaN,
        "Net Income From Continuing Operation Net Minority Interest": -13631000.0,
        "Reconciled Depreciation": 6101000.0,
        "Reconciled Cost Of Revenue": 0.0,
        "EBITDA": -10204000.0,
        "EBIT": -16305000.0,
        "Net Interest Income": 785000.0,
        "Interest Income": 785000.0,
        "Normalized Income": -13631000.0,
        "Net Income From Continuing And Discontinued Operation": -13631000.0,
        "Total Expenses": 23919000.0,
        "Total Operating Income As Reported": -16305000.0,
        "Diluted Average Shares": 101456000.0,
        "Basic Average Shares": 101456000.0,
        "Diluted EPS": -0.13,
        "Basic EPS": -0.13,
        "Diluted NI Availto Com Stockholders": -13631000.0,
        "Net Income Common Stockholders": -13631000.0,
        "Net Income": -13631000.0,
        "Net Income Including Noncontrolling Interests": -13631000.0,
        "Net Income Continuous Operations": -13631000.0,
        "Tax Provision": -1898000.0,
        "Pretax Income": -15529000.0,
        "Other Income Expense": -9000.0,
        "Other Non Operating Income Expenses": -9000.0,
        "Special Income Charges": NaN,
        "Gain On Sale Of Ppe": NaN,
        "Net Non Operating Interest Income Expense": 785000.0,
        "Interest Income Non Operating": 785000.0,
        "Operating Income": -16305000.0,
        "Operating Expense": 23919000.0,
        "Other Operating Expenses": -2524000.0,
        "Depreciation Amortization Depletion Income Statement": 4543000.0,
        "Depreciation And Amortization In Income Statement": 4543000.0,
        "Amortization": 4543000.0,
        "Amortization Of Intangibles Income Statement": 4543000.0,
        "Research And Development": 13935000.0,
        "Selling General And Administration": 7965000.0,
        "General And Administrative Expense": 7965000.0,
        "Other Gand A": 7965000.0,
        "Gross Profit": 7614000.0,
        "Cost Of Revenue": 0.0,
        "Total Revenue": 7614000.0,
        "Operating Revenue": 7614000.0
    },
    "2024-09-30": {
        "Tax Effect Of Unusual Items": 0.0,
        "Tax Rate For Calcs": 0.142,
        "Normalized EBITDA": -14837000.0,
        "Total Unusual Items": NaN,
        "Total Unusual Items Excluding Goodwill": NaN,
        "Net Income From Continuing Operation Net Minority Interest": -16373000.0,
        "Reconciled Depreciation": 4927000.0,
        "Reconciled Cost Of Revenue": NaN,
        "EBITDA": -14837000.0,
        "EBIT": -19764000.0,
        "Net Interest Income": 691000.0,
        "Interest Income": 691000.0,
        "Normalized Income": -16373000.0,
        "Net Income From Continuing And Discontinued Operation": -16373000.0,
        "Total Expenses": 23936000.0,
        "Total Operating Income As Reported": -19764000.0,
        "Diluted Average Shares": 102393000.0,
        "Basic Average Shares": 102393000.0,
        "Diluted EPS": -0.16,
        "Basic EPS": -0.16,
        "Diluted NI Availto Com Stockholders": -16373000.0,
        "Net Income Common Stockholders": -16373000.0,
        "Net Income": -16373000.0,
        "Net Income Including Noncontrolling Interests": -16373000.0,
        "Net Income Continuous Operations": -16373000.0,
        "Tax Provision": -2708000.0,
        "Pretax Income": -19081000.0,
        "Other Income Expense": -8000.0,
        "Other Non Operating Income Expenses": -8000.0,
        "Special Income Charges": NaN,
        "Gain On Sale Of Ppe": NaN,
        "Net Non Operating Interest Income Expense": 691000.0,
        "Interest Income Non Operating": 691000.0,
        "Operating Income": -19764000.0,
        "Operating Expense": 23936000.0,
        "Other Operating Expenses": 146000.0,
        "Depreciation Amortization Depletion Income Statement": 3393000.0,
        "Depreciation And Amortization In Income Statement": 3393000.0,
        "Amortization": 3393000.0,
        "Amortization Of Intangibles Income Statement": 3393000.0,
        "Research And Development": 13318000.0,
        "Selling General And Administration": 7079000.0,
        "General And Administrative Expense": 7079000.0,
        "Other Gand A": 7079000.0,
        "Gross Profit": NaN,
        "Cost Of Revenue": NaN,
        "Total Revenue": 4172000.0,
        "Operating Revenue": 4172000.0
    },
    "2024-12-31": {
        "Tax Effect Of Unusual Items": 0.0,
        "Tax Rate For Calcs": 0.141562,
        "Normalized EBITDA": -8274000.0,
        "Total Unusual Items": NaN,
        "Total Unusual Items Excluding Goodwill": NaN,
        "Net Income From Continuing Operation Net Minority Interest": -13068000.0,
        "Reconciled Depreciation": 7606000.0,
        "Reconciled Cost Of Revenue": NaN,
        "EBITDA": -8274000.0,
        "EBIT": -15880000.0,
        "Net Interest Income": 655000.0,
        "Interest Income": 655000.0,
        "Normalized Income": -13068000.0,
        "Net Income From Continuing And Discontinued Operation": -13068000.0,
        "Total Expenses": 26684000.0,
        "Total Operating Income As Reported": -15880000.0,
        "Diluted Average Shares": 104795000.0,
        "Basic Average Shares": 104795000.0,
        "Diluted EPS": -0.12,
        "Basic EPS": -0.12,
        "Diluted NI Availto Com Stockholders": -13068000.0,
        "Net Income Common Stockholders": -13068000.0,
        "Net Income": -13068000.0,
        "Net Income Including Noncontrolling Interests": -13068000.0,
        "Net Income Continuous Operations": -13068000.0,
        "Tax Provision": -2155000.0,
        "Pretax Income": -15223000.0,
        "Other Income Expense": 2000.0,
        "Other Non Operating Income Expenses": 2000.0,
        "Special Income Charges": NaN,
        "Gain On Sale Of Ppe": NaN,
        "Net Non Operating Interest Income Expense": 655000.0,
        "Interest Income Non Operating": 655000.0,
        "Operating Income": -15880000.0,
        "Operating Expense": 26684000.0,
        "Other Operating Expenses": -41000.0,
        "Depreciation Amortization Depletion Income Statement": 6059000.0,
        "Depreciation And Amortization In Income Statement": 6059000.0,
        "Amortization": 6059000.0,
        "Amortization Of Intangibles Income Statement": 6059000.0,
        "Research And Development": 13306000.0,
        "Selling General And Administration": 7360000.0,
        "General And Administrative Expense": 7360000.0,
        "Other Gand A": 7360000.0,
        "Gross Profit": NaN,
        "Cost Of Revenue": NaN,
        "Total Revenue": 10804000.0,
        "Operating Revenue": 10804000.0
    },
    "2025-03-31": {
        "Tax Effect Of Unusual Items": 0.0,
        "Tax Rate For Calcs": 0.006,
        "Normalized EBITDA": -14101000.0,
        "Total Unusual Items": NaN,
        "Total Unusual Items Excluding Goodwill": NaN,
        "Net Income From Continuing Operation Net Minority Interest": -18200000.0,
        "Reconciled Depreciation": 4743000.0,
        "Reconciled Cost Of Revenue": NaN,
        "EBITDA": -14101000.0,
        "EBIT": -18844000.0,
        "Net Interest Income": 537000.0,
        "Interest Income": 537000.0,
        "Normalized Income": -18200000.0,
        "Net Income From Continuing And Discontinued Operation": -18200000.0,
        "Total Expenses": 22998000.0,
        "Total Operating Income As Reported": -18844000.0,
        "Diluted Average Shares": 105622000.0,
        "Basic Average Shares": 105622000.0,
        "Diluted EPS": -0.17,
        "Basic EPS": -0.17,
        "Diluted NI Availto Com Stockholders": -18200000.0,
        "Net Income Common Stockholders": -18200000.0,
        "Net Income": -18200000.0,
        "Net Income Including Noncontrolling Interests": -18200000.0,
        "Net Income Continuous Operations": -18200000.0,
        "Tax Provision": -106000.0,
        "Pretax Income": -18306000.0,
        "Other Income Expense": 1000.0,
        "Other Non Operating Income Expenses": 1000.0,
        "Special Income Charges": NaN,
        "Gain On Sale Of Ppe": NaN,
        "Net Non Operating Interest Income Expense": 537000.0,
        "Interest Income Non Operating": 537000.0,
        "Operating Income": -18844000.0,
        "Operating Expense": 22998000.0,
        "Other Operating Expenses": -747000.0,
        "Depreciation Amortization Depletion Income Statement": 3228000.0,
        "Depreciation And Amortization In Income Statement": 3228000.0,
        "Amortization": 3228000.0,
        "Amortization Of Intangibles Income Statement": 3228000.0,
        "Research And Development": 12602000.0,
        "Selling General And Administration": 7915000.0,
        "General And Administrative Expense": 7915000.0,
        "Other Gand A": 7915000.0,
        "Gross Profit": NaN,
        "Cost Of Revenue": NaN,
        "Total Revenue": 4154000.0,
        "Operating Revenue": 4154000.0
    },
    "2025-06-30": {
        "Tax Effect Of Unusual Items": 630000.0,
        "Tax Rate For Calcs": 0.21,
        "Normalized EBITDA": -17570000.0,
        "Total Unusual Items": 3000000.0,
        "Total Unusual Items Excluding Goodwill": 3000000.0,
        "Net Income From Continuing Operation Net Minority Interest": -15875000.0,
        "Reconciled Depreciation": 4649000.0,
        "Reconciled Cost Of Revenue": 262000.0,
        "EBITDA": -14570000.0,
        "EBIT": -19219000.0,
        "Net Interest Income": 436000.0,
        "Interest Income": 436000.0,
        "Normalized Income": -18245000.0,
        "Net Income From Continuing And Discontinued Operation": -15875000.0,
        "Total Expenses": 23116000.0,
        "Total Operating Income As Reported": -16219000.0,
        "Diluted Average Shares": 106148000.0,
        "Basic Average Shares": 106148000.0,
        "Diluted EPS": -0.15,
        "Basic EPS": -0.15,
        "Diluted NI Availto Com Stockholders": -15875000.0,
        "Net Income Common Stockholders": -15875000.0,
        "Net Income": -15875000.0,
        "Net Income Including Noncontrolling Interests": -15875000.0,
        "Net Income Continuous Operations": -15875000.0,
        "Tax Provision": 119000.0,
        "Pretax Income": -15756000.0,
        "Other Income Expense": 3027000.0,
        "Other Non Operating Income Expenses": 27000.0,
        "Special Income Charges": 3000000.0,
        "Gain On Sale Of Ppe": 3000000.0,
        "Net Non Operating Interest Income Expense": 436000.0,
        "Interest Income Non Operating": 436000.0,
        "Operating Income": -19219000.0,
        "Operating Expense": 22854000.0,
        "Other Operating Expenses": 1078000.0,
        "Depreciation Amortization Depletion Income Statement": 3228000.0,
        "Depreciation And Amortization In Income Statement": 3228000.0,
        "Amortization": 3228000.0,
        "Amortization Of Intangibles Income Statement": 3228000.0,
        "Research And Development": 10864000.0,
        "Selling General And Administration": 7684000.0,
        "General And Administrative Expense": 7684000.0,
        "Other Gand A": 7684000.0,
        "Gross Profit": 3635000.0,
        "Cost Of Revenue": 262000.0,
        "Total Revenue": 3897000.0,
        "Operating Revenue": 3897000.0
    }
}