{
    "2023-03-31": {
        "Tax Effect Of Unusual Items": 0.0,
        "Tax Rate For Calcs": 0.234,
        "Normalized EBITDA": 491000.0,
        "Total Unusual Items": NaN,
        "Total Unusual Items Excluding Goodwill": NaN,
        "Net Income From Continuing Operation Net Minority Interest": -5605000.0,
        "Reconciled Depreciation": 5941000.0,
        "Reconciled Cost Of Revenue": 190619000.0,
        "EBITDA": 491000.0,
        "EBIT": -5450000.0,
        "Net Interest Income": 1993000.0,
        "Interest Expense": 1867000.0,
        "Interest Income": 3860000.0,
        "Normalized Income": -5605000.0,
        "Net Income From Continuing And Discontinued Operation": -5605000.0,
        "Total Expenses": 241084000.0,
        "Total Operating Income As Reported": -9310000.0,
        "Diluted Average Shares": 51435289.0,
        "Basic Average Shares": 51435289.0,
        "Diluted EPS": -0.11,
        "Basic EPS": -0.11,
        "Diluted NI Availto Com Stockholders": -5605000.0,
        "Net Income Common Stockholders": -5605000.0,
        "Otherunder Preferred Stock Dividend": NaN,
        "Net Income": -5605000.0,
        "Net Income Including Noncontrolling Interests": -5605000.0,
        "Net Income Continuous Operations": -5605000.0,
        "Tax Provision": -1712000.0,
        "Pretax Income": -7317000.0,
        "Other Income Expense": NaN,
        "Other Non Operating Income Expenses": NaN,
        "Special Income Charges": NaN,
        "Other Special Charges": NaN,
        "Net Non Operating Interest Income Expense": 1993000.0,
        "Interest Expense Non Operating": 1867000.0,
        "Interest Income Non Operating": 3860000.0,
        "Operating Income": -9310000.0,
        "Operating Expense": 50465000.0,
        "Research And Development": 9311000.0,
        "Selling General And Administration": 41154000.0,
        "Selling And Marketing Expense": 25748000.0,
        "General And Administrative Expense": 15406000.0,
        "Other Gand A": 15406000.0,
        "Gross Profit": 41155000.0,
        "Cost Of Revenue": 190619000.0,
        "Total Revenue": 231774000.0,
        "Operating Revenue": 231774000.0
    },
    "2022-12-31": {
        "Tax Effect Of Unusual Items": NaN,
        "Tax Rate For Calcs": NaN,
        "Normalized EBITDA": NaN,
        "Total Unusual Items": 0.0,
        "Total Unusual Items Excluding Goodwill": 0.0,
        "Net Income From Continuing Operation Net Minority Interest": NaN,
        "Reconciled Depreciation": NaN,
        "Reconciled Cost Of Revenue": NaN,
        "EBITDA": NaN,
        "EBIT": NaN,
        "Net Interest Income": NaN,
        "Interest Expense": NaN,
        "Interest Income": NaN,
        "Normalized Income": NaN,
        "Net Income From Continuing And Discontinued Operation": NaN,
        "Total Expenses": NaN,
        "Total Operating Income As Reported": NaN,
        "Diluted Average Shares": NaN,
        "Basic Average Shares": NaN,
        "Diluted EPS": NaN,
        "Basic EPS": NaN,
        "Diluted NI Availto Com Stockholders": NaN,
        "Net Income Common Stockholders": NaN,
        "Otherunder Preferred Stock Dividend": NaN,
        "Net Income": NaN,
        "Net Income Including Noncontrolling Interests": NaN,
        "Net Income Continuous Operations": NaN,
        "Tax Provision": NaN,
        "Pretax Income": NaN,
        "Other Income Expense": NaN,
        "Other Non Operating Income Expenses": NaN,
        "Special Income Charges": 0.0,
        "Other Special Charges": NaN,
        "Net Non Operating Interest Income Expense": NaN,
        "Interest Expense Non Operating": NaN,
        "Interest Income Non Operating": NaN,
        "Operating Income": NaN,
        "Operating Expense": NaN,
        "Research And Development": NaN,
        "Selling General And Administration": NaN,
        "Selling And Marketing Expense": NaN,
        "General And Administrative Expense": NaN,
        "Other Gand A": NaN,
        "Gross Profit": NaN,
        "Cost Of Revenue": NaN,
        "Total Revenue": NaN,
        "Operating Revenue": NaN
    },
    "2022-09-30": {
        "Tax Effect Of Unusual Items": NaN,
        "Tax Rate For Calcs": NaN,
        "Normalized EBITDA": NaN,
        "Total Unusual Items": 0.0,
        "Total Unusual Items Excluding Goodwill": 0.0,
        "Net Income From Continuing Operation Net Minority Interest": NaN,
        "Reconciled Depreciation": NaN,
        "Reconciled Cost Of Revenue": NaN,
        "EBITDA": NaN,
        "EBIT": NaN,
        "Net Interest Income": NaN,
        "Interest Expense": NaN,
        "Interest Income": NaN,
        "Normalized Income": NaN,
        "Net Income From Continuing And Discontinued Operation": NaN,
        "Total Expenses": NaN,
        "Total Operating Income As Reported": NaN,
        "Diluted Average Shares": NaN,
        "Basic Average Shares": NaN,
        "Diluted EPS": NaN,
        "Basic EPS": NaN,
        "Diluted NI Availto Com Stockholders": NaN,
        "Net Income Common Stockholders": NaN,
        "Otherunder Preferred Stock Dividend": 0.0,
        "Net Income": NaN,
        "Net Income Including Noncontrolling Interests": NaN,
        "Net Income Continuous Operations": NaN,
        "Tax Provision": NaN,
        "Pretax Income": NaN,
        "Other Income Expense": NaN,
        "Other Non Operating Income Expenses": NaN,
        "Special Income Charges": 0.0,
        "Other Special Charges": NaN,
        "Net Non Operating Interest Income Expense": NaN,
        "Interest Expense Non Operating": NaN,
        "Interest Income Non Operating": NaN,
        "Operating Income": NaN,
        "Operating Expense": NaN,
        "Research And Development": NaN,
        "Selling General And Administration": NaN,
        "Selling And Marketing Expense": NaN,
        "General And Administrative Expense": NaN,
        "Other Gand A": NaN,
        "Gross Profit": NaN,
        "Cost Of Revenue": NaN,
        "Total Revenue": NaN,
        "Operating Revenue": NaN
    },
    "2022-06-30": {
        "Tax Effect Of Unusual Items": 0.0,
        "Tax Rate For Calcs": 0.4,
        "Normalized EBITDA": 1461000.0,
        "Total Unusual Items": NaN,
        "Total Unusual Items Excluding Goodwill": NaN,
        "Net Income From Continuing Operation Net Minority Interest": -10318000.0,
        "Reconciled Depreciation": 4340000.0,
        "Reconciled Cost Of Revenue": 202164000.0,
        "EBITDA": 1461000.0,
        "EBIT": -2879000.0,
        "Net Interest Income": -5781000.0,
        "Interest Expense": 5781000.0,
        "Interest Income": NaN,
        "Normalized Income": -10318000.0,
        "Net Income From Continuing And Discontinued Operation": -10318000.0,
        "Total Expenses": 253762000.0,
        "Total Operating Income As Reported": -2879000.0,
        "Diluted Average Shares": 57590308.0,
        "Basic Average Shares": 57590308.0,
        "Diluted EPS": -0.18,
        "Basic EPS": -0.18,
        "Diluted NI Availto Com Stockholders": -10318000.0,
        "Net Income Common Stockholders": -10318000.0,
        "Otherunder Preferred Stock Dividend": 0.0,
        "Net Income": -10318000.0,
        "Net Income Including Noncontrolling Interests": -10318000.0,
        "Net Income Continuous Operations": -10318000.0,
        "Tax Provision": 1658000.0,
        "Pretax Income": -8660000.0,
        "Other Income Expense": NaN,
        "Other Non Operating Income Expenses": NaN,
        "Special Income Charges": NaN,
        "Net Non Operating Interest Income Expense": -5781000.0,
        "Interest Expense Non Operating": 5781000.0,
        "Interest Income Non Operating": NaN,
        "Operating Income": -2879000.0,
        "Operating Expense": 51598000.0,
        "Research And Development": 10519000.0,
        "Selling General And Administration": 41079000.0,
        "Selling And Marketing Expense": 28122000.0,
        "General And Administrative Expense": 12957000.0,
        "Other Gand A": 12957000.0,
        "Gross Profit": 48719000.0,
        "Cost Of Revenue": 202164000.0,
        "Total Revenue": 250883000.0,
        "Operating Revenue": 250883000.0
    },
    "2023-06-30": {
        "Tax Effect Of Unusual Items": NaN,
        "Tax Rate For Calcs": NaN,
        "Normalized EBITDA": NaN,
        "Total Unusual Items": 22594000.0,
        "Total Unusual Items Excluding Goodwill": 22594000.0,
        "Net Income From Continuing Operation Net Minority Interest": NaN,
        "Reconciled Depreciation": NaN,
        "Reconciled Cost Of Revenue": NaN,
        "EBITDA": NaN,
        "EBIT": NaN,
        "Net Interest Income": NaN,
        "Interest Expense": NaN,
        "Interest Income": NaN,
        "Normalized Income": NaN,
        "Net Income From Continuing And Discontinued Operation": NaN,
        "Total Expenses": NaN,
        "Total Operating Income As Reported": NaN,
        "Diluted Average Shares": NaN,
        "Basic Average Shares": NaN,
        "Diluted EPS": NaN,
        "Basic EPS": NaN,
        "Diluted NI Availto Com Stockholders": NaN,
        "Net Income Common Stockholders": NaN,
        "Otherunder Preferred Stock Dividend": NaN,
        "Net Income": NaN,
        "Net Income Including Noncontrolling Interests": NaN,
        "Net Income Continuous Operations": NaN,
        "Tax Provision": NaN,
        "Pretax Income": NaN,
        "Other Income Expense": 22594000.0,
        "Other Non Operating Income Expenses": 22594000.0,
        "Special Income Charges": 22594000.0,
        "Other Special Charges": -22594000.0,
        "Net Non Operating Interest Income Expense": NaN,
        "Interest Expense Non Operating": NaN,
        "Interest Income Non Operating": NaN,
        "Operating Income": NaN,
        "Operating Expense": NaN,
        "Research And Development": NaN,
        "Selling General And Administration": NaN,
        "Selling And Marketing Expense": NaN,
        "General And Administrative Expense": NaN,
        "Other Gand A": NaN,
        "Gross Profit": NaN,
        "Cost Of Revenue": NaN,
        "Total Revenue": NaN,
        "Operating Revenue": NaN
    },
    "2023-09-30": {
        "Tax Effect Of Unusual Items": 0.0,
        "Tax Rate For Calcs": 0.21,
        "Normalized EBITDA": 7919000.0,
        "Total Unusual Items": 0.0,
        "Total Unusual Items Excluding Goodwill": 0.0,
        "Net Income From Continuing Operation Net Minority Interest": 508000.0,
        "Reconciled Depreciation": 4941000.0,
        "Reconciled Cost Of Revenue": 183625000.0,
        "EBITDA": 7919000.0,
        "EBIT": 2978000.0,
        "Net Interest Income": -1098000.0,
        "Interest Expense": 1456000.0,
        "Interest Income": 358000.0,
        "Normalized Income": 508000.0,
        "Net Income From Continuing And Discontinued Operation": 508000.0,
        "Total Expenses": 227395000.0,
        "Total Operating Income As Reported": 2620000.0,
        "Diluted Average Shares": 51240968.0,
        "Basic Average Shares": 50881194.0,
        "Diluted EPS": 0.01,
        "Basic EPS": 0.01,
        "Diluted NI Availto Com Stockholders": 508000.0,
        "Net Income Common Stockholders": 508000.0,
        "Otherunder Preferred Stock Dividend": 0.0,
        "Net Income": 508000.0,
        "Net Income Including Noncontrolling Interests": 508000.0,
        "Net Income Continuous Operations": 508000.0,
        "Tax Provision": 1014000.0,
        "Pretax Income": 1522000.0,
        "Other Income Expense": NaN,
        "Other Non Operating Income Expenses": NaN,
        "Special Income Charges": 0.0,
        "Other Special Charges": NaN,
        "Net Non Operating Interest Income Expense": -1098000.0,
        "Interest Expense Non Operating": 1456000.0,
        "Interest Income Non Operating": 358000.0,
        "Operating Income": 2620000.0,
        "Operating Expense": 43770000.0,
        "Research And Development": 8681000.0,
        "Selling General And Administration": 35089000.0,
        "Selling And Marketing Expense": 21472000.0,
        "General And Administrative Expense": 13617000.0,
        "Other Gand A": 13617000.0,
        "Gross Profit": 46390000.0,
        "Cost Of Revenue": 183625000.0,
        "Total Revenue": 230015000.0,
        "Operating Revenue": 230015000.0
    },
    "2023-12-31": {
        "Tax Effect Of Unusual Items": 0.0,
        "Tax Rate For Calcs": 0.4,
        "Normalized EBITDA": 12715000.0,
        "Total Unusual Items": NaN,
        "Total Unusual Items Excluding Goodwill": NaN,
        "Net Income From Continuing Operation Net Minority Interest": 4057000.0,
        "Reconciled Depreciation": 4945000.0,
        "Reconciled Cost Of Revenue": 194997000.0,
        "EBITDA": 12715000.0,
        "EBIT": 7770000.0,
        "Net Interest Income": 1095000.0,
        "Interest Expense": 965000.0,
        "Interest Income": 2060000.0,
        "Normalized Income": 4057000.0,
        "Net Income From Continuing And Discontinued Operation": 4057000.0,
        "Total Expenses": 242519000.0,
        "Total Operating Income As Reported": 5710000.0,
        "Diluted Average Shares": 50108460.0,
        "Basic Average Shares": 50076364.0,
        "Diluted EPS": 0.08,
        "Basic EPS": 0.08,
        "Diluted NI Availto Com Stockholders": 4715000.0,
        "Net Income Common Stockholders": 18645000.0,
        "Otherunder Preferred Stock Dividend": NaN,
        "Net Income": 4057000.0,
        "Net Income Including Noncontrolling Interests": 4057000.0,
        "Net Income Continuous Operations": 4057000.0,
        "Tax Provision": 2748000.0,
        "Pretax Income": 6805000.0,
        "Other Income Expense": 0.0,
        "Other Non Operating Income Expenses": NaN,
        "Special Income Charges": NaN,
        "Other Special Charges": NaN,
        "Net Non Operating Interest Income Expense": 1095000.0,
        "Interest Expense Non Operating": 965000.0,
        "Interest Income Non Operating": 2060000.0,
        "Operating Income": 5710000.0,
        "Operating Expense": 47522000.0,
        "Research And Development": 8369000.0,
        "Selling General And Administration": 39153000.0,
        "Selling And Marketing Expense": 25254000.0,
        "General And Administrative Expense": 13899000.0,
        "Other Gand A": 13899000.0,
        "Gross Profit": 53232000.0,
        "Cost Of Revenue": 194997000.0,
        "Total Revenue": 248229000.0,
        "Operating Revenue": 248229000.0
    },
    "2024-03-31": {
        "Tax Effect Of Unusual Items": 0.0,
        "Tax Rate For Calcs": 0.178,
        "Normalized EBITDA": -292000.0,
        "Total Unusual Items": NaN,
        "Total Unusual Items Excluding Goodwill": NaN,
        "Net Income From Continuing Operation Net Minority Interest": -5041000.0,
        "Reconciled Depreciation": 4900000.0,
        "Reconciled Cost Of Revenue": 175369000.0,
        "EBITDA": -292000.0,
        "EBIT": -5192000.0,
        "Net Interest Income": 468000.0,
        "Interest Expense": 937000.0,
        "Interest Income": 1405000.0,
        "Normalized Income": -5041000.0,
        "Net Income From Continuing And Discontinued Operation": -5041000.0,
        "Total Expenses": 223561000.0,
        "Total Operating Income As Reported": -6597000.0,
        "Diluted Average Shares": 49265012.0,
        "Basic Average Shares": 49265012.0,
        "Diluted EPS": -0.1,
        "Basic EPS": -0.1,
        "Diluted NI Availto Com Stockholders": -5041000.0,
        "Net Income Common Stockholders": -5041000.0,
        "Otherunder Preferred Stock Dividend": NaN,
        "Net Income": -5041000.0,
        "Net Income Including Noncontrolling Interests": -5041000.0,
        "Net Income Continuous Operations": -5041000.0,
        "Tax Provision": -1088000.0,
        "Pretax Income": -6129000.0,
        "Other Income Expense": NaN,
        "Other Non Operating Income Expenses": NaN,
        "Special Income Charges": NaN,
        "Other Special Charges": NaN,
        "Net Non Operating Interest Income Expense": 468000.0,
        "Interest Expense Non Operating": 937000.0,
        "Interest Income Non Operating": 1405000.0,
        "Operating Income": -6597000.0,
        "Operating Expense": 48192000.0,
        "Research And Development": 9193000.0,
        "Selling General And Administration": 38999000.0,
        "Selling And Marketing Expense": 23784000.0,
        "General And Administrative Expense": 15215000.0,
        "Other Gand A": 15215000.0,
        "Gross Profit": 41595000.0,
        "Cost Of Revenue": 175369000.0,
        "Total Revenue": 216964000.0,
        "Operating Revenue": 216964000.0
    },
    "2024-06-30": {
        "Tax Effect Of Unusual Items": 0.0,
        "Tax Rate For Calcs": 0.363,
        "Normalized EBITDA": 1870000.0,
        "Total Unusual Items": 0.0,
        "Total Unusual Items Excluding Goodwill": 0.0,
        "Net Income From Continuing Operation Net Minority Interest": -2199000.0,
        "Reconciled Depreciation": 4751000.0,
        "Reconciled Cost Of Revenue": 168572000.0,
        "EBITDA": 1870000.0,
        "EBIT": -2881000.0,
        "Net Interest Income": 2177000.0,
        "Interest Expense": 569000.0,
        "Interest Income": 2746000.0,
        "Normalized Income": -2199000.0,
        "Net Income From Continuing And Discontinued Operation": -2199000.0,
        "Total Expenses": 219775000.0,
        "Total Operating Income As Reported": -5627000.0,
        "Diluted Average Shares": 48922017.0,
        "Basic Average Shares": 48922017.0,
        "Diluted EPS": -0.04,
        "Basic EPS": -0.04,
        "Diluted NI Availto Com Stockholders": -2199000.0,
        "Net Income Common Stockholders": -2199000.0,
        "Otherunder Preferred Stock Dividend": NaN,
        "Net Income": -2199000.0,
        "Net Income Including Noncontrolling Interests": -2199000.0,
        "Net Income Continuous Operations": -2199000.0,
        "Tax Provision": -1251000.0,
        "Pretax Income": -3450000.0,
        "Other Income Expense": NaN,
        "Other Non Operating Income Expenses": NaN,
        "Special Income Charges": 0.0,
        "Other Special Charges": NaN,
        "Net Non Operating Interest Income Expense": 2177000.0,
        "Interest Expense Non Operating": 569000.0,
        "Interest Income Non Operating": 2746000.0,
        "Operating Income": -5627000.0,
        "Operating Expense": 51203000.0,
        "Research And Development": 9400000.0,
        "Selling General And Administration": 41803000.0,
        "Selling And Marketing Expense": 24777000.0,
        "General And Administrative Expense": 17026000.0,
        "Other Gand A": 17026000.0,
        "Gross Profit": 45576000.0,
        "Cost Of Revenue": 168572000.0,
        "Total Revenue": 214148000.0,
        "Operating Revenue": 214148000.0
    },
    "2024-09-30": {
        "Tax Effect Of Unusual Items": 1361210.0,
        "Tax Rate For Calcs": 0.155,
        "Normalized EBITDA": 5430000.0,
        "Total Unusual Items": 8782000.0,
        "Total Unusual Items Excluding Goodwill": 8782000.0,
        "Net Income From Continuing Operation Net Minority Interest": 6696000.0,
        "Reconciled Depreciation": 4843000.0,
        "Reconciled Cost Of Revenue": 175308000.0,
        "EBITDA": 14212000.0,
        "EBIT": 9369000.0,
        "Net Interest Income": 2092000.0,
        "Interest Expense": 1444000.0,
        "Interest Income": 3536000.0,
        "Normalized Income": -724790.0,
        "Net Income From Continuing And Discontinued Operation": 6696000.0,
        "Total Expenses": 227126000.0,
        "Total Operating Income As Reported": -2949000.0,
        "Diluted Average Shares": 53908058.0,
        "Basic Average Shares": 49325518.0,
        "Diluted EPS": 0.01,
        "Basic EPS": 0.14,
        "Diluted NI Availto Com Stockholders": 523000.0,
        "Net Income Common Stockholders": 523000.0,
        "Otherunder Preferred Stock Dividend": 6173000.0,
        "Net Income": 6696000.0,
        "Net Income Including Noncontrolling Interests": 6696000.0,
        "Net Income Continuous Operations": 6696000.0,
        "Tax Provision": 1229000.0,
        "Pretax Income": 7925000.0,
        "Other Income Expense": 8782000.0,
        "Other Non Operating Income Expenses": NaN,
        "Special Income Charges": 8782000.0,
        "Other Special Charges": -8782000.0,
        "Net Non Operating Interest Income Expense": 2092000.0,
        "Interest Expense Non Operating": 1444000.0,
        "Interest Income Non Operating": 3536000.0,
        "Operating Income": -2949000.0,
        "Operating Expense": 51818000.0,
        "Research And Development": 9053000.0,
        "Selling General And Administration": 42765000.0,
        "Selling And Marketing Expense": 23201000.0,
        "General And Administrative Expense": 19564000.0,
        "Other Gand A": 19564000.0,
        "Gross Profit": 48869000.0,
        "Cost Of Revenue": 175308000.0,
        "Total Revenue": 224177000.0,
        "Operating Revenue": 224177000.0
    }
}