{
    "2024-03-31": {
        "Tax Effect Of Unusual Items": NaN,
        "Tax Rate For Calcs": NaN,
        "Normalized EBITDA": NaN,
        "Total Unusual Items": NaN,
        "Total Unusual Items Excluding Goodwill": NaN,
        "Net Income From Continuing Operation Net Minority Interest": NaN,
        "Reconciled Depreciation": NaN,
        "Reconciled Cost Of Revenue": NaN,
        "EBITDA": NaN,
        "EBIT": NaN,
        "Net Interest Income": NaN,
        "Interest Expense": NaN,
        "Normalized Income": NaN,
        "Net Income From Continuing And Discontinued Operation": NaN,
        "Total Expenses": NaN,
        "Diluted Average Shares": 80300000.0,
        "Basic Average Shares": 77300000.0,
        "Diluted EPS": 0.15,
        "Basic EPS": 0.15,
        "Diluted NI Availto Com Stockholders": NaN,
        "Net Income Common Stockholders": NaN,
        "Net Income": NaN,
        "Net Income Including Noncontrolling Interests": NaN,
        "Net Income Continuous Operations": NaN,
        "Tax Provision": NaN,
        "Pretax Income": NaN,
        "Other Income Expense": NaN,
        "Other Non Operating Income Expenses": NaN,
        "Special Income Charges": NaN,
        "Other Special Charges": 100000.0,
        "Restructuring And Mergern Acquisition": NaN,
        "Gain On Sale Of Security": NaN,
        "Net Non Operating Interest Income Expense": NaN,
        "Total Other Finance Cost": NaN,
        "Interest Expense Non Operating": NaN,
        "Operating Income": NaN,
        "Operating Expense": NaN,
        "Other Operating Expenses": NaN,
        "Selling General And Administration": NaN,
        "General And Administrative Expense": NaN,
        "Other Gand A": NaN,
        "Salaries And Wages": NaN,
        "Gross Profit": NaN,
        "Cost Of Revenue": NaN,
        "Total Revenue": NaN,
        "Operating Revenue": NaN
    },
    "2023-12-31": {
        "Tax Effect Of Unusual Items": NaN,
        "Tax Rate For Calcs": NaN,
        "Normalized EBITDA": NaN,
        "Total Unusual Items": NaN,
        "Total Unusual Items Excluding Goodwill": NaN,
        "Net Income From Continuing Operation Net Minority Interest": NaN,
        "Reconciled Depreciation": NaN,
        "Reconciled Cost Of Revenue": NaN,
        "EBITDA": NaN,
        "EBIT": NaN,
        "Net Interest Income": NaN,
        "Interest Expense": NaN,
        "Normalized Income": NaN,
        "Net Income From Continuing And Discontinued Operation": NaN,
        "Total Expenses": NaN,
        "Diluted Average Shares": NaN,
        "Basic Average Shares": NaN,
        "Diluted EPS": NaN,
        "Basic EPS": NaN,
        "Diluted NI Availto Com Stockholders": NaN,
        "Net Income Common Stockholders": NaN,
        "Net Income": NaN,
        "Net Income Including Noncontrolling Interests": NaN,
        "Net Income Continuous Operations": NaN,
        "Tax Provision": NaN,
        "Pretax Income": NaN,
        "Other Income Expense": NaN,
        "Other Non Operating Income Expenses": NaN,
        "Special Income Charges": NaN,
        "Other Special Charges": 0.0,
        "Restructuring And Mergern Acquisition": NaN,
        "Gain On Sale Of Security": NaN,
        "Net Non Operating Interest Income Expense": NaN,
        "Total Other Finance Cost": NaN,
        "Interest Expense Non Operating": NaN,
        "Operating Income": NaN,
        "Operating Expense": NaN,
        "Other Operating Expenses": NaN,
        "Selling General And Administration": NaN,
        "General And Administrative Expense": NaN,
        "Other Gand A": NaN,
        "Salaries And Wages": NaN,
        "Gross Profit": NaN,
        "Cost Of Revenue": NaN,
        "Total Revenue": NaN,
        "Operating Revenue": NaN
    },
    "2023-09-30": {
        "Tax Effect Of Unusual Items": NaN,
        "Tax Rate For Calcs": NaN,
        "Normalized EBITDA": NaN,
        "Total Unusual Items": NaN,
        "Total Unusual Items Excluding Goodwill": NaN,
        "Net Income From Continuing Operation Net Minority Interest": NaN,
        "Reconciled Depreciation": NaN,
        "Reconciled Cost Of Revenue": NaN,
        "EBITDA": NaN,
        "EBIT": NaN,
        "Net Interest Income": NaN,
        "Interest Expense": NaN,
        "Normalized Income": NaN,
        "Net Income From Continuing And Discontinued Operation": NaN,
        "Total Expenses": NaN,
        "Diluted Average Shares": 83000000.0,
        "Basic Average Shares": 80900000.0,
        "Diluted EPS": 0.3,
        "Basic EPS": 0.31,
        "Diluted NI Availto Com Stockholders": NaN,
        "Net Income Common Stockholders": NaN,
        "Net Income": NaN,
        "Net Income Including Noncontrolling Interests": NaN,
        "Net Income Continuous Operations": NaN,
        "Tax Provision": NaN,
        "Pretax Income": NaN,
        "Other Income Expense": NaN,
        "Other Non Operating Income Expenses": NaN,
        "Special Income Charges": NaN,
        "Other Special Charges": 400000.0,
        "Restructuring And Mergern Acquisition": NaN,
        "Gain On Sale Of Security": NaN,
        "Net Non Operating Interest Income Expense": NaN,
        "Total Other Finance Cost": NaN,
        "Interest Expense Non Operating": NaN,
        "Operating Income": NaN,
        "Operating Expense": NaN,
        "Other Operating Expenses": NaN,
        "Selling General And Administration": NaN,
        "General And Administrative Expense": NaN,
        "Other Gand A": NaN,
        "Salaries And Wages": NaN,
        "Gross Profit": NaN,
        "Cost Of Revenue": NaN,
        "Total Revenue": NaN,
        "Operating Revenue": NaN
    },
    "2023-06-30": {
        "Tax Effect Of Unusual Items": NaN,
        "Tax Rate For Calcs": NaN,
        "Normalized EBITDA": NaN,
        "Total Unusual Items": NaN,
        "Total Unusual Items Excluding Goodwill": NaN,
        "Net Income From Continuing Operation Net Minority Interest": NaN,
        "Reconciled Depreciation": NaN,
        "Reconciled Cost Of Revenue": NaN,
        "EBITDA": NaN,
        "EBIT": NaN,
        "Net Interest Income": NaN,
        "Interest Expense": NaN,
        "Normalized Income": NaN,
        "Net Income From Continuing And Discontinued Operation": NaN,
        "Total Expenses": NaN,
        "Diluted Average Shares": 84700000.0,
        "Basic Average Shares": 81800000.0,
        "Diluted EPS": 0.22,
        "Basic EPS": 0.22,
        "Diluted NI Availto Com Stockholders": NaN,
        "Net Income Common Stockholders": NaN,
        "Net Income": NaN,
        "Net Income Including Noncontrolling Interests": NaN,
        "Net Income Continuous Operations": NaN,
        "Tax Provision": NaN,
        "Pretax Income": NaN,
        "Other Income Expense": NaN,
        "Other Non Operating Income Expenses": NaN,
        "Special Income Charges": NaN,
        "Other Special Charges": 100000.0,
        "Restructuring And Mergern Acquisition": NaN,
        "Gain On Sale Of Security": NaN,
        "Net Non Operating Interest Income Expense": NaN,
        "Total Other Finance Cost": NaN,
        "Interest Expense Non Operating": NaN,
        "Operating Income": NaN,
        "Operating Expense": NaN,
        "Other Operating Expenses": NaN,
        "Selling General And Administration": NaN,
        "General And Administrative Expense": NaN,
        "Other Gand A": NaN,
        "Salaries And Wages": NaN,
        "Gross Profit": NaN,
        "Cost Of Revenue": NaN,
        "Total Revenue": NaN,
        "Operating Revenue": NaN
    },
    "2023-03-31": {
        "Tax Effect Of Unusual Items": NaN,
        "Tax Rate For Calcs": NaN,
        "Normalized EBITDA": NaN,
        "Total Unusual Items": NaN,
        "Total Unusual Items Excluding Goodwill": NaN,
        "Net Income From Continuing Operation Net Minority Interest": NaN,
        "Reconciled Depreciation": NaN,
        "Reconciled Cost Of Revenue": NaN,
        "EBITDA": NaN,
        "EBIT": NaN,
        "Net Interest Income": NaN,
        "Interest Expense": NaN,
        "Normalized Income": NaN,
        "Net Income From Continuing And Discontinued Operation": NaN,
        "Total Expenses": NaN,
        "Diluted Average Shares": 83900000.0,
        "Basic Average Shares": 82000000.0,
        "Diluted EPS": 0.36,
        "Basic EPS": 0.37,
        "Diluted NI Availto Com Stockholders": NaN,
        "Net Income Common Stockholders": NaN,
        "Net Income": NaN,
        "Net Income Including Noncontrolling Interests": NaN,
        "Net Income Continuous Operations": NaN,
        "Tax Provision": NaN,
        "Pretax Income": NaN,
        "Other Income Expense": NaN,
        "Other Non Operating Income Expenses": NaN,
        "Special Income Charges": NaN,
        "Other Special Charges": NaN,
        "Restructuring And Mergern Acquisition": 0.0,
        "Gain On Sale Of Security": NaN,
        "Net Non Operating Interest Income Expense": NaN,
        "Total Other Finance Cost": NaN,
        "Interest Expense Non Operating": NaN,
        "Operating Income": NaN,
        "Operating Expense": NaN,
        "Other Operating Expenses": NaN,
        "Selling General And Administration": NaN,
        "General And Administrative Expense": NaN,
        "Other Gand A": NaN,
        "Salaries And Wages": NaN,
        "Gross Profit": NaN,
        "Cost Of Revenue": NaN,
        "Total Revenue": NaN,
        "Operating Revenue": NaN
    },
    "2022-12-31": {
        "Tax Effect Of Unusual Items": NaN,
        "Tax Rate For Calcs": NaN,
        "Normalized EBITDA": NaN,
        "Total Unusual Items": NaN,
        "Total Unusual Items Excluding Goodwill": NaN,
        "Net Income From Continuing Operation Net Minority Interest": NaN,
        "Reconciled Depreciation": NaN,
        "Reconciled Cost Of Revenue": NaN,
        "EBITDA": NaN,
        "EBIT": NaN,
        "Net Interest Income": NaN,
        "Interest Expense": NaN,
        "Normalized Income": NaN,
        "Net Income From Continuing And Discontinued Operation": NaN,
        "Total Expenses": NaN,
        "Diluted Average Shares": NaN,
        "Basic Average Shares": NaN,
        "Diluted EPS": NaN,
        "Basic EPS": NaN,
        "Diluted NI Availto Com Stockholders": NaN,
        "Net Income Common Stockholders": NaN,
        "Net Income": NaN,
        "Net Income Including Noncontrolling Interests": NaN,
        "Net Income Continuous Operations": NaN,
        "Tax Provision": NaN,
        "Pretax Income": NaN,
        "Other Income Expense": NaN,
        "Other Non Operating Income Expenses": NaN,
        "Special Income Charges": NaN,
        "Other Special Charges": 0.0,
        "Restructuring And Mergern Acquisition": NaN,
        "Gain On Sale Of Security": NaN,
        "Net Non Operating Interest Income Expense": NaN,
        "Total Other Finance Cost": NaN,
        "Interest Expense Non Operating": NaN,
        "Operating Income": NaN,
        "Operating Expense": NaN,
        "Other Operating Expenses": NaN,
        "Selling General And Administration": NaN,
        "General And Administrative Expense": NaN,
        "Other Gand A": NaN,
        "Salaries And Wages": NaN,
        "Gross Profit": NaN,
        "Cost Of Revenue": NaN,
        "Total Revenue": NaN,
        "Operating Revenue": NaN
    },
    "2022-09-30": {
        "Tax Effect Of Unusual Items": NaN,
        "Tax Rate For Calcs": NaN,
        "Normalized EBITDA": NaN,
        "Total Unusual Items": NaN,
        "Total Unusual Items Excluding Goodwill": NaN,
        "Net Income From Continuing Operation Net Minority Interest": NaN,
        "Reconciled Depreciation": NaN,
        "Reconciled Cost Of Revenue": NaN,
        "EBITDA": NaN,
        "EBIT": NaN,
        "Net Interest Income": NaN,
        "Interest Expense": NaN,
        "Normalized Income": NaN,
        "Net Income From Continuing And Discontinued Operation": NaN,
        "Total Expenses": NaN,
        "Diluted Average Shares": 84500000.0,
        "Basic Average Shares": 82200000.0,
        "Diluted EPS": 0.48,
        "Basic EPS": 0.5,
        "Diluted NI Availto Com Stockholders": NaN,
        "Net Income Common Stockholders": NaN,
        "Net Income": NaN,
        "Net Income Including Noncontrolling Interests": NaN,
        "Net Income Continuous Operations": NaN,
        "Tax Provision": NaN,
        "Pretax Income": NaN,
        "Other Income Expense": NaN,
        "Other Non Operating Income Expenses": NaN,
        "Special Income Charges": NaN,
        "Other Special Charges": -100000.0,
        "Restructuring And Mergern Acquisition": NaN,
        "Gain On Sale Of Security": NaN,
        "Net Non Operating Interest Income Expense": NaN,
        "Total Other Finance Cost": NaN,
        "Interest Expense Non Operating": NaN,
        "Operating Income": NaN,
        "Operating Expense": NaN,
        "Other Operating Expenses": NaN,
        "Selling General And Administration": NaN,
        "General And Administrative Expense": NaN,
        "Other Gand A": NaN,
        "Salaries And Wages": NaN,
        "Gross Profit": NaN,
        "Cost Of Revenue": NaN,
        "Total Revenue": NaN,
        "Operating Revenue": NaN
    },
    "2024-06-30": {
        "Tax Effect Of Unusual Items": 1270696.721311,
        "Tax Rate For Calcs": 0.239754,
        "Normalized EBITDA": 112500000.0,
        "Total Unusual Items": 5300000.0,
        "Total Unusual Items Excluding Goodwill": 5300000.0,
        "Net Income From Continuing Operation Net Minority Interest": 37100000.0,
        "Reconciled Depreciation": 60900000.0,
        "Reconciled Cost Of Revenue": 89400000.0,
        "EBITDA": 117800000.0,
        "EBIT": 56900000.0,
        "Net Interest Income": -8700000.0,
        "Interest Expense": 8100000.0,
        "Normalized Income": 33070696.721311,
        "Net Income From Continuing And Discontinued Operation": 37100000.0,
        "Total Expenses": 161900000.0,
        "Diluted Average Shares": 79800000.0,
        "Basic Average Shares": 76500000.0,
        "Diluted EPS": 0.46,
        "Basic EPS": 0.48,
        "Diluted NI Availto Com Stockholders": 37100000.0,
        "Net Income Common Stockholders": 37100000.0,
        "Net Income": 37100000.0,
        "Net Income Including Noncontrolling Interests": 37100000.0,
        "Net Income Continuous Operations": 37100000.0,
        "Tax Provision": 11700000.0,
        "Pretax Income": 48800000.0,
        "Other Income Expense": 6400000.0,
        "Other Non Operating Income Expenses": 1100000.0,
        "Special Income Charges": -1400000.0,
        "Other Special Charges": NaN,
        "Restructuring And Mergern Acquisition": 1400000.0,
        "Gain On Sale Of Security": 6700000.0,
        "Net Non Operating Interest Income Expense": -8700000.0,
        "Total Other Finance Cost": 600000.0,
        "Interest Expense Non Operating": 8100000.0,
        "Operating Income": 51100000.0,
        "Operating Expense": 72500000.0,
        "Other Operating Expenses": 66700000.0,
        "Selling General And Administration": 5800000.0,
        "General And Administrative Expense": 5800000.0,
        "Other Gand A": 4900000.0,
        "Salaries And Wages": 900000.0,
        "Gross Profit": 123600000.0,
        "Cost Of Revenue": 89400000.0,
        "Total Revenue": 213000000.0,
        "Operating Revenue": 211300000.0
    },
    "2024-09-30": {
        "Tax Effect Of Unusual Items": 378220.140515,
        "Tax Rate For Calcs": 0.222482,
        "Normalized EBITDA": 119800000.0,
        "Total Unusual Items": 1700000.0,
        "Total Unusual Items Excluding Goodwill": 1700000.0,
        "Net Income From Continuing Operation Net Minority Interest": 33200000.0,
        "Reconciled Depreciation": 69100000.0,
        "Reconciled Cost Of Revenue": 98300000.0,
        "EBITDA": 121500000.0,
        "EBIT": 52400000.0,
        "Net Interest Income": -10300000.0,
        "Interest Expense": 9700000.0,
        "Normalized Income": 31878220.140515,
        "Net Income From Continuing And Discontinued Operation": 33200000.0,
        "Total Expenses": 172600000.0,
        "Diluted Average Shares": 79000000.0,
        "Basic Average Shares": 75900000.0,
        "Diluted EPS": 0.42,
        "Basic EPS": 0.44,
        "Diluted NI Availto Com Stockholders": 33200000.0,
        "Net Income Common Stockholders": 33200000.0,
        "Net Income": 33200000.0,
        "Net Income Including Noncontrolling Interests": 33200000.0,
        "Net Income Continuous Operations": 33200000.0,
        "Tax Provision": 9500000.0,
        "Pretax Income": 42700000.0,
        "Other Income Expense": 3600000.0,
        "Other Non Operating Income Expenses": 1900000.0,
        "Special Income Charges": 0.0,
        "Other Special Charges": NaN,
        "Restructuring And Mergern Acquisition": 0.0,
        "Gain On Sale Of Security": 1700000.0,
        "Net Non Operating Interest Income Expense": -10300000.0,
        "Total Other Finance Cost": 600000.0,
        "Interest Expense Non Operating": 9700000.0,
        "Operating Income": 49400000.0,
        "Operating Expense": 74300000.0,
        "Other Operating Expenses": 73700000.0,
        "Selling General And Administration": 600000.0,
        "General And Administrative Expense": 600000.0,
        "Other Gand A": 5000000.0,
        "Salaries And Wages": -4400000.0,
        "Gross Profit": 123700000.0,
        "Cost Of Revenue": 98300000.0,
        "Total Revenue": 222000000.0,
        "Operating Revenue": 220900000.0
    },
    "2024-12-31": {
        "Tax Effect Of Unusual Items": 1888412.017167,
        "Tax Rate For Calcs": 0.236052,
        "Normalized EBITDA": -307000000.0,
        "Total Unusual Items": 8000000.0,
        "Total Unusual Items Excluding Goodwill": 8000000.0,
        "Net Income From Continuing Operation Net Minority Interest": -284800000.0,
        "Reconciled Depreciation": 65400000.0,
        "Reconciled Cost Of Revenue": 506500000.0,
        "EBITDA": -299000000.0,
        "EBIT": -364400000.0,
        "Net Interest Income": -8900000.0,
        "Interest Expense": 8400000.0,
        "Normalized Income": -290911587.982833,
        "Net Income From Continuing And Discontinued Operation": -284800000.0,
        "Total Expenses": 591200000.0,
        "Diluted Average Shares": NaN,
        "Basic Average Shares": NaN,
        "Diluted EPS": NaN,
        "Basic EPS": NaN,
        "Diluted NI Availto Com Stockholders": -284800000.0,
        "Net Income Common Stockholders": -284800000.0,
        "Net Income": -284800000.0,
        "Net Income Including Noncontrolling Interests": -284800000.0,
        "Net Income Continuous Operations": -284800000.0,
        "Tax Provision": -88000000.0,
        "Pretax Income": -372800000.0,
        "Other Income Expense": 9600000.0,
        "Other Non Operating Income Expenses": 1600000.0,
        "Special Income Charges": 0.0,
        "Other Special Charges": 0.0,
        "Restructuring And Mergern Acquisition": 0.0,
        "Gain On Sale Of Security": 8000000.0,
        "Net Non Operating Interest Income Expense": -8900000.0,
        "Total Other Finance Cost": 500000.0,
        "Interest Expense Non Operating": 8400000.0,
        "Operating Income": -373500000.0,
        "Operating Expense": 84700000.0,
        "Other Operating Expenses": 76900000.0,
        "Selling General And Administration": 7800000.0,
        "General And Administrative Expense": 7800000.0,
        "Other Gand A": 5100000.0,
        "Salaries And Wages": 2700000.0,
        "Gross Profit": -288800000.0,
        "Cost Of Revenue": 506500000.0,
        "Total Revenue": 217700000.0,
        "Operating Revenue": 216500000.0
    },
    "2025-03-31": {
        "Tax Effect Of Unusual Items": -3627450.980392,
        "Tax Rate For Calcs": 0.245098,
        "Normalized EBITDA": 98200000.0,
        "Total Unusual Items": -14800000.0,
        "Total Unusual Items Excluding Goodwill": -14800000.0,
        "Net Income From Continuing Operation Net Minority Interest": 15400000.0,
        "Reconciled Depreciation": 55300000.0,
        "Reconciled Cost Of Revenue": 85400000.0,
        "EBITDA": 83400000.0,
        "EBIT": 28100000.0,
        "Net Interest Income": -8100000.0,
        "Interest Expense": 7700000.0,
        "Normalized Income": 26572549.019608,
        "Net Income From Continuing And Discontinued Operation": 15400000.0,
        "Total Expenses": 174300000.0,
        "Diluted Average Shares": 76400000.0,
        "Basic Average Shares": 73500000.0,
        "Diluted EPS": 0.2,
        "Basic EPS": 0.21,
        "Diluted NI Availto Com Stockholders": 15400000.0,
        "Net Income Common Stockholders": 15400000.0,
        "Net Income": 15400000.0,
        "Net Income Including Noncontrolling Interests": 15400000.0,
        "Net Income Continuous Operations": 15400000.0,
        "Tax Provision": 5000000.0,
        "Pretax Income": 20400000.0,
        "Other Income Expense": -13000000.0,
        "Other Non Operating Income Expenses": 1800000.0,
        "Special Income Charges": -2300000.0,
        "Other Special Charges": NaN,
        "Restructuring And Mergern Acquisition": 2300000.0,
        "Gain On Sale Of Security": -12500000.0,
        "Net Non Operating Interest Income Expense": -8100000.0,
        "Total Other Finance Cost": 400000.0,
        "Interest Expense Non Operating": 7700000.0,
        "Operating Income": 41500000.0,
        "Operating Expense": 88900000.0,
        "Other Operating Expenses": 80400000.0,
        "Selling General And Administration": 8500000.0,
        "General And Administrative Expense": 8500000.0,
        "Other Gand A": 5600000.0,
        "Salaries And Wages": 2900000.0,
        "Gross Profit": 130400000.0,
        "Cost Of Revenue": 85400000.0,
        "Total Revenue": 215800000.0,
        "Operating Revenue": 213800000.0
    },
    "2025-06-30": {
        "Tax Effect Of Unusual Items": 899489.795918,
        "Tax Rate For Calcs": 0.219388,
        "Normalized EBITDA": 67500000.0,
        "Total Unusual Items": 4100000.0,
        "Total Unusual Items Excluding Goodwill": 4100000.0,
        "Net Income From Continuing Operation Net Minority Interest": 15300000.0,
        "Reconciled Depreciation": 46700000.0,
        "Reconciled Cost Of Revenue": 63700000.0,
        "EBITDA": 71600000.0,
        "EBIT": 24900000.0,
        "Net Interest Income": -5900000.0,
        "Interest Expense": 5300000.0,
        "Normalized Income": 12099489.795918,
        "Net Income From Continuing And Discontinued Operation": 15300000.0,
        "Total Expenses": 122700000.0,
        "Diluted Average Shares": 73300000.0,
        "Basic Average Shares": 70100000.0,
        "Diluted EPS": 0.21,
        "Basic EPS": 0.22,
        "Diluted NI Availto Com Stockholders": 15300000.0,
        "Net Income Common Stockholders": 15300000.0,
        "Net Income": 15300000.0,
        "Net Income Including Noncontrolling Interests": 15300000.0,
        "Net Income Continuous Operations": 15300000.0,
        "Tax Provision": 4300000.0,
        "Pretax Income": 19600000.0,
        "Other Income Expense": 8000000.0,
        "Other Non Operating Income Expenses": 3900000.0,
        "Special Income Charges": -3000000.0,
        "Other Special Charges": 100000.0,
        "Restructuring And Mergern Acquisition": 2900000.0,
        "Gain On Sale Of Security": 7100000.0,
        "Net Non Operating Interest Income Expense": -5900000.0,
        "Total Other Finance Cost": 600000.0,
        "Interest Expense Non Operating": 5300000.0,
        "Operating Income": 17500000.0,
        "Operating Expense": 59000000.0,
        "Other Operating Expenses": 54200000.0,
        "Selling General And Administration": 4800000.0,
        "General And Administrative Expense": 4800000.0,
        "Other Gand A": 5000000.0,
        "Salaries And Wages": -200000.0,
        "Gross Profit": 76500000.0,
        "Cost Of Revenue": 63700000.0,
        "Total Revenue": 140200000.0,
        "Operating Revenue": 138900000.0
    }
}