{
    "2023-03-31": {
        "Tax Effect Of Unusual Items": NaN,
        "Tax Rate For Calcs": NaN,
        "Normalized EBITDA": NaN,
        "Total Unusual Items": NaN,
        "Total Unusual Items Excluding Goodwill": NaN,
        "Net Income From Continuing Operation Net Minority Interest": NaN,
        "Reconciled Depreciation": NaN,
        "Reconciled Cost Of Revenue": NaN,
        "EBITDA": NaN,
        "EBIT": NaN,
        "Net Interest Income": NaN,
        "Interest Income": NaN,
        "Normalized Income": NaN,
        "Net Income From Continuing And Discontinued Operation": NaN,
        "Total Expenses": NaN,
        "Total Operating Income As Reported": NaN,
        "Diluted Average Shares": NaN,
        "Basic Average Shares": NaN,
        "Diluted EPS": NaN,
        "Basic EPS": NaN,
        "Diluted NI Availto Com Stockholders": NaN,
        "Net Income Common Stockholders": NaN,
        "Net Income": NaN,
        "Net Income Including Noncontrolling Interests": NaN,
        "Net Income Continuous Operations": NaN,
        "Pretax Income": NaN,
        "Other Income Expense": NaN,
        "Other Non Operating Income Expenses": NaN,
        "Special Income Charges": NaN,
        "Gain On Sale Of Security": NaN,
        "Net Non Operating Interest Income Expense": NaN,
        "Total Other Finance Cost": -885000.0,
        "Interest Income Non Operating": NaN,
        "Operating Income": NaN,
        "Operating Expense": NaN,
        "Research And Development": NaN,
        "Selling General And Administration": NaN,
        "Gross Profit": NaN,
        "Cost Of Revenue": NaN,
        "Total Revenue": NaN,
        "Operating Revenue": NaN
    },
    "2022-06-30": {
        "Tax Effect Of Unusual Items": 0.0,
        "Tax Rate For Calcs": 0.0,
        "Normalized EBITDA": -7949000.0,
        "Total Unusual Items": 33000.0,
        "Total Unusual Items Excluding Goodwill": 33000.0,
        "Net Income From Continuing Operation Net Minority Interest": -7847000.0,
        "Reconciled Depreciation": 50000.0,
        "Reconciled Cost Of Revenue": 60000.0,
        "EBITDA": -7916000.0,
        "EBIT": -7966000.0,
        "Net Interest Income": -246000.0,
        "Interest Expense": 246000.0,
        "Interest Income": NaN,
        "Normalized Income": -7880000.0,
        "Net Income From Continuing And Discontinued Operation": -7847000.0,
        "Total Expenses": 8035000.0,
        "Total Operating Income As Reported": -7634000.0,
        "Diluted Average Shares": 31614079.0,
        "Basic Average Shares": 31614079.0,
        "Diluted EPS": -0.248212,
        "Basic EPS": -0.248212,
        "Diluted NI Availto Com Stockholders": -9857000.0,
        "Net Income Common Stockholders": -9857000.0,
        "Net Income": -7847000.0,
        "Net Income Including Noncontrolling Interests": -7847000.0,
        "Net Income Continuous Operations": -7847000.0,
        "Pretax Income": -7847000.0,
        "Other Income Expense": 33000.0,
        "Special Income Charges": -682000.0,
        "Other Special Charges": 682000.0,
        "Gain On Sale Of Security": 715000.0,
        "Net Non Operating Interest Income Expense": -246000.0,
        "Total Other Finance Cost": NaN,
        "Interest Expense Non Operating": 246000.0,
        "Interest Income Non Operating": NaN,
        "Operating Income": -7634000.0,
        "Operating Expense": 7975000.0,
        "Research And Development": 5029000.0,
        "Selling General And Administration": 2946000.0,
        "Gross Profit": 341000.0,
        "Cost Of Revenue": 60000.0,
        "Total Revenue": 401000.0,
        "Operating Revenue": 401000.0
    },
    "2022-12-31": {
        "Tax Effect Of Unusual Items": NaN,
        "Tax Rate For Calcs": NaN,
        "Normalized EBITDA": NaN,
        "Total Unusual Items": NaN,
        "Total Unusual Items Excluding Goodwill": NaN,
        "Net Income From Continuing Operation Net Minority Interest": NaN,
        "Reconciled Depreciation": NaN,
        "Reconciled Cost Of Revenue": NaN,
        "EBITDA": NaN,
        "EBIT": NaN,
        "Net Interest Income": NaN,
        "Interest Income": NaN,
        "Normalized Income": NaN,
        "Net Income From Continuing And Discontinued Operation": NaN,
        "Total Expenses": NaN,
        "Total Operating Income As Reported": NaN,
        "Diluted Average Shares": NaN,
        "Basic Average Shares": NaN,
        "Diluted EPS": NaN,
        "Basic EPS": NaN,
        "Diluted NI Availto Com Stockholders": NaN,
        "Net Income Common Stockholders": NaN,
        "Net Income": NaN,
        "Net Income Including Noncontrolling Interests": NaN,
        "Net Income Continuous Operations": NaN,
        "Pretax Income": NaN,
        "Other Income Expense": NaN,
        "Other Non Operating Income Expenses": NaN,
        "Special Income Charges": 0.0,
        "Other Special Charges": 0.0,
        "Gain On Sale Of Security": NaN,
        "Net Non Operating Interest Income Expense": NaN,
        "Total Other Finance Cost": NaN,
        "Interest Income Non Operating": NaN,
        "Operating Income": NaN,
        "Operating Expense": NaN,
        "Research And Development": NaN,
        "Selling General And Administration": NaN,
        "Gross Profit": NaN,
        "Cost Of Revenue": NaN,
        "Total Revenue": NaN,
        "Operating Revenue": NaN
    },
    "2022-09-30": {
        "Tax Effect Of Unusual Items": NaN,
        "Tax Rate For Calcs": NaN,
        "Normalized EBITDA": NaN,
        "Total Unusual Items": NaN,
        "Total Unusual Items Excluding Goodwill": NaN,
        "Net Income From Continuing Operation Net Minority Interest": NaN,
        "Reconciled Depreciation": NaN,
        "Reconciled Cost Of Revenue": NaN,
        "EBITDA": NaN,
        "EBIT": NaN,
        "Net Interest Income": NaN,
        "Interest Income": NaN,
        "Normalized Income": NaN,
        "Net Income From Continuing And Discontinued Operation": NaN,
        "Total Expenses": NaN,
        "Total Operating Income As Reported": NaN,
        "Diluted Average Shares": 31614079.0,
        "Basic Average Shares": 31614079.0,
        "Diluted EPS": -0.325235,
        "Basic EPS": -0.325235,
        "Diluted NI Availto Com Stockholders": NaN,
        "Net Income Common Stockholders": NaN,
        "Net Income": NaN,
        "Net Income Including Noncontrolling Interests": NaN,
        "Net Income Continuous Operations": NaN,
        "Pretax Income": NaN,
        "Other Income Expense": NaN,
        "Other Non Operating Income Expenses": NaN,
        "Special Income Charges": 0.0,
        "Other Special Charges": NaN,
        "Gain On Sale Of Security": NaN,
        "Net Non Operating Interest Income Expense": NaN,
        "Total Other Finance Cost": -63000.0,
        "Interest Income Non Operating": NaN,
        "Operating Income": NaN,
        "Operating Expense": NaN,
        "Research And Development": NaN,
        "Selling General And Administration": NaN,
        "Gross Profit": NaN,
        "Cost Of Revenue": NaN,
        "Total Revenue": NaN,
        "Operating Revenue": NaN
    },
    "2022-03-31": {
        "Diluted EPS": -0.62,
        "Total Revenue": 1,
        "Gross Profit": 1,
        "Operating Income": -5,
        "EBIT": -5,
        "Net Income": -6
    },
    "2021-12-31": {
        "Diluted EPS": -0.01,
        "Total Revenue": NaN,
        "Gross Profit": NaN,
        "Operating Income": 0,
        "EBIT": 0,
        "Net Income": 0
    },
    "2021-09-30": {
        "Diluted EPS": 0.0,
        "Total Revenue": NaN,
        "Gross Profit": NaN,
        "Operating Income": 0,
        "EBIT": 0,
        "Net Income": 0
    },
    "2021-06-30": {
        "Diluted EPS": 0.0,
        "Total Revenue": NaN,
        "Gross Profit": NaN,
        "Operating Income": 0,
        "EBIT": 0,
        "Net Income": 0
    },
    "2021-03-31": {
        "Diluted EPS": -0.01,
        "Total Revenue": NaN,
        "Gross Profit": NaN,
        "Operating Income": 0,
        "EBIT": 0,
        "Net Income": 0
    },
    "2020-12-31": {
        "Diluted EPS": 0.0,
        "Total Revenue": NaN,
        "Gross Profit": NaN,
        "Operating Income": NaN,
        "EBIT": NaN,
        "Net Income": NaN
    },
    "2020-09-30": {
        "Diluted EPS": 0.0,
        "Total Revenue": NaN,
        "Gross Profit": NaN,
        "Operating Income": 0,
        "EBIT": 0,
        "Net Income": 0
    },
    "2023-06-30": {
        "Tax Effect Of Unusual Items": NaN,
        "Tax Rate For Calcs": NaN,
        "Normalized EBITDA": NaN,
        "Total Unusual Items": -31000.0,
        "Total Unusual Items Excluding Goodwill": -31000.0,
        "Net Income From Continuing Operation Net Minority Interest": NaN,
        "Reconciled Depreciation": NaN,
        "Reconciled Cost Of Revenue": NaN,
        "EBITDA": NaN,
        "EBIT": NaN,
        "Net Interest Income": NaN,
        "Interest Income": 941000.0,
        "Normalized Income": NaN,
        "Net Income From Continuing And Discontinued Operation": NaN,
        "Total Expenses": NaN,
        "Total Operating Income As Reported": NaN,
        "Diluted Average Shares": 34613466.0,
        "Basic Average Shares": 34613466.0,
        "Diluted EPS": -0.35,
        "Basic EPS": -0.35,
        "Diluted NI Availto Com Stockholders": NaN,
        "Net Income Common Stockholders": NaN,
        "Net Income": NaN,
        "Net Income Including Noncontrolling Interests": NaN,
        "Net Income Continuous Operations": NaN,
        "Pretax Income": NaN,
        "Other Income Expense": -31000.0,
        "Other Non Operating Income Expenses": NaN,
        "Special Income Charges": 0.0,
        "Gain On Sale Of Security": -31000.0,
        "Net Non Operating Interest Income Expense": NaN,
        "Total Other Finance Cost": NaN,
        "Interest Income Non Operating": 941000.0,
        "Operating Income": NaN,
        "Operating Expense": NaN,
        "Research And Development": NaN,
        "Selling General And Administration": NaN,
        "Gross Profit": NaN,
        "Cost Of Revenue": NaN,
        "Total Revenue": NaN,
        "Operating Revenue": NaN
    },
    "2023-09-30": {
        "Tax Effect Of Unusual Items": NaN,
        "Tax Rate For Calcs": NaN,
        "Normalized EBITDA": NaN,
        "Total Unusual Items": 293000.0,
        "Total Unusual Items Excluding Goodwill": 293000.0,
        "Net Income From Continuing Operation Net Minority Interest": NaN,
        "Reconciled Depreciation": NaN,
        "Reconciled Cost Of Revenue": NaN,
        "EBITDA": NaN,
        "EBIT": NaN,
        "Net Interest Income": NaN,
        "Interest Income": NaN,
        "Normalized Income": NaN,
        "Net Income From Continuing And Discontinued Operation": NaN,
        "Total Expenses": NaN,
        "Total Operating Income As Reported": NaN,
        "Diluted Average Shares": 35243598.0,
        "Basic Average Shares": 35243598.0,
        "Diluted EPS": -0.38,
        "Basic EPS": -0.38,
        "Diluted NI Availto Com Stockholders": NaN,
        "Net Income Common Stockholders": NaN,
        "Net Income": NaN,
        "Net Income Including Noncontrolling Interests": NaN,
        "Net Income Continuous Operations": NaN,
        "Pretax Income": NaN,
        "Other Income Expense": 293000.0,
        "Other Non Operating Income Expenses": NaN,
        "Special Income Charges": 0.0,
        "Gain On Sale Of Security": 293000.0,
        "Net Non Operating Interest Income Expense": NaN,
        "Total Other Finance Cost": -915000.0,
        "Interest Income Non Operating": NaN,
        "Operating Income": NaN,
        "Operating Expense": NaN,
        "Research And Development": NaN,
        "Selling General And Administration": NaN,
        "Gross Profit": NaN,
        "Cost Of Revenue": NaN,
        "Total Revenue": NaN,
        "Operating Revenue": NaN
    },
    "2023-12-31": {
        "Tax Effect Of Unusual Items": NaN,
        "Tax Rate For Calcs": NaN,
        "Normalized EBITDA": NaN,
        "Total Unusual Items": -1445000.0,
        "Total Unusual Items Excluding Goodwill": -1445000.0,
        "Net Income From Continuing Operation Net Minority Interest": NaN,
        "Reconciled Depreciation": NaN,
        "Reconciled Cost Of Revenue": NaN,
        "EBITDA": NaN,
        "EBIT": NaN,
        "Net Interest Income": NaN,
        "Interest Income": NaN,
        "Normalized Income": NaN,
        "Net Income From Continuing And Discontinued Operation": NaN,
        "Total Expenses": NaN,
        "Total Operating Income As Reported": NaN,
        "Diluted Average Shares": NaN,
        "Basic Average Shares": NaN,
        "Diluted EPS": NaN,
        "Basic EPS": NaN,
        "Diluted NI Availto Com Stockholders": NaN,
        "Net Income Common Stockholders": NaN,
        "Net Income": NaN,
        "Net Income Including Noncontrolling Interests": NaN,
        "Net Income Continuous Operations": NaN,
        "Pretax Income": NaN,
        "Other Income Expense": -1445000.0,
        "Other Non Operating Income Expenses": NaN,
        "Special Income Charges": -1151000.0,
        "Gain On Sale Of Security": -294000.0,
        "Net Non Operating Interest Income Expense": NaN,
        "Interest Income Non Operating": NaN,
        "Operating Income": NaN,
        "Operating Expense": NaN,
        "Research And Development": NaN,
        "Selling General And Administration": NaN,
        "Gross Profit": NaN,
        "Cost Of Revenue": NaN,
        "Total Revenue": NaN,
        "Operating Revenue": NaN
    },
    "2024-03-31": {
        "Tax Effect Of Unusual Items": 0.0,
        "Tax Rate For Calcs": 0.0,
        "Normalized EBITDA": -14304000.0,
        "Total Unusual Items": -45000.0,
        "Total Unusual Items Excluding Goodwill": -45000.0,
        "Net Income From Continuing Operation Net Minority Interest": -13463000.0,
        "Reconciled Depreciation": 74000.0,
        "Reconciled Cost Of Revenue": 34000.0,
        "EBITDA": -14349000.0,
        "EBIT": -14423000.0,
        "Net Interest Income": 1016000.0,
        "Interest Income": 1016000.0,
        "Normalized Income": -13418000.0,
        "Net Income From Continuing And Discontinued Operation": -13463000.0,
        "Total Expenses": 15043000.0,
        "Total Operating Income As Reported": -14423000.0,
        "Diluted Average Shares": 35777877.0,
        "Basic Average Shares": 35777877.0,
        "Diluted EPS": -0.38,
        "Basic EPS": -0.38,
        "Diluted NI Availto Com Stockholders": -13463000.0,
        "Net Income Common Stockholders": -13463000.0,
        "Net Income": -13463000.0,
        "Net Income Including Noncontrolling Interests": -13463000.0,
        "Net Income Continuous Operations": -13463000.0,
        "Pretax Income": -13463000.0,
        "Other Income Expense": -56000.0,
        "Other Non Operating Income Expenses": -11000.0,
        "Special Income Charges": NaN,
        "Gain On Sale Of Security": -45000.0,
        "Net Non Operating Interest Income Expense": 1016000.0,
        "Interest Income Non Operating": 1016000.0,
        "Operating Income": -14423000.0,
        "Operating Expense": 15009000.0,
        "Research And Development": 9112000.0,
        "Selling General And Administration": 5897000.0,
        "Gross Profit": 586000.0,
        "Cost Of Revenue": 34000.0,
        "Total Revenue": 620000.0,
        "Operating Revenue": 620000.0
    },
    "2024-06-30": {
        "Tax Effect Of Unusual Items": 0.0,
        "Tax Rate For Calcs": 0.0,
        "Normalized EBITDA": -16762000.0,
        "Total Unusual Items": -23000.0,
        "Total Unusual Items Excluding Goodwill": -23000.0,
        "Net Income From Continuing Operation Net Minority Interest": -15980000.0,
        "Reconciled Depreciation": 74000.0,
        "Reconciled Cost Of Revenue": 44000.0,
        "EBITDA": -16785000.0,
        "EBIT": -16859000.0,
        "Net Interest Income": 902000.0,
        "Interest Income": 902000.0,
        "Normalized Income": -15957000.0,
        "Net Income From Continuing And Discontinued Operation": -15980000.0,
        "Total Expenses": 17637000.0,
        "Total Operating Income As Reported": -16859000.0,
        "Diluted Average Shares": 35800273.0,
        "Basic Average Shares": 35800273.0,
        "Diluted EPS": -0.45,
        "Basic EPS": -0.45,
        "Diluted NI Availto Com Stockholders": -15980000.0,
        "Net Income Common Stockholders": -15980000.0,
        "Net Income": -15980000.0,
        "Net Income Including Noncontrolling Interests": -15980000.0,
        "Net Income Continuous Operations": -15980000.0,
        "Pretax Income": -15980000.0,
        "Other Income Expense": -23000.0,
        "Other Non Operating Income Expenses": NaN,
        "Special Income Charges": NaN,
        "Gain On Sale Of Security": -23000.0,
        "Net Non Operating Interest Income Expense": 902000.0,
        "Interest Income Non Operating": 902000.0,
        "Operating Income": -16859000.0,
        "Operating Expense": 17593000.0,
        "Research And Development": 11126000.0,
        "Selling General And Administration": 6467000.0,
        "Gross Profit": 734000.0,
        "Cost Of Revenue": 44000.0,
        "Total Revenue": 778000.0,
        "Operating Revenue": 778000.0
    },
    "2024-09-30": {
        "Tax Effect Of Unusual Items": 0.0,
        "Tax Rate For Calcs": 0.0,
        "Normalized EBITDA": -16266000.0,
        "Total Unusual Items": NaN,
        "Total Unusual Items Excluding Goodwill": NaN,
        "Net Income From Continuing Operation Net Minority Interest": -15426000.0,
        "Reconciled Depreciation": 76000.0,
        "Reconciled Cost Of Revenue": 68000.0,
        "EBITDA": -16266000.0,
        "EBIT": -16342000.0,
        "Net Interest Income": 916000.0,
        "Interest Income": 916000.0,
        "Normalized Income": -15426000.0,
        "Net Income From Continuing And Discontinued Operation": -15426000.0,
        "Total Expenses": 17329000.0,
        "Total Operating Income As Reported": -16342000.0,
        "Diluted Average Shares": 37621495.0,
        "Basic Average Shares": 37621495.0,
        "Diluted EPS": -0.41,
        "Basic EPS": -0.41,
        "Diluted NI Availto Com Stockholders": -15426000.0,
        "Net Income Common Stockholders": -15426000.0,
        "Net Income": -15426000.0,
        "Net Income Including Noncontrolling Interests": -15426000.0,
        "Net Income Continuous Operations": -15426000.0,
        "Pretax Income": -15426000.0,
        "Other Income Expense": NaN,
        "Other Non Operating Income Expenses": NaN,
        "Special Income Charges": NaN,
        "Gain On Sale Of Security": NaN,
        "Net Non Operating Interest Income Expense": 916000.0,
        "Interest Income Non Operating": 916000.0,
        "Operating Income": -16342000.0,
        "Operating Expense": 17261000.0,
        "Research And Development": 11595000.0,
        "Selling General And Administration": 5666000.0,
        "Gross Profit": 919000.0,
        "Cost Of Revenue": 68000.0,
        "Total Revenue": 987000.0,
        "Operating Revenue": 987000.0
    },
    "2024-12-31": {
        "Tax Effect Of Unusual Items": 0.0,
        "Tax Rate For Calcs": 0.0,
        "Normalized EBITDA": -16593000.0,
        "Total Unusual Items": 0.0,
        "Total Unusual Items Excluding Goodwill": 0.0,
        "Net Income From Continuing Operation Net Minority Interest": -16155000.0,
        "Reconciled Depreciation": 84000.0,
        "Reconciled Cost Of Revenue": 58000.0,
        "EBITDA": -16593000.0,
        "EBIT": -16677000.0,
        "Net Interest Income": 522000.0,
        "Interest Income": 522000.0,
        "Normalized Income": -16155000.0,
        "Net Income From Continuing And Discontinued Operation": -16155000.0,
        "Total Expenses": 16930000.0,
        "Total Operating Income As Reported": -16677000.0,
        "Diluted Average Shares": NaN,
        "Basic Average Shares": NaN,
        "Diluted EPS": NaN,
        "Basic EPS": NaN,
        "Diluted NI Availto Com Stockholders": -16155000.0,
        "Net Income Common Stockholders": -16155000.0,
        "Net Income": -16155000.0,
        "Net Income Including Noncontrolling Interests": -16155000.0,
        "Net Income Continuous Operations": -16155000.0,
        "Pretax Income": -16155000.0,
        "Other Income Expense": 0.0,
        "Other Non Operating Income Expenses": 0.0,
        "Special Income Charges": NaN,
        "Gain On Sale Of Security": 0.0,
        "Net Non Operating Interest Income Expense": 522000.0,
        "Interest Income Non Operating": 522000.0,
        "Operating Income": -16677000.0,
        "Operating Expense": 16872000.0,
        "Research And Development": 10971000.0,
        "Selling General And Administration": 5901000.0,
        "Gross Profit": 195000.0,
        "Cost Of Revenue": 58000.0,
        "Total Revenue": 253000.0,
        "Operating Revenue": 253000.0
    },
    "2025-03-31": {
        "Tax Effect Of Unusual Items": 0.0,
        "Tax Rate For Calcs": 0.0,
        "Normalized EBITDA": -18838000.0,
        "Total Unusual Items": NaN,
        "Total Unusual Items Excluding Goodwill": NaN,
        "Net Income From Continuing Operation Net Minority Interest": -18755000.0,
        "Reconciled Depreciation": 83000.0,
        "Reconciled Cost Of Revenue": 44000.0,
        "EBITDA": -18838000.0,
        "EBIT": -18921000.0,
        "Net Interest Income": 166000.0,
        "Interest Income": 166000.0,
        "Normalized Income": -18755000.0,
        "Net Income From Continuing And Discontinued Operation": -18755000.0,
        "Total Expenses": 19789000.0,
        "Total Operating Income As Reported": -18921000.0,
        "Diluted Average Shares": 38235409.0,
        "Basic Average Shares": 38235409.0,
        "Diluted EPS": -0.49,
        "Basic EPS": -0.49,
        "Diluted NI Availto Com Stockholders": -18755000.0,
        "Net Income Common Stockholders": -18755000.0,
        "Net Income": -18755000.0,
        "Net Income Including Noncontrolling Interests": -18755000.0,
        "Net Income Continuous Operations": -18755000.0,
        "Pretax Income": -18755000.0,
        "Other Income Expense": NaN,
        "Other Non Operating Income Expenses": NaN,
        "Special Income Charges": NaN,
        "Gain On Sale Of Security": NaN,
        "Net Non Operating Interest Income Expense": 166000.0,
        "Interest Income Non Operating": 166000.0,
        "Operating Income": -18921000.0,
        "Operating Expense": 19745000.0,
        "Research And Development": 13482000.0,
        "Selling General And Administration": 6263000.0,
        "Gross Profit": 824000.0,
        "Cost Of Revenue": 44000.0,
        "Total Revenue": 868000.0,
        "Operating Revenue": 868000.0
    }
}