{
    "2023-06-30": {
        "Tax Effect Of Unusual Items": NaN,
        "Tax Rate For Calcs": NaN,
        "Normalized EBITDA": NaN,
        "Total Unusual Items": NaN,
        "Total Unusual Items Excluding Goodwill": NaN,
        "Net Income From Continuing Operation Net Minority Interest": NaN,
        "Reconciled Depreciation": NaN,
        "Reconciled Cost Of Revenue": NaN,
        "EBITDA": NaN,
        "EBIT": NaN,
        "Net Interest Income": NaN,
        "Interest Expense": NaN,
        "Normalized Income": NaN,
        "Net Income From Continuing And Discontinued Operation": NaN,
        "Total Expenses": NaN,
        "Total Operating Income As Reported": NaN,
        "Diluted Average Shares": NaN,
        "Basic Average Shares": NaN,
        "Diluted EPS": NaN,
        "Basic EPS": NaN,
        "Diluted NI Availto Com Stockholders": NaN,
        "Net Income Common Stockholders": NaN,
        "Net Income": NaN,
        "Minority Interests": NaN,
        "Net Income Including Noncontrolling Interests": NaN,
        "Net Income Continuous Operations": NaN,
        "Earnings From Equity Interest Net Of Tax": 1000000.0,
        "Tax Provision": NaN,
        "Pretax Income": NaN,
        "Other Income Expense": NaN,
        "Other Non Operating Income Expenses": NaN,
        "Special Income Charges": NaN,
        "Gain On Sale Of Ppe": NaN,
        "Earnings From Equity Interest": NaN,
        "Net Non Operating Interest Income Expense": NaN,
        "Interest Expense Non Operating": NaN,
        "Operating Income": NaN,
        "Operating Expense": NaN,
        "Other Operating Expenses": NaN,
        "Research And Development": NaN,
        "Selling General And Administration": NaN,
        "Gross Profit": NaN,
        "Cost Of Revenue": NaN,
        "Total Revenue": NaN,
        "Operating Revenue": NaN
    },
    "2023-03-31": {
        "Tax Effect Of Unusual Items": NaN,
        "Tax Rate For Calcs": NaN,
        "Normalized EBITDA": NaN,
        "Total Unusual Items": NaN,
        "Total Unusual Items Excluding Goodwill": NaN,
        "Net Income From Continuing Operation Net Minority Interest": NaN,
        "Reconciled Depreciation": NaN,
        "Reconciled Cost Of Revenue": NaN,
        "EBITDA": NaN,
        "EBIT": NaN,
        "Net Interest Income": NaN,
        "Interest Expense": NaN,
        "Normalized Income": NaN,
        "Net Income From Continuing And Discontinued Operation": NaN,
        "Total Expenses": NaN,
        "Total Operating Income As Reported": NaN,
        "Diluted Average Shares": NaN,
        "Basic Average Shares": NaN,
        "Diluted EPS": NaN,
        "Basic EPS": NaN,
        "Diluted NI Availto Com Stockholders": NaN,
        "Net Income Common Stockholders": NaN,
        "Net Income": NaN,
        "Minority Interests": NaN,
        "Net Income Including Noncontrolling Interests": NaN,
        "Net Income Continuous Operations": NaN,
        "Earnings From Equity Interest Net Of Tax": NaN,
        "Tax Provision": NaN,
        "Pretax Income": NaN,
        "Other Income Expense": 189000000.0,
        "Other Non Operating Income Expenses": NaN,
        "Special Income Charges": NaN,
        "Gain On Sale Of Ppe": NaN,
        "Earnings From Equity Interest": NaN,
        "Net Non Operating Interest Income Expense": NaN,
        "Interest Expense Non Operating": NaN,
        "Operating Income": NaN,
        "Operating Expense": NaN,
        "Other Operating Expenses": NaN,
        "Research And Development": NaN,
        "Selling General And Administration": NaN,
        "Gross Profit": NaN,
        "Cost Of Revenue": NaN,
        "Total Revenue": NaN,
        "Operating Revenue": NaN
    },
    "2022-12-31": {
        "Tax Effect Of Unusual Items": NaN,
        "Tax Rate For Calcs": NaN,
        "Normalized EBITDA": NaN,
        "Total Unusual Items": NaN,
        "Total Unusual Items Excluding Goodwill": NaN,
        "Net Income From Continuing Operation Net Minority Interest": NaN,
        "Reconciled Depreciation": NaN,
        "Reconciled Cost Of Revenue": NaN,
        "EBITDA": NaN,
        "EBIT": NaN,
        "Net Interest Income": NaN,
        "Interest Expense": NaN,
        "Normalized Income": NaN,
        "Net Income From Continuing And Discontinued Operation": NaN,
        "Total Expenses": NaN,
        "Total Operating Income As Reported": NaN,
        "Diluted Average Shares": NaN,
        "Basic Average Shares": NaN,
        "Diluted EPS": NaN,
        "Basic EPS": NaN,
        "Diluted NI Availto Com Stockholders": NaN,
        "Net Income Common Stockholders": NaN,
        "Net Income": NaN,
        "Minority Interests": NaN,
        "Net Income Including Noncontrolling Interests": NaN,
        "Net Income Continuous Operations": NaN,
        "Earnings From Equity Interest Net Of Tax": 0.0,
        "Tax Provision": NaN,
        "Pretax Income": NaN,
        "Other Income Expense": 3000000.0,
        "Other Non Operating Income Expenses": 3000000.0,
        "Special Income Charges": NaN,
        "Gain On Sale Of Ppe": NaN,
        "Earnings From Equity Interest": 0.0,
        "Net Non Operating Interest Income Expense": NaN,
        "Interest Expense Non Operating": NaN,
        "Operating Income": NaN,
        "Operating Expense": NaN,
        "Other Operating Expenses": NaN,
        "Research And Development": NaN,
        "Selling General And Administration": NaN,
        "Gross Profit": NaN,
        "Cost Of Revenue": NaN,
        "Total Revenue": NaN,
        "Operating Revenue": NaN
    },
    "2022-09-30": {
        "Tax Effect Of Unusual Items": NaN,
        "Tax Rate For Calcs": NaN,
        "Normalized EBITDA": NaN,
        "Total Unusual Items": NaN,
        "Total Unusual Items Excluding Goodwill": NaN,
        "Net Income From Continuing Operation Net Minority Interest": NaN,
        "Reconciled Depreciation": NaN,
        "Reconciled Cost Of Revenue": NaN,
        "EBITDA": NaN,
        "EBIT": NaN,
        "Net Interest Income": NaN,
        "Interest Expense": NaN,
        "Normalized Income": NaN,
        "Net Income From Continuing And Discontinued Operation": NaN,
        "Total Expenses": NaN,
        "Total Operating Income As Reported": NaN,
        "Diluted Average Shares": NaN,
        "Basic Average Shares": NaN,
        "Diluted EPS": NaN,
        "Basic EPS": NaN,
        "Diluted NI Availto Com Stockholders": NaN,
        "Net Income Common Stockholders": NaN,
        "Net Income": NaN,
        "Minority Interests": NaN,
        "Net Income Including Noncontrolling Interests": NaN,
        "Net Income Continuous Operations": NaN,
        "Earnings From Equity Interest Net Of Tax": 1000000.0,
        "Tax Provision": NaN,
        "Pretax Income": NaN,
        "Other Income Expense": 132000000.0,
        "Other Non Operating Income Expenses": 2000000.0,
        "Special Income Charges": NaN,
        "Gain On Sale Of Ppe": NaN,
        "Earnings From Equity Interest": 130000000.0,
        "Net Non Operating Interest Income Expense": NaN,
        "Interest Expense Non Operating": NaN,
        "Operating Income": NaN,
        "Operating Expense": NaN,
        "Other Operating Expenses": NaN,
        "Research And Development": NaN,
        "Selling General And Administration": NaN,
        "Gross Profit": NaN,
        "Cost Of Revenue": NaN,
        "Total Revenue": NaN,
        "Operating Revenue": NaN
    },
    "2022-06-30": {
        "Tax Effect Of Unusual Items": 0.0,
        "Tax Rate For Calcs": 0.26,
        "Normalized EBITDA": 627000000.0,
        "Total Unusual Items": NaN,
        "Total Unusual Items Excluding Goodwill": NaN,
        "Net Income From Continuing Operation Net Minority Interest": 343000000.0,
        "Reconciled Depreciation": 138000000.0,
        "Reconciled Cost Of Revenue": 1867000000.0,
        "EBITDA": 627000000.0,
        "EBIT": 489000000.0,
        "Net Interest Income": -26000000.0,
        "Interest Expense": 26000000.0,
        "Normalized Income": 343000000.0,
        "Net Income From Continuing And Discontinued Operation": 343000000.0,
        "Total Expenses": 2114000000.0,
        "Total Operating Income As Reported": 487000000.0,
        "Diluted Average Shares": 98400000.0,
        "Basic Average Shares": 97600000.0,
        "Diluted EPS": 3.49,
        "Basic EPS": 3.51,
        "Diluted NI Availto Com Stockholders": 343000000.0,
        "Net Income Common Stockholders": 343000000.0,
        "Net Income": 343000000.0,
        "Minority Interests": 0.0,
        "Net Income Including Noncontrolling Interests": 343000000.0,
        "Net Income Continuous Operations": 343000000.0,
        "Earnings From Equity Interest Net Of Tax": -1000000.0,
        "Tax Provision": 119000000.0,
        "Pretax Income": 463000000.0,
        "Other Income Expense": 2000000.0,
        "Other Non Operating Income Expenses": 2000000.0,
        "Special Income Charges": NaN,
        "Gain On Sale Of Ppe": NaN,
        "Earnings From Equity Interest": NaN,
        "Net Non Operating Interest Income Expense": -26000000.0,
        "Interest Expense Non Operating": 26000000.0,
        "Operating Income": 487000000.0,
        "Operating Expense": 247000000.0,
        "Other Operating Expenses": 22000000.0,
        "Research And Development": 24000000.0,
        "Selling General And Administration": 201000000.0,
        "Gross Profit": 734000000.0,
        "Cost Of Revenue": 1867000000.0,
        "Total Revenue": 2601000000.0,
        "Operating Revenue": 2601000000.0
    },
    "2023-09-30": {
        "Tax Effect Of Unusual Items": NaN,
        "Tax Rate For Calcs": NaN,
        "Normalized EBITDA": NaN,
        "Total Unusual Items": NaN,
        "Total Unusual Items Excluding Goodwill": NaN,
        "Net Income From Continuing Operation Net Minority Interest": NaN,
        "Reconciled Depreciation": NaN,
        "Reconciled Cost Of Revenue": NaN,
        "EBITDA": NaN,
        "EBIT": NaN,
        "Net Interest Income": NaN,
        "Interest Expense": NaN,
        "Normalized Income": NaN,
        "Net Income From Continuing And Discontinued Operation": NaN,
        "Total Expenses": NaN,
        "Total Operating Income As Reported": NaN,
        "Diluted Average Shares": NaN,
        "Basic Average Shares": NaN,
        "Diluted EPS": NaN,
        "Basic EPS": NaN,
        "Diluted NI Availto Com Stockholders": NaN,
        "Net Income Common Stockholders": NaN,
        "Net Income": NaN,
        "Minority Interests": NaN,
        "Net Income Including Noncontrolling Interests": NaN,
        "Net Income Discontinuous Operations": NaN,
        "Net Income Continuous Operations": NaN,
        "Earnings From Equity Interest Net Of Tax": 1000000.0,
        "Tax Provision": NaN,
        "Pretax Income": NaN,
        "Other Income Expense": 1000000.0,
        "Other Non Operating Income Expenses": 1000000.0,
        "Special Income Charges": NaN,
        "Gain On Sale Of Ppe": NaN,
        "Earnings From Equity Interest": 0.0,
        "Net Non Operating Interest Income Expense": NaN,
        "Interest Expense Non Operating": NaN,
        "Operating Income": NaN,
        "Operating Expense": NaN,
        "Other Operating Expenses": NaN,
        "Research And Development": NaN,
        "Selling General And Administration": NaN,
        "Gross Profit": NaN,
        "Cost Of Revenue": NaN,
        "Total Revenue": NaN,
        "Operating Revenue": NaN
    },
    "2023-12-31": {
        "Tax Effect Of Unusual Items": NaN,
        "Tax Rate For Calcs": NaN,
        "Normalized EBITDA": NaN,
        "Total Unusual Items": NaN,
        "Total Unusual Items Excluding Goodwill": NaN,
        "Net Income From Continuing Operation Net Minority Interest": NaN,
        "Reconciled Depreciation": NaN,
        "Reconciled Cost Of Revenue": NaN,
        "EBITDA": NaN,
        "EBIT": NaN,
        "Net Interest Income": NaN,
        "Interest Expense": NaN,
        "Normalized Income": NaN,
        "Net Income From Continuing And Discontinued Operation": NaN,
        "Total Expenses": NaN,
        "Total Operating Income As Reported": NaN,
        "Diluted Average Shares": NaN,
        "Basic Average Shares": NaN,
        "Diluted EPS": NaN,
        "Basic EPS": NaN,
        "Diluted NI Availto Com Stockholders": NaN,
        "Net Income Common Stockholders": NaN,
        "Net Income": NaN,
        "Minority Interests": NaN,
        "Net Income Including Noncontrolling Interests": NaN,
        "Net Income Discontinuous Operations": NaN,
        "Net Income Continuous Operations": NaN,
        "Earnings From Equity Interest Net Of Tax": 1000000.0,
        "Tax Provision": NaN,
        "Pretax Income": NaN,
        "Other Income Expense": -146000000.0,
        "Other Non Operating Income Expenses": -146000000.0,
        "Special Income Charges": NaN,
        "Gain On Sale Of Ppe": 0.0,
        "Gain On Sale Of Business": NaN,
        "Earnings From Equity Interest": 0.0,
        "Net Non Operating Interest Income Expense": NaN,
        "Interest Expense Non Operating": NaN,
        "Operating Income": NaN,
        "Operating Expense": NaN,
        "Other Operating Expenses": NaN,
        "Research And Development": 38000000.0,
        "Selling General And Administration": NaN,
        "Gross Profit": NaN,
        "Cost Of Revenue": NaN,
        "Total Revenue": NaN,
        "Operating Revenue": NaN
    },
    "2024-03-31": {
        "Tax Effect Of Unusual Items": NaN,
        "Tax Rate For Calcs": NaN,
        "Normalized EBITDA": NaN,
        "Total Unusual Items": NaN,
        "Total Unusual Items Excluding Goodwill": NaN,
        "Net Income From Continuing Operation Net Minority Interest": NaN,
        "Reconciled Depreciation": NaN,
        "Reconciled Cost Of Revenue": NaN,
        "EBITDA": NaN,
        "EBIT": NaN,
        "Net Interest Income": NaN,
        "Interest Expense": NaN,
        "Normalized Income": NaN,
        "Net Income From Continuing And Discontinued Operation": NaN,
        "Total Expenses": NaN,
        "Total Operating Income As Reported": NaN,
        "Diluted Average Shares": NaN,
        "Basic Average Shares": NaN,
        "Diluted EPS": NaN,
        "Basic EPS": NaN,
        "Diluted NI Availto Com Stockholders": NaN,
        "Net Income Common Stockholders": NaN,
        "Net Income": NaN,
        "Minority Interests": NaN,
        "Net Income Including Noncontrolling Interests": NaN,
        "Net Income Discontinuous Operations": 21000000.0,
        "Net Income Continuous Operations": NaN,
        "Earnings From Equity Interest Net Of Tax": NaN,
        "Tax Provision": NaN,
        "Pretax Income": NaN,
        "Other Income Expense": NaN,
        "Other Non Operating Income Expenses": NaN,
        "Special Income Charges": NaN,
        "Gain On Sale Of Ppe": 0.0,
        "Gain On Sale Of Business": NaN,
        "Impairment Of Capital Assets": NaN,
        "Net Non Operating Interest Income Expense": NaN,
        "Interest Expense Non Operating": NaN,
        "Operating Income": NaN,
        "Operating Expense": NaN,
        "Other Operating Expenses": NaN,
        "Research And Development": 31000000.0,
        "Selling General And Administration": NaN,
        "Gross Profit": NaN,
        "Cost Of Revenue": NaN,
        "Total Revenue": NaN,
        "Operating Revenue": NaN
    },
    "2024-06-30": {
        "Tax Effect Of Unusual Items": NaN,
        "Tax Rate For Calcs": NaN,
        "Normalized EBITDA": NaN,
        "Total Unusual Items": 0.0,
        "Total Unusual Items Excluding Goodwill": 0.0,
        "Net Income From Continuing Operation Net Minority Interest": NaN,
        "Reconciled Depreciation": NaN,
        "Reconciled Cost Of Revenue": NaN,
        "EBITDA": NaN,
        "EBIT": NaN,
        "Net Interest Income": NaN,
        "Interest Expense": NaN,
        "Normalized Income": NaN,
        "Net Income From Continuing And Discontinued Operation": NaN,
        "Total Expenses": NaN,
        "Total Operating Income As Reported": NaN,
        "Diluted Average Shares": NaN,
        "Basic Average Shares": NaN,
        "Diluted EPS": NaN,
        "Basic EPS": NaN,
        "Diluted NI Availto Com Stockholders": NaN,
        "Net Income Common Stockholders": NaN,
        "Net Income": NaN,
        "Minority Interests": NaN,
        "Net Income Including Noncontrolling Interests": NaN,
        "Net Income Discontinuous Operations": 29000000.0,
        "Net Income Continuous Operations": NaN,
        "Earnings From Equity Interest Net Of Tax": 2000000.0,
        "Tax Provision": NaN,
        "Pretax Income": NaN,
        "Other Income Expense": 1000000.0,
        "Other Non Operating Income Expenses": 1000000.0,
        "Special Income Charges": 0.0,
        "Gain On Sale Of Ppe": 0.0,
        "Gain On Sale Of Business": 0.0,
        "Impairment Of Capital Assets": NaN,
        "Net Non Operating Interest Income Expense": NaN,
        "Interest Expense Non Operating": NaN,
        "Operating Income": NaN,
        "Operating Expense": NaN,
        "Other Operating Expenses": NaN,
        "Research And Development": 34000000.0,
        "Selling General And Administration": NaN,
        "Gross Profit": NaN,
        "Cost Of Revenue": NaN,
        "Total Revenue": NaN,
        "Operating Revenue": NaN
    },
    "2024-09-30": {
        "Tax Effect Of Unusual Items": 0.0,
        "Tax Rate For Calcs": 0.29,
        "Normalized EBITDA": 657000000.0,
        "Total Unusual Items": 0.0,
        "Total Unusual Items Excluding Goodwill": 0.0,
        "Net Income From Continuing Operation Net Minority Interest": 287000000.0,
        "Reconciled Depreciation": 185000000.0,
        "Reconciled Cost Of Revenue": 1912000000.0,
        "EBITDA": 657000000.0,
        "EBIT": 472000000.0,
        "Net Interest Income": -69000000.0,
        "Interest Expense": 69000000.0,
        "Normalized Income": 287000000.0,
        "Net Income From Continuing And Discontinued Operation": 321000000.0,
        "Total Expenses": 2291000000.0,
        "Total Operating Income As Reported": 472000000.0,
        "Diluted Average Shares": 87900000.0,
        "Basic Average Shares": 87000000.0,
        "Diluted EPS": 3.65,
        "Basic EPS": 3.69,
        "Diluted NI Availto Com Stockholders": 321000000.0,
        "Net Income Common Stockholders": 321000000.0,
        "Net Income": 321000000.0,
        "Minority Interests": 0.0,
        "Net Income Including Noncontrolling Interests": 321000000.0,
        "Net Income Discontinuous Operations": NaN,
        "Net Income Continuous Operations": 287000000.0,
        "Earnings From Equity Interest Net Of Tax": 2000000.0,
        "Tax Provision": 118000000.0,
        "Pretax Income": 403000000.0,
        "Other Income Expense": NaN,
        "Other Non Operating Income Expenses": NaN,
        "Special Income Charges": 0.0,
        "Gain On Sale Of Ppe": 0.0,
        "Gain On Sale Of Business": NaN,
        "Impairment Of Capital Assets": NaN,
        "Net Non Operating Interest Income Expense": -69000000.0,
        "Interest Expense Non Operating": 69000000.0,
        "Operating Income": 472000000.0,
        "Operating Expense": 379000000.0,
        "Other Operating Expenses": 121000000.0,
        "Research And Development": 36000000.0,
        "Selling General And Administration": 258000000.0,
        "Gross Profit": 851000000.0,
        "Cost Of Revenue": 1912000000.0,
        "Total Revenue": 2763000000.0,
        "Operating Revenue": 2763000000.0
    },
    "2024-12-31": {
        "Tax Effect Of Unusual Items": -81458745.874587,
        "Tax Rate For Calcs": 0.141914,
        "Normalized EBITDA": 526000000.0,
        "Total Unusual Items": -574000000.0,
        "Total Unusual Items Excluding Goodwill": -574000000.0,
        "Net Income From Continuing Operation Net Minority Interest": -258000000.0,
        "Reconciled Depreciation": 194000000.0,
        "Reconciled Cost Of Revenue": 2041000000.0,
        "EBITDA": -48000000.0,
        "EBIT": -242000000.0,
        "Net Interest Income": -61000000.0,
        "Interest Expense": 61000000.0,
        "Normalized Income": 234541254.125413,
        "Net Income From Continuing And Discontinued Operation": -258000000.0,
        "Total Expenses": 2508000000.0,
        "Total Operating Income As Reported": -242000000.0,
        "Diluted Average Shares": 87000000.0,
        "Basic Average Shares": 86000000.0,
        "Diluted EPS": -3.0,
        "Basic EPS": -3.0,
        "Diluted NI Availto Com Stockholders": -258000000.0,
        "Net Income Common Stockholders": -258000000.0,
        "Net Income": -258000000.0,
        "Minority Interests": 0.0,
        "Net Income Including Noncontrolling Interests": -258000000.0,
        "Net Income Discontinuous Operations": NaN,
        "Net Income Continuous Operations": -258000000.0,
        "Earnings From Equity Interest Net Of Tax": 2000000.0,
        "Tax Provision": -43000000.0,
        "Pretax Income": -303000000.0,
        "Other Income Expense": -574000000.0,
        "Other Non Operating Income Expenses": 0.0,
        "Special Income Charges": -574000000.0,
        "Gain On Sale Of Ppe": 0.0,
        "Gain On Sale Of Business": NaN,
        "Impairment Of Capital Assets": NaN,
        "Net Non Operating Interest Income Expense": -61000000.0,
        "Interest Expense Non Operating": 61000000.0,
        "Operating Income": 332000000.0,
        "Operating Expense": 467000000.0,
        "Other Operating Expenses": 163000000.0,
        "Research And Development": 43000000.0,
        "Selling General And Administration": 304000000.0,
        "Gross Profit": 799000000.0,
        "Cost Of Revenue": 2041000000.0,
        "Total Revenue": 2840000000.0,
        "Operating Revenue": 2840000000.0
    },
    "2025-03-31": {
        "Tax Effect Of Unusual Items": 0.0,
        "Tax Rate For Calcs": 0.26,
        "Normalized EBITDA": 566000000.0,
        "Total Unusual Items": NaN,
        "Total Unusual Items Excluding Goodwill": NaN,
        "Net Income From Continuing Operation Net Minority Interest": 255000000.0,
        "Reconciled Depreciation": 159000000.0,
        "Reconciled Cost Of Revenue": 1805000000.0,
        "EBITDA": 566000000.0,
        "EBIT": 407000000.0,
        "Net Interest Income": -64000000.0,
        "Interest Expense": 64000000.0,
        "Normalized Income": 255000000.0,
        "Net Income From Continuing And Discontinued Operation": -93000000.0,
        "Total Expenses": 2123000000.0,
        "Total Operating Income As Reported": 407000000.0,
        "Diluted Average Shares": 86300000.0,
        "Basic Average Shares": 85800000.0,
        "Diluted EPS": -1.08,
        "Basic EPS": -1.08,
        "Diluted NI Availto Com Stockholders": -93000000.0,
        "Net Income Common Stockholders": -93000000.0,
        "Net Income": -93000000.0,
        "Minority Interests": 0.0,
        "Net Income Including Noncontrolling Interests": -93000000.0,
        "Net Income Discontinuous Operations": -348000000.0,
        "Net Income Continuous Operations": 255000000.0,
        "Earnings From Equity Interest Net Of Tax": NaN,
        "Tax Provision": 88000000.0,
        "Pretax Income": 343000000.0,
        "Other Income Expense": NaN,
        "Other Non Operating Income Expenses": NaN,
        "Special Income Charges": NaN,
        "Gain On Sale Of Ppe": NaN,
        "Gain On Sale Of Business": NaN,
        "Impairment Of Capital Assets": NaN,
        "Net Non Operating Interest Income Expense": -64000000.0,
        "Interest Expense Non Operating": 64000000.0,
        "Operating Income": 407000000.0,
        "Operating Expense": 318000000.0,
        "Other Operating Expenses": 57000000.0,
        "Research And Development": NaN,
        "Selling General And Administration": 261000000.0,
        "Gross Profit": 725000000.0,
        "Cost Of Revenue": 1805000000.0,
        "Total Revenue": 2530000000.0,
        "Operating Revenue": 2530000000.0
    },
    "2025-06-30": {
        "Tax Effect Of Unusual Items": -6000000.0,
        "Tax Rate For Calcs": 0.25,
        "Normalized EBITDA": 701000000.0,
        "Total Unusual Items": -24000000.0,
        "Total Unusual Items Excluding Goodwill": -24000000.0,
        "Net Income From Continuing Operation Net Minority Interest": 334000000.0,
        "Reconciled Depreciation": 172000000.0,
        "Reconciled Cost Of Revenue": 1889000000.0,
        "EBITDA": 677000000.0,
        "EBIT": 505000000.0,
        "Net Interest Income": -63000000.0,
        "Interest Expense": 63000000.0,
        "Normalized Income": 352000000.0,
        "Net Income From Continuing And Discontinued Operation": 363000000.0,
        "Total Expenses": 2218000000.0,
        "Total Operating Income As Reported": 505000000.0,
        "Diluted Average Shares": 85500000.0,
        "Basic Average Shares": 85000000.0,
        "Diluted EPS": 4.25,
        "Basic EPS": 4.27,
        "Diluted NI Availto Com Stockholders": 363000000.0,
        "Net Income Common Stockholders": 363000000.0,
        "Net Income": 363000000.0,
        "Minority Interests": 1000000.0,
        "Net Income Including Noncontrolling Interests": 362000000.0,
        "Net Income Discontinuous Operations": 29000000.0,
        "Net Income Continuous Operations": 333000000.0,
        "Earnings From Equity Interest Net Of Tax": 1000000.0,
        "Tax Provision": 110000000.0,
        "Pretax Income": 442000000.0,
        "Other Income Expense": -24000000.0,
        "Other Non Operating Income Expenses": NaN,
        "Special Income Charges": -24000000.0,
        "Gain On Sale Of Ppe": NaN,
        "Gain On Sale Of Business": -24000000.0,
        "Impairment Of Capital Assets": NaN,
        "Net Non Operating Interest Income Expense": -63000000.0,
        "Interest Expense Non Operating": 63000000.0,
        "Operating Income": 529000000.0,
        "Operating Expense": 329000000.0,
        "Other Operating Expenses": 66000000.0,
        "Research And Development": NaN,
        "Selling General And Administration": 263000000.0,
        "Gross Profit": 858000000.0,
        "Cost Of Revenue": 1889000000.0,
        "Total Revenue": 2747000000.0,
        "Operating Revenue": 2747000000.0
    },
    "2025-09-30": {
        "Tax Effect Of Unusual Items": -164220000.0,
        "Tax Rate For Calcs": 0.21,
        "Normalized EBITDA": 636000000.0,
        "Total Unusual Items": -782000000.0,
        "Total Unusual Items Excluding Goodwill": -782000000.0,
        "Net Income From Continuing Operation Net Minority Interest": -495000000.0,
        "Reconciled Depreciation": 182000000.0,
        "Reconciled Cost Of Revenue": 1927000000.0,
        "EBITDA": -146000000.0,
        "EBIT": -328000000.0,
        "Net Interest Income": -65000000.0,
        "Interest Expense": 65000000.0,
        "Normalized Income": 122780000.0,
        "Net Income From Continuing And Discontinued Operation": -494000000.0,
        "Total Expenses": 2229000000.0,
        "Total Operating Income As Reported": -327000000.0,
        "Diluted Average Shares": 83400000.0,
        "Basic Average Shares": 83400000.0,
        "Diluted EPS": -5.92,
        "Basic EPS": -5.92,
        "Diluted NI Availto Com Stockholders": -494000000.0,
        "Net Income Common Stockholders": -494000000.0,
        "Net Income": -494000000.0,
        "Minority Interests": 0.0,
        "Net Income Including Noncontrolling Interests": -494000000.0,
        "Net Income Discontinuous Operations": 1000000.0,
        "Net Income Continuous Operations": -495000000.0,
        "Earnings From Equity Interest Net Of Tax": 0.0,
        "Tax Provision": 102000000.0,
        "Pretax Income": -393000000.0,
        "Other Income Expense": -783000000.0,
        "Other Non Operating Income Expenses": -1000000.0,
        "Special Income Charges": -782000000.0,
        "Gain On Sale Of Ppe": NaN,
        "Gain On Sale Of Business": -2000000.0,
        "Impairment Of Capital Assets": 780000000.0,
        "Net Non Operating Interest Income Expense": -65000000.0,
        "Interest Expense Non Operating": 65000000.0,
        "Operating Income": 455000000.0,
        "Operating Expense": 302000000.0,
        "Other Operating Expenses": 62000000.0,
        "Research And Development": NaN,
        "Selling General And Administration": 240000000.0,
        "Gross Profit": 757000000.0,
        "Cost Of Revenue": 1927000000.0,
        "Total Revenue": 2684000000.0,
        "Operating Revenue": 2684000000.0
    }
}