{
    "2023-03-31": {
        "Tax Effect Of Unusual Items": NaN,
        "Tax Rate For Calcs": NaN,
        "Normalized EBITDA": NaN,
        "Net Income From Continuing Operation Net Minority Interest": NaN,
        "Reconciled Depreciation": NaN,
        "EBITDA": NaN,
        "EBIT": NaN,
        "Normalized Income": NaN,
        "Net Income From Continuing And Discontinued Operation": NaN,
        "Total Expenses": NaN,
        "Total Operating Income As Reported": NaN,
        "Diluted Average Shares": 225523627.0,
        "Basic Average Shares": 225523627.0,
        "Diluted EPS": -0.07,
        "Basic EPS": -0.07,
        "Diluted NI Availto Com Stockholders": NaN,
        "Net Income Common Stockholders": NaN,
        "Otherunder Preferred Stock Dividend": NaN,
        "Net Income": NaN,
        "Net Income Including Noncontrolling Interests": NaN,
        "Net Income Continuous Operations": NaN,
        "Pretax Income": NaN,
        "Other Income Expense": NaN,
        "Other Non Operating Income Expenses": NaN,
        "Operating Income": NaN,
        "Operating Expense": NaN,
        "Research And Development": NaN,
        "Selling General And Administration": NaN,
        "General And Administrative Expense": NaN,
        "Other Gand A": NaN,
        "Salaries And Wages": NaN,
        "Total Revenue": NaN,
        "Operating Revenue": NaN
    },
    "2022-12-31": {
        "Tax Effect Of Unusual Items": NaN,
        "Tax Rate For Calcs": NaN,
        "Normalized EBITDA": NaN,
        "Net Income From Continuing Operation Net Minority Interest": NaN,
        "Reconciled Depreciation": NaN,
        "EBITDA": NaN,
        "EBIT": NaN,
        "Normalized Income": NaN,
        "Net Income From Continuing And Discontinued Operation": NaN,
        "Total Expenses": NaN,
        "Total Operating Income As Reported": NaN,
        "Diluted Average Shares": NaN,
        "Basic Average Shares": NaN,
        "Diluted EPS": NaN,
        "Basic EPS": NaN,
        "Diluted NI Availto Com Stockholders": NaN,
        "Net Income Common Stockholders": NaN,
        "Otherunder Preferred Stock Dividend": NaN,
        "Net Income": NaN,
        "Net Income Including Noncontrolling Interests": NaN,
        "Net Income Continuous Operations": NaN,
        "Tax Provision": 0.0,
        "Pretax Income": NaN,
        "Other Income Expense": NaN,
        "Other Non Operating Income Expenses": NaN,
        "Operating Income": NaN,
        "Operating Expense": NaN,
        "Research And Development": NaN,
        "Selling General And Administration": NaN,
        "General And Administrative Expense": NaN,
        "Other Gand A": NaN,
        "Salaries And Wages": NaN,
        "Total Revenue": NaN,
        "Operating Revenue": NaN
    },
    "2022-09-30": {
        "Tax Effect Of Unusual Items": NaN,
        "Tax Rate For Calcs": NaN,
        "Normalized EBITDA": NaN,
        "Net Income From Continuing Operation Net Minority Interest": NaN,
        "Reconciled Depreciation": NaN,
        "EBITDA": NaN,
        "EBIT": NaN,
        "Normalized Income": NaN,
        "Net Income From Continuing And Discontinued Operation": NaN,
        "Total Expenses": NaN,
        "Total Operating Income As Reported": NaN,
        "Diluted Average Shares": NaN,
        "Basic Average Shares": NaN,
        "Diluted EPS": NaN,
        "Basic EPS": NaN,
        "Diluted NI Availto Com Stockholders": NaN,
        "Net Income Common Stockholders": NaN,
        "Net Income": NaN,
        "Net Income Including Noncontrolling Interests": NaN,
        "Net Income Continuous Operations": NaN,
        "Tax Provision": 0.0,
        "Pretax Income": NaN,
        "Other Income Expense": NaN,
        "Other Non Operating Income Expenses": NaN,
        "Operating Income": NaN,
        "Operating Expense": NaN,
        "Research And Development": NaN,
        "Selling General And Administration": NaN,
        "General And Administrative Expense": NaN,
        "Other Gand A": NaN,
        "Salaries And Wages": NaN,
        "Total Revenue": NaN,
        "Operating Revenue": NaN
    },
    "2022-06-30": {
        "Tax Effect Of Unusual Items": 0.0,
        "Tax Rate For Calcs": 0.0,
        "Normalized EBITDA": -19475000.0,
        "Net Income From Continuing Operation Net Minority Interest": -19471000.0,
        "Reconciled Depreciation": 90000.0,
        "EBITDA": -19475000.0,
        "EBIT": -19565000.0,
        "Normalized Income": -19471000.0,
        "Net Income From Continuing And Discontinued Operation": -19471000.0,
        "Total Expenses": 19565000.0,
        "Total Operating Income As Reported": -19565000.0,
        "Diluted Average Shares": 215862977.0,
        "Basic Average Shares": 215862977.0,
        "Diluted EPS": -0.09,
        "Basic EPS": -0.09,
        "Diluted NI Availto Com Stockholders": -19471000.0,
        "Net Income Common Stockholders": -19471000.0,
        "Net Income": -19471000.0,
        "Net Income Including Noncontrolling Interests": -19471000.0,
        "Net Income Continuous Operations": -19471000.0,
        "Tax Provision": NaN,
        "Pretax Income": -19471000.0,
        "Other Income Expense": 94000.0,
        "Other Non Operating Income Expenses": 94000.0,
        "Operating Income": -19565000.0,
        "Operating Expense": 19565000.0,
        "Research And Development": 9007000.0,
        "Selling General And Administration": 10558000.0,
        "General And Administrative Expense": 10558000.0,
        "Other Gand A": 10558000.0,
        "Salaries And Wages": NaN,
        "Total Revenue": 0.0,
        "Operating Revenue": 0.0
    },
    "2022-03-31": {
        "Diluted EPS": -0.09,
        "Total Revenue": NaN,
        "Gross Profit": NaN,
        "Operating Income": -18,
        "EBIT": -18,
        "Net Income": -18
    },
    "2021-12-31": {
        "Diluted EPS": -0.08,
        "Total Revenue": NaN,
        "Gross Profit": NaN,
        "Operating Income": -15,
        "EBIT": -14,
        "Net Income": -15
    },
    "2021-09-30": {
        "Diluted EPS": -0.05,
        "Total Revenue": NaN,
        "Gross Profit": NaN,
        "Operating Income": -11,
        "EBIT": -11,
        "Net Income": -11
    },
    "2021-06-30": {
        "Diluted EPS": -0.13,
        "Total Revenue": NaN,
        "Gross Profit": NaN,
        "Operating Income": -26,
        "EBIT": -26,
        "Net Income": -26
    },
    "2021-03-31": {
        "Diluted EPS": -0.04,
        "Total Revenue": NaN,
        "Gross Profit": NaN,
        "Operating Income": -7,
        "EBIT": -7,
        "Net Income": -7
    },
    "2020-12-31": {
        "Diluted EPS": 0.02,
        "Total Revenue": NaN,
        "Gross Profit": NaN,
        "Operating Income": -4,
        "EBIT": -4,
        "Net Income": -4
    },
    "2020-09-30": {
        "Diluted EPS": -0.07,
        "Total Revenue": NaN,
        "Gross Profit": NaN,
        "Operating Income": -10,
        "EBIT": -10,
        "Net Income": -10
    },
    "2020-06-30": {
        "Diluted EPS": -0.19,
        "Total Revenue": 0,
        "Gross Profit": 0,
        "Operating Income": -3,
        "EBIT": -3,
        "Net Income": -16
    },
    "2020-03-31": {
        "Diluted EPS": -0.07,
        "Total Revenue": NaN,
        "Gross Profit": NaN,
        "Operating Income": -4,
        "EBIT": -4,
        "Net Income": -4
    },
    "2019-12-31": {
        "Diluted EPS": 3.94,
        "Total Revenue": NaN,
        "Gross Profit": NaN,
        "Operating Income": -4,
        "EBIT": -4,
        "Net Income": 12
    },
    "2019-09-30": {
        "Diluted EPS": -3.55,
        "Total Revenue": NaN,
        "Gross Profit": NaN,
        "Operating Income": -3,
        "EBIT": -3,
        "Net Income": -23
    },
    "2019-06-30": {
        "Diluted EPS": -0.58,
        "Total Revenue": NaN,
        "Gross Profit": NaN,
        "Operating Income": -2,
        "EBIT": -2,
        "Net Income": -4
    },
    "2019-03-31": {
        "Diluted EPS": -1.27,
        "Total Revenue": NaN,
        "Gross Profit": NaN,
        "Operating Income": -5,
        "EBIT": -5,
        "Net Income": -6
    },
    "2018-12-31": {
        "Diluted EPS": 35.64,
        "Total Revenue": NaN,
        "Gross Profit": NaN,
        "Operating Income": 0,
        "EBIT": 0,
        "Net Income": 2
    },
    "2018-09-30": {
        "Diluted EPS": -0.39,
        "Total Revenue": NaN,
        "Gross Profit": NaN,
        "Operating Income": -2,
        "EBIT": -3,
        "Net Income": -2
    },
    "2018-06-30": {
        "Diluted EPS": -7.78,
        "Total Revenue": NaN,
        "Gross Profit": NaN,
        "Operating Income": -7,
        "EBIT": -7,
        "Net Income": -4
    },
    "2018-03-31": {
        "Diluted EPS": -31.14,
        "Total Revenue": NaN,
        "Gross Profit": NaN,
        "Operating Income": -6,
        "EBIT": -6,
        "Net Income": -15
    },
    "2017-12-31": {
        "Diluted EPS": -14.37,
        "Total Revenue": NaN,
        "Gross Profit": NaN,
        "Operating Income": -6,
        "EBIT": -6,
        "Net Income": -5
    },
    "2017-09-30": {
        "Diluted EPS": -13.77,
        "Total Revenue": NaN,
        "Gross Profit": NaN,
        "Operating Income": -6,
        "EBIT": -5,
        "Net Income": -6
    },
    "2017-06-30": {
        "Diluted EPS": -14.97,
        "Total Revenue": NaN,
        "Gross Profit": NaN,
        "Operating Income": -6,
        "EBIT": -6,
        "Net Income": -5
    },
    "2017-03-31": {
        "Diluted EPS": -16.17,
        "Total Revenue": NaN,
        "Gross Profit": NaN,
        "Operating Income": -7,
        "EBIT": -6,
        "Net Income": -6
    },
    "2016-12-31": {
        "Diluted EPS": -16.17,
        "Total Revenue": NaN,
        "Gross Profit": NaN,
        "Operating Income": -8,
        "EBIT": -8,
        "Net Income": 11
    },
    "2016-09-30": {
        "Diluted EPS": -41.92,
        "Total Revenue": NaN,
        "Gross Profit": NaN,
        "Operating Income": -7,
        "EBIT": -6,
        "Net Income": -9
    },
    "2016-06-30": {
        "Diluted EPS": -36.53,
        "Total Revenue": NaN,
        "Gross Profit": NaN,
        "Operating Income": -8,
        "EBIT": -8,
        "Net Income": -8
    },
    "2016-03-31": {
        "Diluted EPS": -35.93,
        "Total Revenue": NaN,
        "Gross Profit": NaN,
        "Operating Income": -8,
        "EBIT": -7,
        "Net Income": -8
    },
    "2015-12-31": {
        "Diluted EPS": -37.73,
        "Total Revenue": NaN,
        "Gross Profit": NaN,
        "Operating Income": -8,
        "EBIT": -8,
        "Net Income": -8
    },
    "2015-09-30": {
        "Diluted EPS": -36.53,
        "Total Revenue": NaN,
        "Gross Profit": NaN,
        "Operating Income": -8,
        "EBIT": -8,
        "Net Income": -8
    },
    "2015-06-30": {
        "Diluted EPS": -34.73,
        "Total Revenue": NaN,
        "Gross Profit": NaN,
        "Operating Income": -8,
        "EBIT": -7,
        "Net Income": -8
    },
    "2015-03-31": {
        "Diluted EPS": -35.93,
        "Total Revenue": NaN,
        "Gross Profit": NaN,
        "Operating Income": -8,
        "EBIT": -8,
        "Net Income": -8
    },
    "2014-12-31": {
        "Diluted EPS": NaN,
        "Total Revenue": NaN,
        "Gross Profit": NaN,
        "Operating Income": -7,
        "EBIT": -6,
        "Net Income": 13
    },
    "2014-09-30": {
        "Diluted EPS": NaN,
        "Total Revenue": NaN,
        "Gross Profit": NaN,
        "Operating Income": -15,
        "EBIT": -15,
        "Net Income": -12
    },
    "2014-06-30": {
        "Diluted EPS": NaN,
        "Total Revenue": NaN,
        "Gross Profit": NaN,
        "Operating Income": -6,
        "EBIT": -6,
        "Net Income": -8
    },
    "2014-03-31": {
        "Diluted EPS": -353.29,
        "Total Revenue": NaN,
        "Gross Profit": NaN,
        "Operating Income": -5,
        "EBIT": -5,
        "Net Income": -3
    },
    "2013-12-31": {
        "Diluted EPS": 0.0,
        "Total Revenue": NaN,
        "Gross Profit": NaN,
        "Operating Income": NaN,
        "EBIT": NaN,
        "Net Income": NaN
    },
    "2013-09-30": {
        "Diluted EPS": 0.0,
        "Total Revenue": NaN,
        "Gross Profit": NaN,
        "Operating Income": NaN,
        "EBIT": NaN,
        "Net Income": NaN
    },
    "2012-12-31": {
        "Diluted EPS": 0.0,
        "Total Revenue": NaN,
        "Gross Profit": NaN,
        "Operating Income": NaN,
        "EBIT": NaN,
        "Net Income": NaN
    },
    "2023-06-30": {
        "Tax Effect Of Unusual Items": NaN,
        "Tax Rate For Calcs": NaN,
        "Normalized EBITDA": NaN,
        "Net Income From Continuing Operation Net Minority Interest": NaN,
        "Reconciled Depreciation": NaN,
        "EBITDA": NaN,
        "EBIT": NaN,
        "Normalized Income": NaN,
        "Net Income From Continuing And Discontinued Operation": NaN,
        "Total Expenses": NaN,
        "Total Operating Income As Reported": NaN,
        "Diluted Average Shares": NaN,
        "Basic Average Shares": NaN,
        "Diluted EPS": NaN,
        "Basic EPS": NaN,
        "Diluted NI Availto Com Stockholders": NaN,
        "Net Income Common Stockholders": NaN,
        "Otherunder Preferred Stock Dividend": 0.0,
        "Net Income": NaN,
        "Net Income Including Noncontrolling Interests": NaN,
        "Net Income Continuous Operations": NaN,
        "Pretax Income": NaN,
        "Other Income Expense": NaN,
        "Other Non Operating Income Expenses": NaN,
        "Operating Income": NaN,
        "Operating Expense": NaN,
        "Research And Development": NaN,
        "Selling General And Administration": NaN,
        "General And Administrative Expense": NaN,
        "Other Gand A": NaN,
        "Salaries And Wages": 1987000.0,
        "Total Revenue": NaN,
        "Operating Revenue": NaN
    },
    "2023-09-30": {
        "Tax Effect Of Unusual Items": NaN,
        "Tax Rate For Calcs": NaN,
        "Normalized EBITDA": NaN,
        "Net Income From Continuing Operation Net Minority Interest": NaN,
        "Reconciled Depreciation": NaN,
        "EBITDA": NaN,
        "EBIT": NaN,
        "Normalized Income": NaN,
        "Net Income From Continuing And Discontinued Operation": NaN,
        "Total Expenses": NaN,
        "Total Operating Income As Reported": NaN,
        "Diluted Average Shares": 256492558.0,
        "Basic Average Shares": 256492558.0,
        "Diluted EPS": -0.05,
        "Basic EPS": -0.05,
        "Diluted NI Availto Com Stockholders": NaN,
        "Net Income Common Stockholders": NaN,
        "Otherunder Preferred Stock Dividend": NaN,
        "Net Income": NaN,
        "Net Income Including Noncontrolling Interests": NaN,
        "Net Income Continuous Operations": NaN,
        "Pretax Income": NaN,
        "Other Income Expense": NaN,
        "Other Non Operating Income Expenses": NaN,
        "Operating Income": NaN,
        "Operating Expense": NaN,
        "Research And Development": NaN,
        "Selling General And Administration": NaN,
        "General And Administrative Expense": NaN,
        "Other Gand A": NaN,
        "Total Revenue": NaN,
        "Operating Revenue": NaN
    },
    "2023-12-31": {
        "Tax Effect Of Unusual Items": 0.0,
        "Tax Rate For Calcs": 0.0,
        "Normalized EBITDA": -8444000.0,
        "Net Income From Continuing Operation Net Minority Interest": -9493000.0,
        "Reconciled Depreciation": 179000.0,
        "EBITDA": -8444000.0,
        "EBIT": -8623000.0,
        "Normalized Income": -9493000.0,
        "Net Income From Continuing And Discontinued Operation": -9493000.0,
        "Total Expenses": 14659000.0,
        "Total Operating Income As Reported": -8623000.0,
        "Diluted Average Shares": NaN,
        "Basic Average Shares": NaN,
        "Diluted EPS": NaN,
        "Basic EPS": NaN,
        "Diluted NI Availto Com Stockholders": -9493000.0,
        "Net Income Common Stockholders": -9493000.0,
        "Otherunder Preferred Stock Dividend": NaN,
        "Net Income": -9493000.0,
        "Net Income Including Noncontrolling Interests": -9493000.0,
        "Net Income Continuous Operations": -9493000.0,
        "Pretax Income": -9493000.0,
        "Other Income Expense": -870000.0,
        "Other Non Operating Income Expenses": -870000.0,
        "Operating Income": -8623000.0,
        "Operating Expense": 14659000.0,
        "Research And Development": 9504000.0,
        "Selling General And Administration": 5155000.0,
        "General And Administrative Expense": 5155000.0,
        "Other Gand A": 5155000.0,
        "Total Revenue": 6036000.0,
        "Operating Revenue": 6036000.0
    },
    "2024-03-31": {
        "Tax Effect Of Unusual Items": 0.0,
        "Tax Rate For Calcs": 0.0,
        "Normalized EBITDA": -12037000.0,
        "Net Income From Continuing Operation Net Minority Interest": -11924000.0,
        "Reconciled Depreciation": 179000.0,
        "EBITDA": -12037000.0,
        "EBIT": -12216000.0,
        "Net Interest Income": 302000.0,
        "Normalized Income": -11924000.0,
        "Net Income From Continuing And Discontinued Operation": -11924000.0,
        "Total Expenses": 13230000.0,
        "Total Operating Income As Reported": -12216000.0,
        "Diluted Average Shares": 257232636.0,
        "Basic Average Shares": 257232636.0,
        "Diluted EPS": -0.05,
        "Basic EPS": -0.05,
        "Diluted NI Availto Com Stockholders": -11924000.0,
        "Net Income Common Stockholders": -11924000.0,
        "Otherunder Preferred Stock Dividend": NaN,
        "Net Income": -11924000.0,
        "Net Income Including Noncontrolling Interests": -11924000.0,
        "Net Income Continuous Operations": -11924000.0,
        "Pretax Income": -11924000.0,
        "Other Income Expense": -10000.0,
        "Other Non Operating Income Expenses": -10000.0,
        "Net Non Operating Interest Income Expense": 302000.0,
        "Total Other Finance Cost": -302000.0,
        "Operating Income": -12216000.0,
        "Operating Expense": 13230000.0,
        "Research And Development": 6826000.0,
        "Selling General And Administration": 6404000.0,
        "General And Administrative Expense": 6404000.0,
        "Other Gand A": 6404000.0,
        "Total Revenue": 1014000.0,
        "Operating Revenue": 1014000.0
    },
    "2024-06-30": {
        "Tax Effect Of Unusual Items": 0.0,
        "Tax Rate For Calcs": 0.0,
        "Normalized EBITDA": -14871000.0,
        "Net Income From Continuing Operation Net Minority Interest": -15280000.0,
        "Reconciled Depreciation": 578000.0,
        "EBITDA": -14871000.0,
        "EBIT": -15449000.0,
        "Net Interest Income": NaN,
        "Normalized Income": -15280000.0,
        "Net Income From Continuing And Discontinued Operation": -15280000.0,
        "Total Expenses": 16590000.0,
        "Total Operating Income As Reported": -15449000.0,
        "Diluted Average Shares": 257353857.0,
        "Basic Average Shares": 257353857.0,
        "Diluted EPS": -0.04,
        "Basic EPS": -0.04,
        "Diluted NI Availto Com Stockholders": -10292000.0,
        "Net Income Common Stockholders": -10292000.0,
        "Otherunder Preferred Stock Dividend": -4988000.0,
        "Net Income": -15280000.0,
        "Net Income Including Noncontrolling Interests": -15280000.0,
        "Net Income Continuous Operations": -15280000.0,
        "Pretax Income": -15280000.0,
        "Other Income Expense": 169000.0,
        "Other Non Operating Income Expenses": 169000.0,
        "Net Non Operating Interest Income Expense": NaN,
        "Total Other Finance Cost": NaN,
        "Operating Income": -15449000.0,
        "Operating Expense": 16590000.0,
        "Research And Development": 8902000.0,
        "Selling General And Administration": 7688000.0,
        "General And Administrative Expense": 7688000.0,
        "Other Gand A": 7688000.0,
        "Total Revenue": 1141000.0,
        "Operating Revenue": 1141000.0
    },
    "2024-09-30": {
        "Tax Effect Of Unusual Items": 0.0,
        "Tax Rate For Calcs": 0.0,
        "Normalized EBITDA": -12639000.0,
        "Net Income From Continuing Operation Net Minority Interest": -12970000.0,
        "Reconciled Depreciation": 613000.0,
        "EBITDA": -12639000.0,
        "EBIT": -13252000.0,
        "Net Interest Income": NaN,
        "Normalized Income": -12970000.0,
        "Net Income From Continuing And Discontinued Operation": -12970000.0,
        "Total Expenses": 14388000.0,
        "Total Operating Income As Reported": -13252000.0,
        "Diluted Average Shares": 290262752.0,
        "Basic Average Shares": 290262752.0,
        "Diluted EPS": -0.044684,
        "Basic EPS": -0.044684,
        "Diluted NI Availto Com Stockholders": -12970000.0,
        "Net Income Common Stockholders": -12970000.0,
        "Otherunder Preferred Stock Dividend": NaN,
        "Net Income": -12970000.0,
        "Net Income Including Noncontrolling Interests": -12970000.0,
        "Net Income Continuous Operations": -12970000.0,
        "Pretax Income": -12970000.0,
        "Other Income Expense": 282000.0,
        "Other Non Operating Income Expenses": 282000.0,
        "Net Non Operating Interest Income Expense": NaN,
        "Total Other Finance Cost": NaN,
        "Operating Income": -13252000.0,
        "Operating Expense": 14388000.0,
        "Research And Development": 8108000.0,
        "Selling General And Administration": 6280000.0,
        "General And Administrative Expense": 6280000.0,
        "Other Gand A": 6280000.0,
        "Total Revenue": 1136000.0,
        "Operating Revenue": 1136000.0
    },
    "2024-12-31": {
        "Tax Effect Of Unusual Items": 0.0,
        "Tax Rate For Calcs": 0.0,
        "Normalized EBITDA": -13242000.0,
        "Net Income From Continuing Operation Net Minority Interest": -13880000.0,
        "Reconciled Depreciation": 598000.0,
        "EBITDA": -13242000.0,
        "EBIT": -13840000.0,
        "Net Interest Income": NaN,
        "Normalized Income": -13880000.0,
        "Net Income From Continuing And Discontinued Operation": -13880000.0,
        "Total Expenses": 14604000.0,
        "Total Operating Income As Reported": -13840000.0,
        "Diluted Average Shares": 290924531.0,
        "Basic Average Shares": 290924531.0,
        "Diluted EPS": -0.05,
        "Basic EPS": -0.05,
        "Diluted NI Availto Com Stockholders": -13880000.0,
        "Net Income Common Stockholders": -13880000.0,
        "Otherunder Preferred Stock Dividend": NaN,
        "Net Income": -13880000.0,
        "Net Income Including Noncontrolling Interests": -13880000.0,
        "Net Income Continuous Operations": -13880000.0,
        "Pretax Income": -13880000.0,
        "Other Income Expense": -40000.0,
        "Other Non Operating Income Expenses": -40000.0,
        "Net Non Operating Interest Income Expense": NaN,
        "Total Other Finance Cost": NaN,
        "Operating Income": -13840000.0,
        "Operating Expense": 14604000.0,
        "Research And Development": 8290000.0,
        "Selling General And Administration": 6314000.0,
        "General And Administrative Expense": 6314000.0,
        "Other Gand A": 6314000.0,
        "Total Revenue": 764000.0,
        "Operating Revenue": 764000.0
    },
    "2025-03-31": {
        "Tax Effect Of Unusual Items": 0.0,
        "Tax Rate For Calcs": 0.0,
        "Normalized EBITDA": -13592000.0,
        "Net Income From Continuing Operation Net Minority Interest": -15350000.0,
        "Reconciled Depreciation": 909000.0,
        "EBITDA": -13592000.0,
        "EBIT": -14501000.0,
        "Net Interest Income": -914000.0,
        "Normalized Income": -15350000.0,
        "Net Income From Continuing And Discontinued Operation": -15350000.0,
        "Total Expenses": 15982000.0,
        "Total Operating Income As Reported": -14501000.0,
        "Diluted Average Shares": 291996562.0,
        "Basic Average Shares": 291996562.0,
        "Diluted EPS": -0.05,
        "Basic EPS": -0.05,
        "Diluted NI Availto Com Stockholders": -15350000.0,
        "Net Income Common Stockholders": -15350000.0,
        "Otherunder Preferred Stock Dividend": NaN,
        "Net Income": -15350000.0,
        "Net Income Including Noncontrolling Interests": -15350000.0,
        "Net Income Continuous Operations": -15350000.0,
        "Pretax Income": -15350000.0,
        "Other Income Expense": 65000.0,
        "Other Non Operating Income Expenses": 65000.0,
        "Net Non Operating Interest Income Expense": -914000.0,
        "Total Other Finance Cost": 914000.0,
        "Operating Income": -14501000.0,
        "Operating Expense": 15982000.0,
        "Research And Development": 9529000.0,
        "Selling General And Administration": 6453000.0,
        "General And Administrative Expense": 6453000.0,
        "Other Gand A": 6453000.0,
        "Total Revenue": 1481000.0,
        "Operating Revenue": 1481000.0
    }
}