{
    "2024-03-31": {
        "Tax Effect Of Unusual Items": NaN,
        "Tax Rate For Calcs": NaN,
        "Normalized EBITDA": NaN,
        "Total Unusual Items": NaN,
        "Total Unusual Items Excluding Goodwill": NaN,
        "Net Income From Continuing Operation Net Minority Interest": NaN,
        "Reconciled Depreciation": NaN,
        "EBITDA": NaN,
        "EBIT": NaN,
        "Net Interest Income": NaN,
        "Interest Expense": NaN,
        "Interest Income": NaN,
        "Normalized Income": NaN,
        "Net Income From Continuing And Discontinued Operation": NaN,
        "Total Expenses": NaN,
        "Total Operating Income As Reported": NaN,
        "Diluted Average Shares": NaN,
        "Basic Average Shares": NaN,
        "Diluted EPS": NaN,
        "Basic EPS": NaN,
        "Diluted NI Availto Com Stockholders": NaN,
        "Net Income Common Stockholders": NaN,
        "Net Income": NaN,
        "Net Income Including Noncontrolling Interests": NaN,
        "Net Income Continuous Operations": NaN,
        "Tax Provision": NaN,
        "Pretax Income": NaN,
        "Other Income Expense": NaN,
        "Special Income Charges": 0.0,
        "Restructuring And Mergern Acquisition": 0.0,
        "Gain On Sale Of Security": NaN,
        "Net Non Operating Interest Income Expense": NaN,
        "Interest Expense Non Operating": NaN,
        "Interest Income Non Operating": NaN,
        "Operating Income": NaN,
        "Operating Expense": NaN,
        "Other Operating Expenses": NaN,
        "Depreciation Amortization Depletion Income Statement": NaN,
        "Depreciation And Amortization In Income Statement": NaN,
        "Depreciation Income Statement": NaN,
        "Research And Development": NaN,
        "Selling General And Administration": NaN,
        "General And Administrative Expense": NaN,
        "Other Gand A": NaN,
        "Salaries And Wages": NaN,
        "Total Revenue": NaN,
        "Operating Revenue": NaN
    },
    "2023-12-31": {
        "Tax Effect Of Unusual Items": NaN,
        "Tax Rate For Calcs": NaN,
        "Normalized EBITDA": NaN,
        "Total Unusual Items": NaN,
        "Total Unusual Items Excluding Goodwill": NaN,
        "Net Income From Continuing Operation Net Minority Interest": NaN,
        "Reconciled Depreciation": NaN,
        "EBITDA": NaN,
        "EBIT": NaN,
        "Net Interest Income": NaN,
        "Interest Expense": NaN,
        "Interest Income": NaN,
        "Normalized Income": NaN,
        "Net Income From Continuing And Discontinued Operation": NaN,
        "Total Expenses": NaN,
        "Total Operating Income As Reported": NaN,
        "Diluted Average Shares": NaN,
        "Basic Average Shares": NaN,
        "Diluted EPS": NaN,
        "Basic EPS": NaN,
        "Diluted NI Availto Com Stockholders": NaN,
        "Net Income Common Stockholders": NaN,
        "Net Income": NaN,
        "Net Income Including Noncontrolling Interests": NaN,
        "Net Income Continuous Operations": NaN,
        "Tax Provision": NaN,
        "Pretax Income": NaN,
        "Other Income Expense": NaN,
        "Special Income Charges": 0.0,
        "Restructuring And Mergern Acquisition": 0.0,
        "Gain On Sale Of Security": NaN,
        "Net Non Operating Interest Income Expense": NaN,
        "Interest Expense Non Operating": NaN,
        "Interest Income Non Operating": NaN,
        "Operating Income": NaN,
        "Operating Expense": NaN,
        "Other Operating Expenses": NaN,
        "Depreciation Amortization Depletion Income Statement": NaN,
        "Depreciation And Amortization In Income Statement": NaN,
        "Depreciation Income Statement": NaN,
        "Research And Development": NaN,
        "Selling General And Administration": NaN,
        "General And Administrative Expense": NaN,
        "Other Gand A": NaN,
        "Salaries And Wages": NaN,
        "Total Revenue": NaN,
        "Operating Revenue": NaN
    },
    "2023-09-30": {
        "Tax Effect Of Unusual Items": NaN,
        "Tax Rate For Calcs": NaN,
        "Normalized EBITDA": NaN,
        "Total Unusual Items": NaN,
        "Total Unusual Items Excluding Goodwill": NaN,
        "Net Income From Continuing Operation Net Minority Interest": NaN,
        "Reconciled Depreciation": NaN,
        "EBITDA": NaN,
        "EBIT": NaN,
        "Net Interest Income": NaN,
        "Interest Expense": NaN,
        "Interest Income": NaN,
        "Normalized Income": NaN,
        "Net Income From Continuing And Discontinued Operation": NaN,
        "Total Expenses": NaN,
        "Total Operating Income As Reported": NaN,
        "Diluted Average Shares": 36330836.0,
        "Basic Average Shares": 36330836.0,
        "Diluted EPS": -0.48,
        "Basic EPS": -0.48,
        "Diluted NI Availto Com Stockholders": NaN,
        "Net Income Common Stockholders": NaN,
        "Net Income": NaN,
        "Net Income Including Noncontrolling Interests": NaN,
        "Net Income Continuous Operations": NaN,
        "Tax Provision": NaN,
        "Pretax Income": NaN,
        "Other Income Expense": NaN,
        "Special Income Charges": NaN,
        "Restructuring And Mergern Acquisition": NaN,
        "Gain On Sale Of Security": NaN,
        "Net Non Operating Interest Income Expense": NaN,
        "Interest Expense Non Operating": NaN,
        "Interest Income Non Operating": NaN,
        "Operating Income": NaN,
        "Operating Expense": NaN,
        "Other Operating Expenses": NaN,
        "Depreciation Amortization Depletion Income Statement": NaN,
        "Depreciation And Amortization In Income Statement": NaN,
        "Depreciation Income Statement": NaN,
        "Research And Development": NaN,
        "Selling General And Administration": NaN,
        "General And Administrative Expense": NaN,
        "Other Gand A": NaN,
        "Salaries And Wages": NaN,
        "Total Revenue": NaN,
        "Operating Revenue": NaN
    },
    "2023-06-30": {
        "Tax Effect Of Unusual Items": NaN,
        "Tax Rate For Calcs": NaN,
        "Normalized EBITDA": NaN,
        "Total Unusual Items": NaN,
        "Total Unusual Items Excluding Goodwill": NaN,
        "Net Income From Continuing Operation Net Minority Interest": NaN,
        "Reconciled Depreciation": NaN,
        "EBITDA": NaN,
        "EBIT": NaN,
        "Net Interest Income": NaN,
        "Interest Expense": NaN,
        "Interest Income": NaN,
        "Normalized Income": NaN,
        "Net Income From Continuing And Discontinued Operation": NaN,
        "Total Expenses": NaN,
        "Total Operating Income As Reported": NaN,
        "Diluted Average Shares": 33565542.0,
        "Basic Average Shares": 33565542.0,
        "Diluted EPS": -0.38,
        "Basic EPS": -0.38,
        "Diluted NI Availto Com Stockholders": NaN,
        "Net Income Common Stockholders": NaN,
        "Net Income": NaN,
        "Net Income Including Noncontrolling Interests": NaN,
        "Net Income Continuous Operations": NaN,
        "Tax Provision": NaN,
        "Pretax Income": NaN,
        "Other Income Expense": NaN,
        "Special Income Charges": NaN,
        "Restructuring And Mergern Acquisition": NaN,
        "Gain On Sale Of Security": NaN,
        "Net Non Operating Interest Income Expense": NaN,
        "Interest Expense Non Operating": NaN,
        "Interest Income Non Operating": NaN,
        "Operating Income": NaN,
        "Operating Expense": NaN,
        "Other Operating Expenses": NaN,
        "Depreciation Amortization Depletion Income Statement": NaN,
        "Depreciation And Amortization In Income Statement": NaN,
        "Depreciation Income Statement": NaN,
        "Research And Development": NaN,
        "Selling General And Administration": NaN,
        "General And Administrative Expense": NaN,
        "Other Gand A": NaN,
        "Salaries And Wages": NaN,
        "Total Revenue": NaN,
        "Operating Revenue": NaN
    },
    "2023-03-31": {
        "Tax Effect Of Unusual Items": NaN,
        "Tax Rate For Calcs": NaN,
        "Normalized EBITDA": NaN,
        "Total Unusual Items": NaN,
        "Total Unusual Items Excluding Goodwill": NaN,
        "Net Income From Continuing Operation Net Minority Interest": NaN,
        "Reconciled Depreciation": NaN,
        "EBITDA": NaN,
        "EBIT": NaN,
        "Net Interest Income": NaN,
        "Interest Expense": NaN,
        "Interest Income": NaN,
        "Normalized Income": NaN,
        "Net Income From Continuing And Discontinued Operation": NaN,
        "Total Expenses": NaN,
        "Total Operating Income As Reported": NaN,
        "Diluted Average Shares": 12879944.0,
        "Basic Average Shares": 12879944.0,
        "Diluted EPS": -3.572609,
        "Basic EPS": -3.57,
        "Diluted NI Availto Com Stockholders": NaN,
        "Net Income Common Stockholders": NaN,
        "Net Income": NaN,
        "Net Income Including Noncontrolling Interests": NaN,
        "Net Income Continuous Operations": NaN,
        "Tax Provision": NaN,
        "Pretax Income": NaN,
        "Other Income Expense": NaN,
        "Special Income Charges": NaN,
        "Restructuring And Mergern Acquisition": NaN,
        "Gain On Sale Of Security": NaN,
        "Net Non Operating Interest Income Expense": NaN,
        "Interest Expense Non Operating": NaN,
        "Interest Income Non Operating": NaN,
        "Operating Income": NaN,
        "Operating Expense": NaN,
        "Other Operating Expenses": NaN,
        "Depreciation Amortization Depletion Income Statement": NaN,
        "Depreciation And Amortization In Income Statement": NaN,
        "Depreciation Income Statement": NaN,
        "Research And Development": NaN,
        "Selling General And Administration": NaN,
        "General And Administrative Expense": NaN,
        "Other Gand A": NaN,
        "Salaries And Wages": NaN,
        "Total Revenue": NaN,
        "Operating Revenue": NaN
    },
    "2024-06-30": {
        "Tax Effect Of Unusual Items": NaN,
        "Tax Rate For Calcs": NaN,
        "Normalized EBITDA": NaN,
        "Total Unusual Items": NaN,
        "Total Unusual Items Excluding Goodwill": NaN,
        "Net Income From Continuing Operation Net Minority Interest": NaN,
        "Reconciled Depreciation": NaN,
        "EBITDA": NaN,
        "EBIT": NaN,
        "Net Interest Income": NaN,
        "Interest Expense": NaN,
        "Interest Income": NaN,
        "Normalized Income": NaN,
        "Net Income From Continuing And Discontinued Operation": NaN,
        "Total Expenses": NaN,
        "Total Operating Income As Reported": NaN,
        "Diluted Average Shares": NaN,
        "Basic Average Shares": NaN,
        "Diluted EPS": NaN,
        "Basic EPS": NaN,
        "Diluted NI Availto Com Stockholders": NaN,
        "Net Income Common Stockholders": NaN,
        "Net Income": NaN,
        "Net Income Including Noncontrolling Interests": NaN,
        "Net Income Continuous Operations": NaN,
        "Tax Provision": NaN,
        "Pretax Income": NaN,
        "Other Income Expense": NaN,
        "Special Income Charges": 0.0,
        "Restructuring And Mergern Acquisition": 0.0,
        "Gain On Sale Of Security": NaN,
        "Net Non Operating Interest Income Expense": NaN,
        "Interest Expense Non Operating": NaN,
        "Interest Income Non Operating": NaN,
        "Operating Income": NaN,
        "Operating Expense": NaN,
        "Other Operating Expenses": NaN,
        "Depreciation Amortization Depletion Income Statement": NaN,
        "Depreciation And Amortization In Income Statement": NaN,
        "Depreciation Income Statement": NaN,
        "Research And Development": NaN,
        "Selling General And Administration": NaN,
        "General And Administrative Expense": NaN,
        "Other Gand A": NaN,
        "Salaries And Wages": NaN,
        "Total Revenue": NaN,
        "Operating Revenue": NaN
    },
    "2024-09-30": {
        "Tax Effect Of Unusual Items": -198305.0,
        "Tax Rate For Calcs": 0.085,
        "Normalized EBITDA": -17453000.0,
        "Total Unusual Items": -2333000.0,
        "Total Unusual Items Excluding Goodwill": -2333000.0,
        "Net Income From Continuing Operation Net Minority Interest": -20190000.0,
        "Reconciled Depreciation": 122000.0,
        "EBITDA": -19786000.0,
        "EBIT": -19908000.0,
        "Net Interest Income": 292000.0,
        "Interest Expense": 264000.0,
        "Interest Income": 556000.0,
        "Normalized Income": -18055305.0,
        "Net Income From Continuing And Discontinued Operation": -20190000.0,
        "Total Expenses": 18131000.0,
        "Total Operating Income As Reported": -18131000.0,
        "Diluted Average Shares": 41807918.0,
        "Basic Average Shares": 41807918.0,
        "Diluted EPS": -0.48,
        "Basic EPS": -0.48,
        "Diluted NI Availto Com Stockholders": -20190000.0,
        "Net Income Common Stockholders": -20190000.0,
        "Net Income": -20190000.0,
        "Net Income Including Noncontrolling Interests": -20190000.0,
        "Net Income Continuous Operations": -20190000.0,
        "Tax Provision": 18000.0,
        "Pretax Income": -20172000.0,
        "Other Income Expense": -2333000.0,
        "Special Income Charges": 0.0,
        "Restructuring And Mergern Acquisition": 0.0,
        "Gain On Sale Of Security": -2333000.0,
        "Net Non Operating Interest Income Expense": 292000.0,
        "Interest Expense Non Operating": 264000.0,
        "Interest Income Non Operating": 556000.0,
        "Operating Income": -18131000.0,
        "Operating Expense": 18131000.0,
        "Other Operating Expenses": 432000.0,
        "Depreciation Amortization Depletion Income Statement": 44000.0,
        "Depreciation And Amortization In Income Statement": 44000.0,
        "Depreciation Income Statement": 44000.0,
        "Research And Development": 12999000.0,
        "Selling General And Administration": 4656000.0,
        "General And Administrative Expense": 4656000.0,
        "Other Gand A": 1706000.0,
        "Salaries And Wages": 2950000.0,
        "Total Revenue": 0.0,
        "Operating Revenue": 0.0
    },
    "2024-12-31": {
        "Tax Effect Of Unusual Items": -96854.047693,
        "Tax Rate For Calcs": 0.008237,
        "Normalized EBITDA": -16767000.0,
        "Total Unusual Items": -11758000.0,
        "Total Unusual Items Excluding Goodwill": -11758000.0,
        "Net Income From Continuing Operation Net Minority Interest": -28655000.0,
        "Reconciled Depreciation": 122000.0,
        "EBITDA": -28525000.0,
        "EBIT": -28647000.0,
        "Net Interest Income": 125000.0,
        "Interest Expense": 246000.0,
        "Interest Income": 371000.0,
        "Normalized Income": -16993854.047693,
        "Net Income From Continuing And Discontinued Operation": -28655000.0,
        "Total Expenses": 17260000.0,
        "Total Operating Income As Reported": -17260000.0,
        "Diluted Average Shares": 42768657.0,
        "Basic Average Shares": 42768657.0,
        "Diluted EPS": -0.67,
        "Basic EPS": -0.67,
        "Diluted NI Availto Com Stockholders": -28655000.0,
        "Net Income Common Stockholders": -28655000.0,
        "Net Income": -28655000.0,
        "Net Income Including Noncontrolling Interests": -28655000.0,
        "Net Income Continuous Operations": -28655000.0,
        "Tax Provision": -238000.0,
        "Pretax Income": -28893000.0,
        "Other Income Expense": -11758000.0,
        "Special Income Charges": 0.0,
        "Restructuring And Mergern Acquisition": 0.0,
        "Gain On Sale Of Security": -11758000.0,
        "Net Non Operating Interest Income Expense": 125000.0,
        "Interest Expense Non Operating": 246000.0,
        "Interest Income Non Operating": 371000.0,
        "Operating Income": -17260000.0,
        "Operating Expense": 17260000.0,
        "Other Operating Expenses": 447000.0,
        "Depreciation Amortization Depletion Income Statement": 47000.0,
        "Depreciation And Amortization In Income Statement": 47000.0,
        "Depreciation Income Statement": 47000.0,
        "Research And Development": 11763000.0,
        "Selling General And Administration": 5003000.0,
        "General And Administrative Expense": 5003000.0,
        "Other Gand A": 1684000.0,
        "Salaries And Wages": 3319000.0,
        "Total Revenue": 0.0,
        "Operating Revenue": 0.0
    },
    "2025-03-31": {
        "Tax Effect Of Unusual Items": -1145630.0,
        "Tax Rate For Calcs": 0.085,
        "Normalized EBITDA": -19358000.0,
        "Total Unusual Items": -13478000.0,
        "Total Unusual Items Excluding Goodwill": -13478000.0,
        "Net Income From Continuing Operation Net Minority Interest": -33213000.0,
        "Reconciled Depreciation": 123000.0,
        "EBITDA": -32836000.0,
        "EBIT": -32959000.0,
        "Net Interest Income": 246000.0,
        "Interest Expense": 247000.0,
        "Interest Income": 493000.0,
        "Normalized Income": -20880630.0,
        "Net Income From Continuing And Discontinued Operation": -33213000.0,
        "Total Expenses": 19974000.0,
        "Total Operating Income As Reported": -19974000.0,
        "Diluted Average Shares": 48263134.0,
        "Basic Average Shares": 48263134.0,
        "Diluted EPS": -0.69,
        "Basic EPS": -0.69,
        "Diluted NI Availto Com Stockholders": -33213000.0,
        "Net Income Common Stockholders": -33213000.0,
        "Net Income": -33213000.0,
        "Net Income Including Noncontrolling Interests": -33213000.0,
        "Net Income Continuous Operations": -33213000.0,
        "Tax Provision": 7000.0,
        "Pretax Income": -33206000.0,
        "Other Income Expense": -13478000.0,
        "Special Income Charges": NaN,
        "Restructuring And Mergern Acquisition": NaN,
        "Gain On Sale Of Security": -13478000.0,
        "Net Non Operating Interest Income Expense": 246000.0,
        "Interest Expense Non Operating": 247000.0,
        "Interest Income Non Operating": 493000.0,
        "Operating Income": -19974000.0,
        "Operating Expense": 19974000.0,
        "Other Operating Expenses": 231000.0,
        "Depreciation Amortization Depletion Income Statement": 47000.0,
        "Depreciation And Amortization In Income Statement": 47000.0,
        "Depreciation Income Statement": 47000.0,
        "Research And Development": 14771000.0,
        "Selling General And Administration": 4925000.0,
        "General And Administrative Expense": 4925000.0,
        "Other Gand A": 2068000.0,
        "Salaries And Wages": 2857000.0,
        "Total Revenue": 0.0,
        "Operating Revenue": 0.0
    },
    "2025-06-30": {
        "Tax Effect Of Unusual Items": -4694.358046,
        "Tax Rate For Calcs": 0.000945,
        "Normalized EBITDA": -20135000.0,
        "Total Unusual Items": -4968000.0,
        "Total Unusual Items Excluding Goodwill": -4968000.0,
        "Net Income From Continuing Operation Net Minority Interest": -25375000.0,
        "Reconciled Depreciation": 113000.0,
        "EBITDA": -25103000.0,
        "EBIT": -25216000.0,
        "Net Interest Income": 337000.0,
        "Interest Expense": 183000.0,
        "Interest Income": 520000.0,
        "Normalized Income": -20411694.358046,
        "Net Income From Continuing And Discontinued Operation": -25375000.0,
        "Total Expenses": 20768000.0,
        "Total Operating Income As Reported": -20768000.0,
        "Diluted Average Shares": 52288911.0,
        "Basic Average Shares": 52288911.0,
        "Diluted EPS": -0.49,
        "Basic EPS": -0.49,
        "Diluted NI Availto Com Stockholders": -25375000.0,
        "Net Income Common Stockholders": -25375000.0,
        "Net Income": -25375000.0,
        "Net Income Including Noncontrolling Interests": -25375000.0,
        "Net Income Continuous Operations": -25375000.0,
        "Tax Provision": -24000.0,
        "Pretax Income": -25399000.0,
        "Other Income Expense": -4968000.0,
        "Special Income Charges": NaN,
        "Restructuring And Mergern Acquisition": NaN,
        "Gain On Sale Of Security": -4968000.0,
        "Net Non Operating Interest Income Expense": 337000.0,
        "Interest Expense Non Operating": 183000.0,
        "Interest Income Non Operating": 520000.0,
        "Operating Income": -20768000.0,
        "Operating Expense": 20768000.0,
        "Other Operating Expenses": 396000.0,
        "Depreciation Amortization Depletion Income Statement": 32000.0,
        "Depreciation And Amortization In Income Statement": 32000.0,
        "Depreciation Income Statement": 32000.0,
        "Research And Development": 14909000.0,
        "Selling General And Administration": 5431000.0,
        "General And Administrative Expense": 5431000.0,
        "Other Gand A": 1701000.0,
        "Salaries And Wages": 3730000.0,
        "Total Revenue": 0.0,
        "Operating Revenue": 0.0
    },
    "2025-09-30": {
        "Tax Effect Of Unusual Items": 270130.0,
        "Tax Rate For Calcs": 0.085,
        "Normalized EBITDA": -19706000.0,
        "Total Unusual Items": 3178000.0,
        "Total Unusual Items Excluding Goodwill": 3178000.0,
        "Net Income From Continuing Operation Net Minority Interest": -16855000.0,
        "Reconciled Depreciation": 152000.0,
        "EBITDA": -16528000.0,
        "EBIT": -16680000.0,
        "Net Interest Income": 276000.0,
        "Interest Expense": 162000.0,
        "Interest Income": 438000.0,
        "Normalized Income": -19762870.0,
        "Net Income From Continuing And Discontinued Operation": -16855000.0,
        "Total Expenses": 20296000.0,
        "Total Operating Income As Reported": -20296000.0,
        "Diluted Average Shares": 52361247.0,
        "Basic Average Shares": 52361247.0,
        "Diluted EPS": -0.32,
        "Basic EPS": -0.32,
        "Diluted NI Availto Com Stockholders": -16855000.0,
        "Net Income Common Stockholders": -16855000.0,
        "Net Income": -16855000.0,
        "Net Income Including Noncontrolling Interests": -16855000.0,
        "Net Income Continuous Operations": -16855000.0,
        "Tax Provision": 13000.0,
        "Pretax Income": -16842000.0,
        "Other Income Expense": 3178000.0,
        "Special Income Charges": NaN,
        "Restructuring And Mergern Acquisition": NaN,
        "Gain On Sale Of Security": 3178000.0,
        "Net Non Operating Interest Income Expense": 276000.0,
        "Interest Expense Non Operating": 162000.0,
        "Interest Income Non Operating": 438000.0,
        "Operating Income": -20296000.0,
        "Operating Expense": 20296000.0,
        "Other Operating Expenses": 179000.0,
        "Depreciation Amortization Depletion Income Statement": 59000.0,
        "Depreciation And Amortization In Income Statement": 59000.0,
        "Depreciation Income Statement": 59000.0,
        "Research And Development": 14117000.0,
        "Selling General And Administration": 5941000.0,
        "General And Administrative Expense": 5941000.0,
        "Other Gand A": 2091000.0,
        "Salaries And Wages": 3850000.0,
        "Total Revenue": 0.0,
        "Operating Revenue": 0.0
    }
}