{
    "2023-03-31": {
        "Tax Effect Of Unusual Items": NaN,
        "Tax Rate For Calcs": NaN,
        "Normalized EBITDA": NaN,
        "Total Unusual Items": NaN,
        "Total Unusual Items Excluding Goodwill": NaN,
        "Net Income From Continuing Operation Net Minority Interest": NaN,
        "Reconciled Depreciation": NaN,
        "Reconciled Cost Of Revenue": NaN,
        "EBITDA": NaN,
        "EBIT": NaN,
        "Net Interest Income": NaN,
        "Interest Expense": NaN,
        "Interest Income": NaN,
        "Normalized Income": NaN,
        "Net Income From Continuing And Discontinued Operation": NaN,
        "Total Expenses": NaN,
        "Total Operating Income As Reported": NaN,
        "Diluted Average Shares": NaN,
        "Basic Average Shares": NaN,
        "Diluted EPS": NaN,
        "Basic EPS": NaN,
        "Diluted NI Availto Com Stockholders": NaN,
        "Average Dilution Earnings": NaN,
        "Net Income Common Stockholders": NaN,
        "Net Income": NaN,
        "Net Income Including Noncontrolling Interests": NaN,
        "Net Income Continuous Operations": NaN,
        "Pretax Income": NaN,
        "Other Income Expense": NaN,
        "Other Non Operating Income Expenses": -1000.0,
        "Special Income Charges": NaN,
        "Other Special Charges": NaN,
        "Gain On Sale Of Security": NaN,
        "Net Non Operating Interest Income Expense": NaN,
        "Interest Expense Non Operating": NaN,
        "Interest Income Non Operating": NaN,
        "Operating Income": NaN,
        "Operating Expense": NaN,
        "Research And Development": NaN,
        "Selling General And Administration": NaN,
        "Selling And Marketing Expense": NaN,
        "General And Administrative Expense": NaN,
        "Other Gand A": NaN,
        "Salaries And Wages": NaN,
        "Gross Profit": NaN,
        "Cost Of Revenue": NaN,
        "Total Revenue": NaN,
        "Operating Revenue": NaN
    },
    "2022-12-31": {
        "Tax Effect Of Unusual Items": NaN,
        "Tax Rate For Calcs": NaN,
        "Normalized EBITDA": NaN,
        "Total Unusual Items": NaN,
        "Total Unusual Items Excluding Goodwill": NaN,
        "Net Income From Continuing Operation Net Minority Interest": NaN,
        "Reconciled Depreciation": NaN,
        "Reconciled Cost Of Revenue": NaN,
        "EBITDA": NaN,
        "EBIT": NaN,
        "Net Interest Income": NaN,
        "Interest Expense": NaN,
        "Interest Income": NaN,
        "Normalized Income": NaN,
        "Net Income From Continuing And Discontinued Operation": NaN,
        "Total Expenses": NaN,
        "Total Operating Income As Reported": NaN,
        "Diluted Average Shares": NaN,
        "Basic Average Shares": NaN,
        "Diluted EPS": NaN,
        "Basic EPS": NaN,
        "Diluted NI Availto Com Stockholders": NaN,
        "Average Dilution Earnings": -4072000.0,
        "Net Income Common Stockholders": NaN,
        "Net Income": NaN,
        "Net Income Including Noncontrolling Interests": NaN,
        "Net Income Continuous Operations": NaN,
        "Pretax Income": NaN,
        "Other Income Expense": NaN,
        "Other Non Operating Income Expenses": 0.0,
        "Special Income Charges": NaN,
        "Other Special Charges": NaN,
        "Gain On Sale Of Security": NaN,
        "Net Non Operating Interest Income Expense": NaN,
        "Interest Expense Non Operating": NaN,
        "Interest Income Non Operating": NaN,
        "Operating Income": NaN,
        "Operating Expense": NaN,
        "Research And Development": NaN,
        "Selling General And Administration": NaN,
        "Selling And Marketing Expense": NaN,
        "General And Administrative Expense": NaN,
        "Other Gand A": NaN,
        "Salaries And Wages": NaN,
        "Gross Profit": NaN,
        "Cost Of Revenue": NaN,
        "Total Revenue": NaN,
        "Operating Revenue": NaN
    },
    "2022-09-30": {
        "Tax Effect Of Unusual Items": NaN,
        "Tax Rate For Calcs": NaN,
        "Normalized EBITDA": NaN,
        "Total Unusual Items": NaN,
        "Total Unusual Items Excluding Goodwill": NaN,
        "Net Income From Continuing Operation Net Minority Interest": NaN,
        "Reconciled Depreciation": NaN,
        "Reconciled Cost Of Revenue": NaN,
        "EBITDA": NaN,
        "EBIT": NaN,
        "Net Interest Income": NaN,
        "Interest Expense": NaN,
        "Interest Income": NaN,
        "Normalized Income": NaN,
        "Net Income From Continuing And Discontinued Operation": NaN,
        "Total Expenses": NaN,
        "Total Operating Income As Reported": NaN,
        "Diluted Average Shares": NaN,
        "Basic Average Shares": NaN,
        "Diluted EPS": NaN,
        "Basic EPS": NaN,
        "Diluted NI Availto Com Stockholders": NaN,
        "Average Dilution Earnings": NaN,
        "Net Income Common Stockholders": NaN,
        "Net Income": NaN,
        "Net Income Including Noncontrolling Interests": NaN,
        "Net Income Continuous Operations": NaN,
        "Pretax Income": NaN,
        "Other Income Expense": NaN,
        "Other Non Operating Income Expenses": 1000.0,
        "Special Income Charges": 0.0,
        "Other Special Charges": NaN,
        "Gain On Sale Of Security": NaN,
        "Net Non Operating Interest Income Expense": NaN,
        "Interest Expense Non Operating": NaN,
        "Interest Income Non Operating": NaN,
        "Operating Income": NaN,
        "Operating Expense": NaN,
        "Research And Development": NaN,
        "Selling General And Administration": NaN,
        "Selling And Marketing Expense": NaN,
        "General And Administrative Expense": NaN,
        "Other Gand A": NaN,
        "Salaries And Wages": NaN,
        "Gross Profit": NaN,
        "Cost Of Revenue": NaN,
        "Total Revenue": NaN,
        "Operating Revenue": NaN
    },
    "2022-06-30": {
        "Tax Effect Of Unusual Items": 0.0,
        "Tax Rate For Calcs": 0.0,
        "Normalized EBITDA": -19291000.0,
        "Total Unusual Items": 2773000.0,
        "Total Unusual Items Excluding Goodwill": 2773000.0,
        "Net Income From Continuing Operation Net Minority Interest": -18766000.0,
        "Reconciled Depreciation": 552000.0,
        "Reconciled Cost Of Revenue": 1155000.0,
        "EBITDA": -16518000.0,
        "EBIT": -17070000.0,
        "Net Interest Income": -1623000.0,
        "Interest Expense": 1696000.0,
        "Interest Income": 73000.0,
        "Normalized Income": -21539000.0,
        "Net Income From Continuing And Discontinued Operation": -18766000.0,
        "Total Expenses": 32182000.0,
        "Total Operating Income As Reported": -19916000.0,
        "Diluted Average Shares": 82533528.0,
        "Basic Average Shares": 76764296.0,
        "Diluted EPS": -0.25,
        "Basic EPS": -0.24,
        "Diluted NI Availto Com Stockholders": -20398000.0,
        "Average Dilution Earnings": -1632000.0,
        "Net Income Common Stockholders": -18766000.0,
        "Net Income": -18766000.0,
        "Net Income Including Noncontrolling Interests": -18766000.0,
        "Net Income Continuous Operations": -18766000.0,
        "Pretax Income": -18766000.0,
        "Other Income Expense": 2773000.0,
        "Other Non Operating Income Expenses": NaN,
        "Gain On Sale Of Security": 2773000.0,
        "Net Non Operating Interest Income Expense": -1623000.0,
        "Interest Expense Non Operating": 1696000.0,
        "Interest Income Non Operating": 73000.0,
        "Operating Income": -19916000.0,
        "Operating Expense": 31027000.0,
        "Research And Development": 13100000.0,
        "Selling General And Administration": 17927000.0,
        "Selling And Marketing Expense": 10140000.0,
        "General And Administrative Expense": 7787000.0,
        "Other Gand A": 3267000.0,
        "Salaries And Wages": 4520000.0,
        "Gross Profit": 11111000.0,
        "Cost Of Revenue": 1155000.0,
        "Total Revenue": 12266000.0,
        "Operating Revenue": 12266000.0
    },
    "2022-03-31": {
        "Diluted EPS": -0.22,
        "Total Revenue": 13,
        "Gross Profit": 12,
        "Operating Income": -18,
        "EBIT": -17,
        "Net Income": -13
    },
    "2021-12-31": {
        "Diluted EPS": -0.26,
        "Total Revenue": 12,
        "Gross Profit": 11,
        "Operating Income": -18,
        "EBIT": -17,
        "Net Income": -4
    },
    "2021-09-30": {
        "Diluted EPS": -0.23,
        "Total Revenue": 12,
        "Gross Profit": 11,
        "Operating Income": -20,
        "EBIT": -19,
        "Net Income": 3
    },
    "2021-06-30": {
        "Diluted EPS": -0.25,
        "Total Revenue": 12,
        "Gross Profit": 11,
        "Operating Income": -20,
        "EBIT": -20,
        "Net Income": -8
    },
    "2021-03-31": {
        "Diluted EPS": -0.24,
        "Total Revenue": 7,
        "Gross Profit": 6,
        "Operating Income": -20,
        "EBIT": -20,
        "Net Income": 3
    },
    "2020-12-31": {
        "Diluted EPS": -1.3,
        "Total Revenue": 7,
        "Gross Profit": 7,
        "Operating Income": -14,
        "EBIT": -14,
        "Net Income": -86
    },
    "2020-09-30": {
        "Diluted EPS": -0.21,
        "Total Revenue": 6,
        "Gross Profit": 5,
        "Operating Income": -14,
        "EBIT": -13,
        "Net Income": -12
    },
    "2020-06-30": {
        "Diluted EPS": -0.64,
        "Total Revenue": 2,
        "Gross Profit": 1,
        "Operating Income": -18,
        "EBIT": -17,
        "Net Income": -37
    },
    "2020-03-31": {
        "Diluted EPS": -0.41,
        "Total Revenue": 3,
        "Gross Profit": 2,
        "Operating Income": -17,
        "EBIT": -16,
        "Net Income": -22
    },
    "2019-12-31": {
        "Diluted EPS": -0.44,
        "Total Revenue": 2,
        "Gross Profit": 1,
        "Operating Income": -21,
        "EBIT": -21,
        "Net Income": -26
    },
    "2019-09-30": {
        "Diluted EPS": -0.45,
        "Total Revenue": 1,
        "Gross Profit": 0,
        "Operating Income": -23,
        "EBIT": -23,
        "Net Income": -19
    },
    "2019-06-30": {
        "Diluted EPS": -0.57,
        "Total Revenue": 1,
        "Gross Profit": 0,
        "Operating Income": -22,
        "EBIT": -21,
        "Net Income": -24
    },
    "2019-03-31": {
        "Diluted EPS": -0.45,
        "Total Revenue": 0,
        "Gross Profit": 0,
        "Operating Income": -20,
        "EBIT": -19,
        "Net Income": -17
    },
    "2018-12-31": {
        "Diluted EPS": -0.42,
        "Total Revenue": 1,
        "Gross Profit": 0,
        "Operating Income": -17,
        "EBIT": -17,
        "Net Income": -17
    },
    "2018-09-30": {
        "Diluted EPS": -0.38,
        "Total Revenue": 0,
        "Gross Profit": 0,
        "Operating Income": -15,
        "EBIT": -14,
        "Net Income": -15
    },
    "2018-06-30": {
        "Diluted EPS": -0.37,
        "Total Revenue": 1,
        "Gross Profit": 0,
        "Operating Income": -14,
        "EBIT": -13,
        "Net Income": -14
    },
    "2018-03-31": {
        "Diluted EPS": -0.4,
        "Total Revenue": 0,
        "Gross Profit": 0,
        "Operating Income": -13,
        "EBIT": -13,
        "Net Income": -14
    },
    "2017-12-31": {
        "Diluted EPS": -0.44,
        "Total Revenue": 0,
        "Gross Profit": 0,
        "Operating Income": -13,
        "EBIT": -12,
        "Net Income": -13
    },
    "2017-09-30": {
        "Diluted EPS": -0.54,
        "Total Revenue": 1,
        "Gross Profit": 0,
        "Operating Income": -15,
        "EBIT": -15,
        "Net Income": -16
    },
    "2017-06-30": {
        "Diluted EPS": -0.64,
        "Total Revenue": 0,
        "Gross Profit": 0,
        "Operating Income": -18,
        "EBIT": -18,
        "Net Income": -19
    },
    "2017-03-31": {
        "Diluted EPS": -0.58,
        "Total Revenue": 0,
        "Gross Profit": 0,
        "Operating Income": -16,
        "EBIT": -15,
        "Net Income": -16
    },
    "2016-12-31": {
        "Diluted EPS": -0.51,
        "Total Revenue": 1,
        "Gross Profit": 0,
        "Operating Income": -12,
        "EBIT": -12,
        "Net Income": -13
    },
    "2016-09-30": {
        "Diluted EPS": -0.39,
        "Total Revenue": 0,
        "Gross Profit": 0,
        "Operating Income": -9,
        "EBIT": -9,
        "Net Income": -10
    },
    "2016-06-30": {
        "Diluted EPS": -0.46,
        "Total Revenue": 0,
        "Gross Profit": 0,
        "Operating Income": -11,
        "EBIT": -11,
        "Net Income": -11
    },
    "2016-03-31": {
        "Diluted EPS": -0.44,
        "Total Revenue": 0,
        "Gross Profit": 0,
        "Operating Income": -11,
        "EBIT": -10,
        "Net Income": -11
    },
    "2015-12-31": {
        "Diluted EPS": -0.44,
        "Total Revenue": 0,
        "Gross Profit": 0,
        "Operating Income": -10,
        "EBIT": -10,
        "Net Income": -11
    },
    "2015-09-30": {
        "Diluted EPS": -0.47,
        "Total Revenue": 0,
        "Gross Profit": 0,
        "Operating Income": -11,
        "EBIT": -11,
        "Net Income": -12
    },
    "2015-06-30": {
        "Diluted EPS": -0.45,
        "Total Revenue": 0,
        "Gross Profit": 0,
        "Operating Income": -10,
        "EBIT": -9,
        "Net Income": -10
    },
    "2015-03-31": {
        "Diluted EPS": -0.35,
        "Total Revenue": 0,
        "Gross Profit": 0,
        "Operating Income": -7,
        "EBIT": -7,
        "Net Income": -8
    },
    "2014-12-31": {
        "Diluted EPS": 2.34,
        "Total Revenue": 1,
        "Gross Profit": 0,
        "Operating Income": -8,
        "EBIT": -7,
        "Net Income": -8
    },
    "2014-09-30": {
        "Diluted EPS": -0.48,
        "Total Revenue": 0,
        "Gross Profit": 0,
        "Operating Income": -7,
        "EBIT": -7,
        "Net Income": -7
    },
    "2014-06-30": {
        "Diluted EPS": -2.1,
        "Total Revenue": 0,
        "Gross Profit": 0,
        "Operating Income": -6,
        "EBIT": -6,
        "Net Income": -6
    },
    "2014-03-31": {
        "Diluted EPS": -2.45,
        "Total Revenue": 0,
        "Gross Profit": 0,
        "Operating Income": -7,
        "EBIT": -7,
        "Net Income": -7
    },
    "2013-12-31": {
        "Diluted EPS": 0.0,
        "Total Revenue": NaN,
        "Gross Profit": NaN,
        "Operating Income": NaN,
        "EBIT": NaN,
        "Net Income": NaN
    },
    "2013-09-30": {
        "Diluted EPS": -1.34,
        "Total Revenue": NaN,
        "Gross Profit": NaN,
        "Operating Income": -3,
        "EBIT": -3,
        "Net Income": -4
    },
    "2013-06-30": {
        "Diluted EPS": -1.19,
        "Total Revenue": NaN,
        "Gross Profit": NaN,
        "Operating Income": -3,
        "EBIT": -3,
        "Net Income": -3
    },
    "2012-12-31": {
        "Diluted EPS": 0.0,
        "Total Revenue": NaN,
        "Gross Profit": NaN,
        "Operating Income": NaN,
        "EBIT": NaN,
        "Net Income": NaN
    },
    "2023-06-30": {
        "Tax Effect Of Unusual Items": NaN,
        "Tax Rate For Calcs": NaN,
        "Normalized EBITDA": NaN,
        "Total Unusual Items": NaN,
        "Total Unusual Items Excluding Goodwill": NaN,
        "Net Income From Continuing Operation Net Minority Interest": NaN,
        "Reconciled Depreciation": NaN,
        "Reconciled Cost Of Revenue": NaN,
        "EBITDA": NaN,
        "EBIT": NaN,
        "Net Interest Income": NaN,
        "Interest Expense": NaN,
        "Interest Income": NaN,
        "Normalized Income": NaN,
        "Net Income From Continuing And Discontinued Operation": NaN,
        "Total Expenses": NaN,
        "Total Operating Income As Reported": NaN,
        "Diluted Average Shares": 78047705.0,
        "Basic Average Shares": 78047705.0,
        "Diluted EPS": -0.26,
        "Basic EPS": -0.26,
        "Diluted NI Availto Com Stockholders": NaN,
        "Average Dilution Earnings": NaN,
        "Net Income Common Stockholders": NaN,
        "Net Income": NaN,
        "Net Income Including Noncontrolling Interests": NaN,
        "Net Income Continuous Operations": NaN,
        "Pretax Income": NaN,
        "Other Income Expense": NaN,
        "Other Non Operating Income Expenses": NaN,
        "Special Income Charges": NaN,
        "Other Special Charges": NaN,
        "Gain On Sale Of Security": NaN,
        "Net Non Operating Interest Income Expense": NaN,
        "Interest Expense Non Operating": NaN,
        "Interest Income Non Operating": NaN,
        "Operating Income": NaN,
        "Operating Expense": NaN,
        "Research And Development": NaN,
        "Selling General And Administration": NaN,
        "Selling And Marketing Expense": NaN,
        "General And Administrative Expense": NaN,
        "Other Gand A": NaN,
        "Salaries And Wages": NaN,
        "Gross Profit": NaN,
        "Cost Of Revenue": NaN,
        "Total Revenue": NaN,
        "Operating Revenue": NaN
    },
    "2023-09-30": {
        "Tax Effect Of Unusual Items": NaN,
        "Tax Rate For Calcs": NaN,
        "Normalized EBITDA": NaN,
        "Total Unusual Items": NaN,
        "Total Unusual Items Excluding Goodwill": NaN,
        "Net Income From Continuing Operation Net Minority Interest": NaN,
        "Reconciled Depreciation": NaN,
        "Reconciled Cost Of Revenue": NaN,
        "EBITDA": NaN,
        "EBIT": NaN,
        "Net Interest Income": NaN,
        "Interest Expense": NaN,
        "Interest Income": NaN,
        "Normalized Income": NaN,
        "Net Income From Continuing And Discontinued Operation": NaN,
        "Total Expenses": NaN,
        "Total Operating Income As Reported": NaN,
        "Diluted Average Shares": NaN,
        "Basic Average Shares": NaN,
        "Diluted EPS": NaN,
        "Basic EPS": NaN,
        "Diluted NI Availto Com Stockholders": NaN,
        "Average Dilution Earnings": -21047000.0,
        "Net Income Common Stockholders": NaN,
        "Net Income": NaN,
        "Net Income Including Noncontrolling Interests": NaN,
        "Net Income Continuous Operations": NaN,
        "Pretax Income": NaN,
        "Other Income Expense": NaN,
        "Other Non Operating Income Expenses": NaN,
        "Special Income Charges": NaN,
        "Other Special Charges": -14190000.0,
        "Gain On Sale Of Security": NaN,
        "Net Non Operating Interest Income Expense": NaN,
        "Interest Expense Non Operating": NaN,
        "Interest Income Non Operating": NaN,
        "Operating Income": NaN,
        "Operating Expense": NaN,
        "Research And Development": NaN,
        "Selling General And Administration": NaN,
        "Selling And Marketing Expense": NaN,
        "General And Administrative Expense": NaN,
        "Other Gand A": NaN,
        "Salaries And Wages": NaN,
        "Gross Profit": NaN,
        "Cost Of Revenue": NaN,
        "Total Revenue": NaN,
        "Operating Revenue": NaN
    },
    "2023-12-31": {
        "Tax Effect Of Unusual Items": NaN,
        "Tax Rate For Calcs": NaN,
        "Normalized EBITDA": NaN,
        "Total Unusual Items": NaN,
        "Total Unusual Items Excluding Goodwill": NaN,
        "Net Income From Continuing Operation Net Minority Interest": NaN,
        "Reconciled Depreciation": NaN,
        "Reconciled Cost Of Revenue": NaN,
        "EBITDA": NaN,
        "EBIT": NaN,
        "Net Interest Income": NaN,
        "Interest Expense": NaN,
        "Interest Income": NaN,
        "Normalized Income": NaN,
        "Net Income From Continuing And Discontinued Operation": NaN,
        "Total Expenses": NaN,
        "Total Operating Income As Reported": NaN,
        "Diluted Average Shares": NaN,
        "Basic Average Shares": NaN,
        "Diluted EPS": NaN,
        "Basic EPS": NaN,
        "Diluted NI Availto Com Stockholders": NaN,
        "Average Dilution Earnings": 7154000.0,
        "Net Income Common Stockholders": NaN,
        "Net Income": NaN,
        "Net Income Including Noncontrolling Interests": NaN,
        "Net Income Continuous Operations": NaN,
        "Pretax Income": NaN,
        "Other Income Expense": NaN,
        "Other Non Operating Income Expenses": 0.0,
        "Special Income Charges": NaN,
        "Gain On Sale Of Ppe": NaN,
        "Other Special Charges": 0.0,
        "Gain On Sale Of Security": NaN,
        "Net Non Operating Interest Income Expense": NaN,
        "Interest Expense Non Operating": NaN,
        "Interest Income Non Operating": NaN,
        "Operating Income": NaN,
        "Operating Expense": NaN,
        "Research And Development": NaN,
        "Selling General And Administration": NaN,
        "Selling And Marketing Expense": NaN,
        "General And Administrative Expense": NaN,
        "Other Gand A": NaN,
        "Salaries And Wages": NaN,
        "Gross Profit": NaN,
        "Cost Of Revenue": NaN,
        "Total Revenue": NaN,
        "Operating Revenue": NaN
    },
    "2024-03-31": {
        "Tax Effect Of Unusual Items": NaN,
        "Tax Rate For Calcs": NaN,
        "Normalized EBITDA": NaN,
        "Total Unusual Items": NaN,
        "Total Unusual Items Excluding Goodwill": NaN,
        "Net Income From Continuing Operation Net Minority Interest": NaN,
        "Reconciled Depreciation": NaN,
        "Reconciled Cost Of Revenue": NaN,
        "EBITDA": NaN,
        "EBIT": NaN,
        "Net Interest Income": NaN,
        "Interest Expense": NaN,
        "Interest Income": NaN,
        "Normalized Income": NaN,
        "Net Income From Continuing And Discontinued Operation": NaN,
        "Total Expenses": NaN,
        "Total Operating Income As Reported": NaN,
        "Diluted Average Shares": NaN,
        "Basic Average Shares": NaN,
        "Diluted EPS": NaN,
        "Basic EPS": NaN,
        "Diluted NI Availto Com Stockholders": NaN,
        "Net Income Common Stockholders": NaN,
        "Net Income": NaN,
        "Net Income Including Noncontrolling Interests": NaN,
        "Net Income Continuous Operations": NaN,
        "Pretax Income": NaN,
        "Other Income Expense": NaN,
        "Special Income Charges": NaN,
        "Gain On Sale Of Ppe": NaN,
        "Other Special Charges": 27950000.0,
        "Gain On Sale Of Security": NaN,
        "Net Non Operating Interest Income Expense": NaN,
        "Interest Expense Non Operating": NaN,
        "Interest Income Non Operating": NaN,
        "Operating Income": NaN,
        "Operating Expense": NaN,
        "Research And Development": NaN,
        "Selling General And Administration": NaN,
        "Selling And Marketing Expense": NaN,
        "General And Administrative Expense": NaN,
        "Other Gand A": NaN,
        "Salaries And Wages": NaN,
        "Gross Profit": NaN,
        "Cost Of Revenue": NaN,
        "Total Revenue": NaN,
        "Operating Revenue": NaN
    },
    "2024-06-30": {
        "Tax Effect Of Unusual Items": NaN,
        "Tax Rate For Calcs": NaN,
        "Normalized EBITDA": NaN,
        "Total Unusual Items": NaN,
        "Total Unusual Items Excluding Goodwill": NaN,
        "Net Income From Continuing Operation Net Minority Interest": NaN,
        "Reconciled Depreciation": NaN,
        "Reconciled Cost Of Revenue": NaN,
        "EBITDA": NaN,
        "EBIT": NaN,
        "Net Interest Income": NaN,
        "Interest Expense": NaN,
        "Interest Income": NaN,
        "Normalized Income": NaN,
        "Net Income From Continuing And Discontinued Operation": NaN,
        "Total Expenses": NaN,
        "Total Operating Income As Reported": NaN,
        "Diluted Average Shares": NaN,
        "Basic Average Shares": NaN,
        "Diluted EPS": NaN,
        "Basic EPS": NaN,
        "Diluted NI Availto Com Stockholders": NaN,
        "Net Income Common Stockholders": NaN,
        "Net Income": NaN,
        "Net Income Including Noncontrolling Interests": NaN,
        "Net Income Continuous Operations": NaN,
        "Pretax Income": NaN,
        "Other Income Expense": NaN,
        "Special Income Charges": NaN,
        "Gain On Sale Of Ppe": 0.0,
        "Other Special Charges": NaN,
        "Gain On Sale Of Security": NaN,
        "Net Non Operating Interest Income Expense": NaN,
        "Interest Expense Non Operating": NaN,
        "Interest Income Non Operating": NaN,
        "Operating Income": NaN,
        "Operating Expense": NaN,
        "Research And Development": NaN,
        "Selling General And Administration": NaN,
        "Selling And Marketing Expense": NaN,
        "General And Administrative Expense": NaN,
        "Other Gand A": NaN,
        "Salaries And Wages": NaN,
        "Gross Profit": NaN,
        "Cost Of Revenue": NaN,
        "Total Revenue": NaN,
        "Operating Revenue": NaN
    },
    "2024-09-30": {
        "Tax Effect Of Unusual Items": 0.0,
        "Tax Rate For Calcs": 0.0,
        "Normalized EBITDA": -39386000.0,
        "Total Unusual Items": 7076000.0,
        "Total Unusual Items Excluding Goodwill": 7076000.0,
        "Net Income From Continuing Operation Net Minority Interest": -36493000.0,
        "Reconciled Depreciation": 959000.0,
        "Reconciled Cost Of Revenue": 1561000.0,
        "EBITDA": -32310000.0,
        "EBIT": -33269000.0,
        "Net Interest Income": 2429000.0,
        "Interest Expense": 3224000.0,
        "Interest Income": 5653000.0,
        "Normalized Income": -43569000.0,
        "Net Income From Continuing And Discontinued Operation": -36493000.0,
        "Total Expenses": 61423000.0,
        "Total Operating Income As Reported": -45998000.0,
        "Diluted Average Shares": 166992735.0,
        "Basic Average Shares": 166992735.0,
        "Diluted EPS": -0.22,
        "Basic EPS": -0.22,
        "Diluted NI Availto Com Stockholders": -36493000.0,
        "Net Income Common Stockholders": -36493000.0,
        "Net Income": -36493000.0,
        "Net Income Including Noncontrolling Interests": -36493000.0,
        "Net Income Continuous Operations": -36493000.0,
        "Pretax Income": -36493000.0,
        "Other Income Expense": 7076000.0,
        "Special Income Charges": 0.0,
        "Gain On Sale Of Ppe": NaN,
        "Other Special Charges": NaN,
        "Gain On Sale Of Security": 7076000.0,
        "Net Non Operating Interest Income Expense": 2429000.0,
        "Interest Expense Non Operating": 3224000.0,
        "Interest Income Non Operating": 5653000.0,
        "Operating Income": -45998000.0,
        "Operating Expense": 59862000.0,
        "Research And Development": 37054000.0,
        "Selling General And Administration": 22808000.0,
        "Selling And Marketing Expense": 1251000.0,
        "General And Administrative Expense": 21557000.0,
        "Other Gand A": 8082000.0,
        "Salaries And Wages": 13475000.0,
        "Gross Profit": 13864000.0,
        "Cost Of Revenue": 1561000.0,
        "Total Revenue": 15425000.0,
        "Operating Revenue": 15425000.0
    },
    "2024-12-31": {
        "Tax Effect Of Unusual Items": 0.0,
        "Tax Rate For Calcs": 0.0,
        "Normalized EBITDA": -44954000.0,
        "Total Unusual Items": 623000.0,
        "Total Unusual Items Excluding Goodwill": 623000.0,
        "Net Income From Continuing Operation Net Minority Interest": -48388000.0,
        "Reconciled Depreciation": 951000.0,
        "Reconciled Cost Of Revenue": 1230000.0,
        "EBITDA": -44331000.0,
        "EBIT": -45282000.0,
        "Net Interest Income": 1565000.0,
        "Interest Expense": 3106000.0,
        "Interest Income": 4671000.0,
        "Normalized Income": -49011000.0,
        "Net Income From Continuing And Discontinued Operation": -48388000.0,
        "Total Expenses": 67658000.0,
        "Total Operating Income As Reported": -50576000.0,
        "Diluted Average Shares": 168019285.0,
        "Basic Average Shares": 168019285.0,
        "Diluted EPS": -0.29,
        "Basic EPS": -0.29,
        "Diluted NI Availto Com Stockholders": -48388000.0,
        "Net Income Common Stockholders": -48388000.0,
        "Net Income": -48388000.0,
        "Net Income Including Noncontrolling Interests": -48388000.0,
        "Net Income Continuous Operations": -48388000.0,
        "Pretax Income": -48388000.0,
        "Other Income Expense": 623000.0,
        "Special Income Charges": 0.0,
        "Gain On Sale Of Ppe": NaN,
        "Other Special Charges": 0.0,
        "Gain On Sale Of Security": 623000.0,
        "Net Non Operating Interest Income Expense": 1565000.0,
        "Interest Expense Non Operating": 3106000.0,
        "Interest Income Non Operating": 4671000.0,
        "Operating Income": -50576000.0,
        "Operating Expense": 66428000.0,
        "Research And Development": 40989000.0,
        "Selling General And Administration": 25439000.0,
        "Selling And Marketing Expense": 1319000.0,
        "General And Administrative Expense": 24120000.0,
        "Other Gand A": 8221000.0,
        "Salaries And Wages": 15899000.0,
        "Gross Profit": 15852000.0,
        "Cost Of Revenue": 1230000.0,
        "Total Revenue": 17082000.0,
        "Operating Revenue": 17082000.0
    },
    "2025-03-31": {
        "Tax Effect Of Unusual Items": 0.0,
        "Tax Rate For Calcs": 0.0,
        "Normalized EBITDA": -59110000.0,
        "Total Unusual Items": -978000.0,
        "Total Unusual Items Excluding Goodwill": -978000.0,
        "Net Income From Continuing Operation Net Minority Interest": -64053000.0,
        "Reconciled Depreciation": 981000.0,
        "Reconciled Cost Of Revenue": 1262000.0,
        "EBITDA": -60088000.0,
        "EBIT": -61069000.0,
        "Net Interest Income": 842000.0,
        "Interest Expense": 2984000.0,
        "Interest Income": 3826000.0,
        "Normalized Income": -63075000.0,
        "Net Income From Continuing And Discontinued Operation": -64053000.0,
        "Total Expenses": 74615000.0,
        "Total Operating Income As Reported": -63917000.0,
        "Diluted Average Shares": 169396989.0,
        "Basic Average Shares": 169396989.0,
        "Diluted EPS": -0.38,
        "Basic EPS": -0.38,
        "Diluted NI Availto Com Stockholders": -64053000.0,
        "Net Income Common Stockholders": -64053000.0,
        "Net Income": -64053000.0,
        "Net Income Including Noncontrolling Interests": -64053000.0,
        "Net Income Continuous Operations": -64053000.0,
        "Pretax Income": -64053000.0,
        "Other Income Expense": -978000.0,
        "Special Income Charges": 0.0,
        "Gain On Sale Of Ppe": NaN,
        "Other Special Charges": NaN,
        "Gain On Sale Of Security": -978000.0,
        "Net Non Operating Interest Income Expense": 842000.0,
        "Interest Expense Non Operating": 2984000.0,
        "Interest Income Non Operating": 3826000.0,
        "Operating Income": -63917000.0,
        "Operating Expense": 73353000.0,
        "Research And Development": 42857000.0,
        "Selling General And Administration": 30496000.0,
        "Selling And Marketing Expense": 1562000.0,
        "General And Administrative Expense": 28934000.0,
        "Other Gand A": 9193000.0,
        "Salaries And Wages": 19741000.0,
        "Gross Profit": 9436000.0,
        "Cost Of Revenue": 1262000.0,
        "Total Revenue": 10698000.0,
        "Operating Revenue": 10698000.0
    },
    "2025-06-30": {
        "Tax Effect Of Unusual Items": 0.0,
        "Tax Rate For Calcs": 0.0,
        "Normalized EBITDA": -63160000.0,
        "Total Unusual Items": -612000.0,
        "Total Unusual Items Excluding Goodwill": -612000.0,
        "Net Income From Continuing Operation Net Minority Interest": -67814000.0,
        "Reconciled Depreciation": 1026000.0,
        "Reconciled Cost Of Revenue": 1944000.0,
        "EBITDA": -63772000.0,
        "EBIT": -64798000.0,
        "Net Interest Income": 439000.0,
        "Interest Expense": 3016000.0,
        "Interest Income": 3455000.0,
        "Normalized Income": -67202000.0,
        "Net Income From Continuing And Discontinued Operation": -67814000.0,
        "Total Expenses": 81100000.0,
        "Total Operating Income As Reported": -67641000.0,
        "Diluted Average Shares": 172594662.0,
        "Basic Average Shares": 172594662.0,
        "Diluted EPS": -0.39,
        "Basic EPS": -0.39,
        "Diluted NI Availto Com Stockholders": -67814000.0,
        "Net Income Common Stockholders": -67814000.0,
        "Net Income": -67814000.0,
        "Net Income Including Noncontrolling Interests": -67814000.0,
        "Net Income Continuous Operations": -67814000.0,
        "Pretax Income": -67814000.0,
        "Other Income Expense": -612000.0,
        "Special Income Charges": 29000.0,
        "Gain On Sale Of Ppe": 29000.0,
        "Other Special Charges": NaN,
        "Gain On Sale Of Security": -641000.0,
        "Net Non Operating Interest Income Expense": 439000.0,
        "Interest Expense Non Operating": 3016000.0,
        "Interest Income Non Operating": 3455000.0,
        "Operating Income": -67641000.0,
        "Operating Expense": 79156000.0,
        "Research And Development": 51081000.0,
        "Selling General And Administration": 28075000.0,
        "Selling And Marketing Expense": 1519000.0,
        "General And Administrative Expense": 26556000.0,
        "Other Gand A": 9126000.0,
        "Salaries And Wages": 17430000.0,
        "Gross Profit": 11515000.0,
        "Cost Of Revenue": 1944000.0,
        "Total Revenue": 13459000.0,
        "Operating Revenue": 13459000.0
    },
    "2025-09-30": {
        "Tax Effect Of Unusual Items": 0.0,
        "Tax Rate For Calcs": 0.0,
        "Normalized EBITDA": -63900000.0,
        "Total Unusual Items": -1447000.0,
        "Total Unusual Items Excluding Goodwill": -1447000.0,
        "Net Income From Continuing Operation Net Minority Interest": -69418000.0,
        "Reconciled Depreciation": 1069000.0,
        "Reconciled Cost Of Revenue": 1774000.0,
        "EBITDA": -65347000.0,
        "EBIT": -66416000.0,
        "Net Interest Income": 727000.0,
        "Interest Expense": 3002000.0,
        "Interest Income": 3729000.0,
        "Normalized Income": -67971000.0,
        "Net Income From Continuing And Discontinued Operation": -69418000.0,
        "Total Expenses": 83242000.0,
        "Total Operating Income As Reported": -68698000.0,
        "Diluted Average Shares": 183919808.0,
        "Basic Average Shares": 183919808.0,
        "Diluted EPS": -0.38,
        "Basic EPS": -0.38,
        "Diluted NI Availto Com Stockholders": -69418000.0,
        "Net Income Common Stockholders": -69418000.0,
        "Net Income": -69418000.0,
        "Net Income Including Noncontrolling Interests": -69418000.0,
        "Net Income Continuous Operations": -69418000.0,
        "Pretax Income": -69418000.0,
        "Other Income Expense": -1447000.0,
        "Special Income Charges": 0.0,
        "Gain On Sale Of Ppe": 0.0,
        "Other Special Charges": NaN,
        "Gain On Sale Of Security": -1447000.0,
        "Net Non Operating Interest Income Expense": 727000.0,
        "Interest Expense Non Operating": 3002000.0,
        "Interest Income Non Operating": 3729000.0,
        "Operating Income": -68698000.0,
        "Operating Expense": 81468000.0,
        "Research And Development": 52358000.0,
        "Selling General And Administration": 29110000.0,
        "Selling And Marketing Expense": 1438000.0,
        "General And Administrative Expense": 27672000.0,
        "Other Gand A": 8329000.0,
        "Salaries And Wages": 19343000.0,
        "Gross Profit": 12770000.0,
        "Cost Of Revenue": 1774000.0,
        "Total Revenue": 14544000.0,
        "Operating Revenue": 14544000.0
    }
}