{
    "2023-03-31": {
        "Tax Effect Of Unusual Items": NaN,
        "Tax Rate For Calcs": NaN,
        "Normalized EBITDA": NaN,
        "Total Unusual Items": -27000.0,
        "Total Unusual Items Excluding Goodwill": -27000.0,
        "Net Income From Continuing Operation Net Minority Interest": NaN,
        "Reconciled Depreciation": NaN,
        "EBITDA": NaN,
        "EBIT": NaN,
        "Net Interest Income": 367000.0,
        "Interest Expense": 0.0,
        "Interest Income": 367000.0,
        "Normalized Income": NaN,
        "Net Income From Continuing And Discontinued Operation": NaN,
        "Total Expenses": NaN,
        "Total Operating Income As Reported": NaN,
        "Diluted Average Shares": 20939607.0,
        "Basic Average Shares": 20939607.0,
        "Diluted EPS": -0.28,
        "Basic EPS": -0.28,
        "Diluted NI Availto Com Stockholders": NaN,
        "Net Income Common Stockholders": NaN,
        "Net Income": NaN,
        "Net Income Including Noncontrolling Interests": NaN,
        "Net Income Continuous Operations": NaN,
        "Tax Provision": NaN,
        "Pretax Income": NaN,
        "Other Income Expense": NaN,
        "Other Non Operating Income Expenses": NaN,
        "Gain On Sale Of Security": -27000.0,
        "Net Non Operating Interest Income Expense": 367000.0,
        "Total Other Finance Cost": NaN,
        "Interest Expense Non Operating": 0.0,
        "Interest Income Non Operating": 367000.0,
        "Operating Income": NaN,
        "Operating Expense": NaN,
        "Research And Development": NaN,
        "Selling General And Administration": NaN,
        "General And Administrative Expense": NaN,
        "Other Gand A": NaN,
        "Total Revenue": NaN,
        "Operating Revenue": NaN
    },
    "2022-12-31": {
        "Tax Effect Of Unusual Items": NaN,
        "Tax Rate For Calcs": NaN,
        "Normalized EBITDA": NaN,
        "Total Unusual Items": NaN,
        "Total Unusual Items Excluding Goodwill": NaN,
        "Net Income From Continuing Operation Net Minority Interest": NaN,
        "Reconciled Depreciation": NaN,
        "EBITDA": NaN,
        "EBIT": NaN,
        "Net Interest Income": NaN,
        "Interest Expense": 0.0,
        "Interest Income": NaN,
        "Normalized Income": NaN,
        "Net Income From Continuing And Discontinued Operation": NaN,
        "Total Expenses": NaN,
        "Total Operating Income As Reported": NaN,
        "Diluted Average Shares": NaN,
        "Basic Average Shares": NaN,
        "Diluted EPS": NaN,
        "Basic EPS": NaN,
        "Diluted NI Availto Com Stockholders": NaN,
        "Net Income Common Stockholders": NaN,
        "Net Income": NaN,
        "Net Income Including Noncontrolling Interests": NaN,
        "Net Income Continuous Operations": NaN,
        "Tax Provision": NaN,
        "Pretax Income": NaN,
        "Other Income Expense": NaN,
        "Other Non Operating Income Expenses": NaN,
        "Gain On Sale Of Security": NaN,
        "Net Non Operating Interest Income Expense": NaN,
        "Total Other Finance Cost": NaN,
        "Interest Expense Non Operating": 0.0,
        "Interest Income Non Operating": NaN,
        "Operating Income": NaN,
        "Operating Expense": NaN,
        "Research And Development": NaN,
        "Selling General And Administration": NaN,
        "General And Administrative Expense": 2054000.0,
        "Other Gand A": 2054000.0,
        "Total Revenue": NaN,
        "Operating Revenue": NaN
    },
    "2022-09-30": {
        "Tax Effect Of Unusual Items": NaN,
        "Tax Rate For Calcs": NaN,
        "Normalized EBITDA": NaN,
        "Total Unusual Items": NaN,
        "Total Unusual Items Excluding Goodwill": NaN,
        "Net Income From Continuing Operation Net Minority Interest": NaN,
        "Reconciled Depreciation": NaN,
        "EBITDA": NaN,
        "EBIT": NaN,
        "Net Interest Income": NaN,
        "Interest Expense": NaN,
        "Interest Income": NaN,
        "Normalized Income": NaN,
        "Net Income From Continuing And Discontinued Operation": NaN,
        "Total Expenses": NaN,
        "Total Operating Income As Reported": NaN,
        "Diluted Average Shares": NaN,
        "Basic Average Shares": NaN,
        "Diluted EPS": NaN,
        "Basic EPS": NaN,
        "Diluted NI Availto Com Stockholders": NaN,
        "Net Income Common Stockholders": NaN,
        "Net Income": NaN,
        "Net Income Including Noncontrolling Interests": NaN,
        "Net Income Continuous Operations": NaN,
        "Tax Provision": NaN,
        "Pretax Income": NaN,
        "Other Income Expense": NaN,
        "Other Non Operating Income Expenses": NaN,
        "Gain On Sale Of Security": NaN,
        "Net Non Operating Interest Income Expense": NaN,
        "Total Other Finance Cost": NaN,
        "Interest Expense Non Operating": NaN,
        "Interest Income Non Operating": NaN,
        "Operating Income": NaN,
        "Operating Expense": NaN,
        "Research And Development": NaN,
        "Selling General And Administration": NaN,
        "General And Administrative Expense": 1703000.0,
        "Other Gand A": 1703000.0,
        "Total Revenue": NaN,
        "Operating Revenue": NaN
    },
    "2022-06-30": {
        "Tax Effect Of Unusual Items": 0.0,
        "Tax Rate For Calcs": 0.0,
        "Normalized EBITDA": -4922000.0,
        "Net Income From Continuing Operation Net Minority Interest": -4927000.0,
        "Reconciled Depreciation": 1000.0,
        "EBITDA": -4922000.0,
        "EBIT": -4923000.0,
        "Net Interest Income": -4000.0,
        "Interest Expense": 4000.0,
        "Normalized Income": -4927000.0,
        "Net Income From Continuing And Discontinued Operation": -4927000.0,
        "Total Expenses": 4938000.0,
        "Total Operating Income As Reported": -4938000.0,
        "Diluted Average Shares": 19502563.0,
        "Basic Average Shares": 19502563.0,
        "Diluted EPS": -0.25,
        "Basic EPS": -0.25,
        "Diluted NI Availto Com Stockholders": -4927000.0,
        "Net Income Common Stockholders": -4927000.0,
        "Net Income": -4927000.0,
        "Net Income Including Noncontrolling Interests": -4927000.0,
        "Net Income Continuous Operations": -4927000.0,
        "Tax Provision": 0.0,
        "Pretax Income": -4927000.0,
        "Other Income Expense": 15000.0,
        "Other Non Operating Income Expenses": 15000.0,
        "Net Non Operating Interest Income Expense": -4000.0,
        "Interest Expense Non Operating": 4000.0,
        "Operating Income": -4938000.0,
        "Operating Expense": 4938000.0,
        "Research And Development": 3162000.0,
        "Selling General And Administration": 1776000.0,
        "General And Administrative Expense": 1776000.0,
        "Other Gand A": 1776000.0,
        "Total Revenue": 0.0,
        "Operating Revenue": 0.0
    },
    "2022-03-31": {
        "Diluted EPS": -0.35,
        "Total Revenue": NaN,
        "Gross Profit": NaN,
        "Operating Income": -7,
        "EBIT": -7,
        "Net Income": -7
    },
    "2021-12-31": {
        "Diluted EPS": 0.52,
        "Total Revenue": 0,
        "Gross Profit": 0,
        "Operating Income": -6,
        "EBIT": -6,
        "Net Income": -6
    },
    "2021-09-30": {
        "Diluted EPS": -0.25,
        "Total Revenue": 0,
        "Gross Profit": 0,
        "Operating Income": -4,
        "EBIT": -4,
        "Net Income": -4
    },
    "2021-06-30": {
        "Diluted EPS": -0.52,
        "Total Revenue": 0,
        "Gross Profit": 0,
        "Operating Income": -7,
        "EBIT": -7,
        "Net Income": -7
    },
    "2021-03-31": {
        "Diluted EPS": -3.57,
        "Total Revenue": NaN,
        "Gross Profit": NaN,
        "Operating Income": -5,
        "EBIT": -5,
        "Net Income": -39
    },
    "2020-12-31": {
        "Diluted EPS": -3.65,
        "Total Revenue": NaN,
        "Gross Profit": NaN,
        "Operating Income": -14,
        "EBIT": -14,
        "Net Income": -19
    },
    "2020-09-30": {
        "Diluted EPS": -0.33,
        "Total Revenue": NaN,
        "Gross Profit": NaN,
        "Operating Income": -2,
        "EBIT": -2,
        "Net Income": -1
    },
    "2020-06-30": {
        "Diluted EPS": -0.43,
        "Total Revenue": NaN,
        "Gross Profit": NaN,
        "Operating Income": -1,
        "EBIT": -1,
        "Net Income": -2
    },
    "2020-03-31": {
        "Diluted EPS": -0.87,
        "Total Revenue": NaN,
        "Gross Profit": NaN,
        "Operating Income": -3,
        "EBIT": -3,
        "Net Income": -3
    },
    "2019-12-31": {
        "Diluted EPS": 4.71,
        "Total Revenue": NaN,
        "Gross Profit": NaN,
        "Operating Income": 5,
        "EBIT": 5,
        "Net Income": 1
    },
    "2019-09-30": {
        "Diluted EPS": -1.96,
        "Total Revenue": NaN,
        "Gross Profit": NaN,
        "Operating Income": -2,
        "EBIT": -2,
        "Net Income": -2
    },
    "2019-06-30": {
        "Diluted EPS": -2.44,
        "Total Revenue": NaN,
        "Gross Profit": NaN,
        "Operating Income": -3,
        "EBIT": -3,
        "Net Income": -2
    },
    "2019-03-31": {
        "Diluted EPS": -2.48,
        "Total Revenue": NaN,
        "Gross Profit": NaN,
        "Operating Income": -4,
        "EBIT": -4,
        "Net Income": -2
    },
    "2018-12-31": {
        "Diluted EPS": -3.96,
        "Total Revenue": NaN,
        "Gross Profit": NaN,
        "Operating Income": -5,
        "EBIT": -5,
        "Net Income": -3
    },
    "2018-09-30": {
        "Diluted EPS": -8.08,
        "Total Revenue": NaN,
        "Gross Profit": NaN,
        "Operating Income": -5,
        "EBIT": -5,
        "Net Income": -5
    },
    "2018-06-30": {
        "Diluted EPS": -5.8,
        "Total Revenue": NaN,
        "Gross Profit": NaN,
        "Operating Income": -5,
        "EBIT": -5,
        "Net Income": -4
    },
    "2018-03-31": {
        "Diluted EPS": -3.16,
        "Total Revenue": NaN,
        "Gross Profit": NaN,
        "Operating Income": -6,
        "EBIT": -6,
        "Net Income": -2
    },
    "2017-12-31": {
        "Diluted EPS": 0.0,
        "Total Revenue": NaN,
        "Gross Profit": NaN,
        "Operating Income": -5,
        "EBIT": -5,
        "Net Income": -4
    },
    "2017-09-30": {
        "Diluted EPS": -1.92,
        "Total Revenue": NaN,
        "Gross Profit": NaN,
        "Operating Income": -4,
        "EBIT": -4,
        "Net Income": -1
    },
    "2017-06-30": {
        "Diluted EPS": 1.44,
        "Total Revenue": NaN,
        "Gross Profit": NaN,
        "Operating Income": -4,
        "EBIT": -4,
        "Net Income": 1
    },
    "2017-03-31": {
        "Diluted EPS": -43.7,
        "Total Revenue": NaN,
        "Gross Profit": NaN,
        "Operating Income": -4,
        "EBIT": -4,
        "Net Income": -22
    },
    "2016-12-31": {
        "Diluted EPS": -0.96,
        "Total Revenue": NaN,
        "Gross Profit": NaN,
        "Operating Income": -4,
        "EBIT": -4,
        "Net Income": -1
    },
    "2016-09-30": {
        "Diluted EPS": -6.24,
        "Total Revenue": NaN,
        "Gross Profit": NaN,
        "Operating Income": -4,
        "EBIT": -4,
        "Net Income": -3
    },
    "2016-06-30": {
        "Diluted EPS": -3.84,
        "Total Revenue": NaN,
        "Gross Profit": NaN,
        "Operating Income": -4,
        "EBIT": -4,
        "Net Income": -2
    },
    "2016-03-31": {
        "Diluted EPS": -9.6,
        "Total Revenue": NaN,
        "Gross Profit": NaN,
        "Operating Income": -5,
        "EBIT": -5,
        "Net Income": -4
    },
    "2015-12-31": {
        "Diluted EPS": -9.12,
        "Total Revenue": NaN,
        "Gross Profit": NaN,
        "Operating Income": -4,
        "EBIT": -4,
        "Net Income": -3
    },
    "2015-09-30": {
        "Diluted EPS": -9.6,
        "Total Revenue": NaN,
        "Gross Profit": NaN,
        "Operating Income": -5,
        "EBIT": -5,
        "Net Income": -4
    },
    "2015-06-30": {
        "Diluted EPS": -9.6,
        "Total Revenue": NaN,
        "Gross Profit": NaN,
        "Operating Income": -5,
        "EBIT": -5,
        "Net Income": -3
    },
    "2015-03-31": {
        "Diluted EPS": -9.6,
        "Total Revenue": NaN,
        "Gross Profit": NaN,
        "Operating Income": -4,
        "EBIT": -4,
        "Net Income": -4
    },
    "2014-12-31": {
        "Diluted EPS": -4.8,
        "Total Revenue": NaN,
        "Gross Profit": NaN,
        "Operating Income": -4,
        "EBIT": -4,
        "Net Income": -2
    },
    "2014-09-30": {
        "Diluted EPS": -4.8,
        "Total Revenue": NaN,
        "Gross Profit": NaN,
        "Operating Income": -3,
        "EBIT": -3,
        "Net Income": -2
    },
    "2014-06-30": {
        "Diluted EPS": 0.0,
        "Total Revenue": NaN,
        "Gross Profit": NaN,
        "Operating Income": -4,
        "EBIT": -4,
        "Net Income": 0
    },
    "2014-03-31": {
        "Diluted EPS": -43.22,
        "Total Revenue": NaN,
        "Gross Profit": NaN,
        "Operating Income": -3,
        "EBIT": -3,
        "Net Income": -15
    },
    "2013-12-31": {
        "Diluted EPS": -4.8,
        "Total Revenue": NaN,
        "Gross Profit": NaN,
        "Operating Income": -2,
        "EBIT": -3,
        "Net Income": -3
    },
    "2013-09-30": {
        "Diluted EPS": -9.6,
        "Total Revenue": NaN,
        "Gross Profit": NaN,
        "Operating Income": -2,
        "EBIT": -2,
        "Net Income": -2
    },
    "2013-06-30": {
        "Diluted EPS": -14.41,
        "Total Revenue": NaN,
        "Gross Profit": NaN,
        "Operating Income": -2,
        "EBIT": -2,
        "Net Income": -3
    },
    "2013-03-31": {
        "Diluted EPS": -4.8,
        "Total Revenue": NaN,
        "Gross Profit": NaN,
        "Operating Income": -2,
        "EBIT": -2,
        "Net Income": -2
    },
    "2012-12-31": {
        "Diluted EPS": 0.0,
        "Total Revenue": NaN,
        "Gross Profit": NaN,
        "Operating Income": -1,
        "EBIT": -1,
        "Net Income": 0
    },
    "2012-09-30": {
        "Diluted EPS": -14.41,
        "Total Revenue": NaN,
        "Gross Profit": NaN,
        "Operating Income": -2,
        "EBIT": -2,
        "Net Income": -3
    },
    "2012-06-30": {
        "Diluted EPS": -4.8,
        "Total Revenue": NaN,
        "Gross Profit": NaN,
        "Operating Income": -2,
        "EBIT": -2,
        "Net Income": -1
    },
    "2012-03-31": {
        "Diluted EPS": -9.6,
        "Total Revenue": NaN,
        "Gross Profit": NaN,
        "Operating Income": -2,
        "EBIT": -2,
        "Net Income": -2
    },
    "2011-12-31": {
        "Diluted EPS": 4.8,
        "Total Revenue": NaN,
        "Gross Profit": NaN,
        "Operating Income": -2,
        "EBIT": -2,
        "Net Income": 0
    },
    "2011-09-30": {
        "Diluted EPS": -9.6,
        "Total Revenue": NaN,
        "Gross Profit": NaN,
        "Operating Income": -3,
        "EBIT": -3,
        "Net Income": -1
    },
    "2011-06-30": {
        "Diluted EPS": -28.81,
        "Total Revenue": NaN,
        "Gross Profit": NaN,
        "Operating Income": -6,
        "EBIT": -6,
        "Net Income": -6
    },
    "2011-03-31": {
        "Diluted EPS": -24.01,
        "Total Revenue": NaN,
        "Gross Profit": NaN,
        "Operating Income": -4,
        "EBIT": -4,
        "Net Income": -4
    },
    "2010-12-31": {
        "Diluted EPS": -9.6,
        "Total Revenue": NaN,
        "Gross Profit": NaN,
        "Operating Income": -3,
        "EBIT": -3,
        "Net Income": -3
    },
    "2010-09-30": {
        "Diluted EPS": 0.0,
        "Total Revenue": NaN,
        "Gross Profit": NaN,
        "Operating Income": -2,
        "EBIT": -2,
        "Net Income": 0
    },
    "2010-06-30": {
        "Diluted EPS": -24.01,
        "Total Revenue": 0,
        "Gross Profit": 0,
        "Operating Income": -3,
        "EBIT": -3,
        "Net Income": -4
    },
    "2010-03-31": {
        "Diluted EPS": -52.82,
        "Total Revenue": 0,
        "Gross Profit": 0,
        "Operating Income": -2,
        "EBIT": -2,
        "Net Income": -8
    },
    "2009-12-31": {
        "Diluted EPS": 14.41,
        "Total Revenue": NaN,
        "Gross Profit": NaN,
        "Operating Income": -2,
        "EBIT": -2,
        "Net Income": 2
    },
    "2009-09-30": {
        "Diluted EPS": -9.6,
        "Total Revenue": 0,
        "Gross Profit": 0,
        "Operating Income": -1,
        "EBIT": -1,
        "Net Income": -1
    },
    "2009-06-30": {
        "Diluted EPS": -14.41,
        "Total Revenue": 0,
        "Gross Profit": 0,
        "Operating Income": -2,
        "EBIT": -2,
        "Net Income": -2
    },
    "2009-03-31": {
        "Diluted EPS": -14.41,
        "Total Revenue": 0,
        "Gross Profit": 0,
        "Operating Income": -1,
        "EBIT": -1,
        "Net Income": -1
    },
    "2023-06-30": {
        "Tax Effect Of Unusual Items": 0.0,
        "Tax Rate For Calcs": 0.0,
        "Normalized EBITDA": -5388000.0,
        "Total Unusual Items": NaN,
        "Total Unusual Items Excluding Goodwill": NaN,
        "Net Income From Continuing Operation Net Minority Interest": -4961000.0,
        "Reconciled Depreciation": 1000.0,
        "EBITDA": -5388000.0,
        "EBIT": -5389000.0,
        "Net Interest Income": 0.0,
        "Interest Expense": 0.0,
        "Interest Income": NaN,
        "Normalized Income": -4961000.0,
        "Net Income From Continuing And Discontinued Operation": -4961000.0,
        "Total Expenses": 9063000.0,
        "Total Operating Income As Reported": -5389000.0,
        "Diluted Average Shares": 20959807.0,
        "Basic Average Shares": 20959807.0,
        "Diluted EPS": -0.24,
        "Basic EPS": -0.24,
        "Diluted NI Availto Com Stockholders": -4961000.0,
        "Net Income Common Stockholders": -4961000.0,
        "Net Income": -4961000.0,
        "Net Income Including Noncontrolling Interests": -4961000.0,
        "Net Income Continuous Operations": -4961000.0,
        "Tax Provision": 0.0,
        "Pretax Income": -4961000.0,
        "Other Income Expense": 428000.0,
        "Other Non Operating Income Expenses": 428000.0,
        "Gain On Sale Of Security": NaN,
        "Net Non Operating Interest Income Expense": 0.0,
        "Total Other Finance Cost": NaN,
        "Interest Expense Non Operating": 0.0,
        "Interest Income Non Operating": NaN,
        "Operating Income": -5389000.0,
        "Operating Expense": 9063000.0,
        "Research And Development": 4723000.0,
        "Selling General And Administration": 4340000.0,
        "General And Administrative Expense": 4340000.0,
        "Other Gand A": 4340000.0,
        "Total Revenue": 3674000.0,
        "Operating Revenue": 3674000.0
    },
    "2023-09-30": {
        "Tax Effect Of Unusual Items": 153.183857,
        "Tax Rate For Calcs": 0.002511,
        "Normalized EBITDA": 5515000.0,
        "Total Unusual Items": 61000.0,
        "Total Unusual Items Excluding Goodwill": 61000.0,
        "Net Income From Continuing Operation Net Minority Interest": 5561000.0,
        "Reconciled Depreciation": 1000.0,
        "EBITDA": 5576000.0,
        "EBIT": 5575000.0,
        "Net Interest Income": -1328000.0,
        "Interest Expense": 0.0,
        "Interest Income": NaN,
        "Normalized Income": 5500153.183857,
        "Net Income From Continuing And Discontinued Operation": 5561000.0,
        "Total Expenses": 5549000.0,
        "Total Operating Income As Reported": 6386000.0,
        "Diluted Average Shares": 22405995.0,
        "Basic Average Shares": 21446648.0,
        "Diluted EPS": 0.25,
        "Basic EPS": 0.26,
        "Diluted NI Availto Com Stockholders": 5561000.0,
        "Net Income Common Stockholders": 5561000.0,
        "Net Income": 5561000.0,
        "Net Income Including Noncontrolling Interests": 5561000.0,
        "Net Income Continuous Operations": 5561000.0,
        "Tax Provision": 14000.0,
        "Pretax Income": 5575000.0,
        "Other Income Expense": 517000.0,
        "Other Non Operating Income Expenses": 456000.0,
        "Gain On Sale Of Security": 61000.0,
        "Net Non Operating Interest Income Expense": -1328000.0,
        "Total Other Finance Cost": 1328000.0,
        "Interest Expense Non Operating": 0.0,
        "Interest Income Non Operating": NaN,
        "Operating Income": 6386000.0,
        "Operating Expense": 5549000.0,
        "Research And Development": 3494000.0,
        "Selling General And Administration": 2055000.0,
        "General And Administrative Expense": NaN,
        "Other Gand A": NaN,
        "Total Revenue": 11935000.0,
        "Operating Revenue": 11935000.0
    },
    "2023-12-31": {
        "Tax Effect Of Unusual Items": 7.921618,
        "Tax Rate For Calcs": 0.000417,
        "Normalized EBITDA": -4813000.0,
        "Total Unusual Items": 19000.0,
        "Total Unusual Items Excluding Goodwill": 19000.0,
        "Net Income From Continuing Operation Net Minority Interest": -4795000.0,
        "Reconciled Depreciation": 3000.0,
        "EBITDA": -4794000.0,
        "EBIT": -4797000.0,
        "Net Interest Income": 0.0,
        "Interest Expense": 0.0,
        "Interest Income": NaN,
        "Normalized Income": -4813992.078382,
        "Net Income From Continuing And Discontinued Operation": -4795000.0,
        "Total Expenses": 7120000.0,
        "Total Operating Income As Reported": -5429000.0,
        "Diluted Average Shares": NaN,
        "Basic Average Shares": NaN,
        "Diluted EPS": NaN,
        "Basic EPS": NaN,
        "Diluted NI Availto Com Stockholders": -4795000.0,
        "Net Income Common Stockholders": -4795000.0,
        "Net Income": -4795000.0,
        "Net Income Including Noncontrolling Interests": -4795000.0,
        "Net Income Continuous Operations": -4795000.0,
        "Tax Provision": -2000.0,
        "Pretax Income": -4797000.0,
        "Other Income Expense": 632000.0,
        "Other Non Operating Income Expenses": 613000.0,
        "Gain On Sale Of Security": 19000.0,
        "Net Non Operating Interest Income Expense": 0.0,
        "Total Other Finance Cost": 0.0,
        "Interest Expense Non Operating": 0.0,
        "Interest Income Non Operating": NaN,
        "Operating Income": -5429000.0,
        "Operating Expense": 7120000.0,
        "Research And Development": 3841000.0,
        "Selling General And Administration": 3279000.0,
        "General And Administrative Expense": NaN,
        "Other Gand A": NaN,
        "Total Revenue": 1691000.0,
        "Operating Revenue": 1691000.0
    },
    "2024-03-31": {
        "Tax Effect Of Unusual Items": 0.0,
        "Tax Rate For Calcs": 0.0,
        "Normalized EBITDA": -7708000.0,
        "Total Unusual Items": NaN,
        "Total Unusual Items Excluding Goodwill": NaN,
        "Net Income From Continuing Operation Net Minority Interest": -7106000.0,
        "Reconciled Depreciation": 0.0,
        "EBITDA": -7708000.0,
        "EBIT": -7708000.0,
        "Net Interest Income": 600000.0,
        "Interest Expense": NaN,
        "Interest Income": 600000.0,
        "Normalized Income": -7106000.0,
        "Net Income From Continuing And Discontinued Operation": -7106000.0,
        "Total Expenses": 9419000.0,
        "Total Operating Income As Reported": -7708000.0,
        "Diluted Average Shares": 24520475.0,
        "Basic Average Shares": 24520475.0,
        "Diluted EPS": -0.29,
        "Basic EPS": -0.29,
        "Diluted NI Availto Com Stockholders": -7106000.0,
        "Net Income Common Stockholders": -7106000.0,
        "Net Income": -7106000.0,
        "Net Income Including Noncontrolling Interests": -7106000.0,
        "Net Income Continuous Operations": -7106000.0,
        "Tax Provision": 0.0,
        "Pretax Income": -7106000.0,
        "Other Income Expense": 2000.0,
        "Other Non Operating Income Expenses": 2000.0,
        "Gain On Sale Of Security": NaN,
        "Net Non Operating Interest Income Expense": 600000.0,
        "Total Other Finance Cost": NaN,
        "Interest Expense Non Operating": NaN,
        "Interest Income Non Operating": 600000.0,
        "Operating Income": -7708000.0,
        "Operating Expense": 9419000.0,
        "Research And Development": 4749000.0,
        "Selling General And Administration": 4670000.0,
        "General And Administrative Expense": NaN,
        "Other Gand A": NaN,
        "Total Revenue": 1711000.0,
        "Operating Revenue": 1711000.0
    },
    "2024-06-30": {
        "Tax Effect Of Unusual Items": 0.0,
        "Tax Rate For Calcs": 0.0,
        "Normalized EBITDA": -8328000.0,
        "Total Unusual Items": NaN,
        "Total Unusual Items Excluding Goodwill": NaN,
        "Net Income From Continuing Operation Net Minority Interest": -7765000.0,
        "Reconciled Depreciation": 0.0,
        "EBITDA": -8328000.0,
        "EBIT": -8328000.0,
        "Net Interest Income": NaN,
        "Interest Expense": NaN,
        "Interest Income": NaN,
        "Normalized Income": -7765000.0,
        "Net Income From Continuing And Discontinued Operation": -7765000.0,
        "Total Expenses": 9440000.0,
        "Total Operating Income As Reported": -8328000.0,
        "Diluted Average Shares": 25827265.0,
        "Basic Average Shares": 25827265.0,
        "Diluted EPS": -0.3,
        "Basic EPS": -0.3,
        "Diluted NI Availto Com Stockholders": -7765000.0,
        "Net Income Common Stockholders": -7765000.0,
        "Net Income": -7765000.0,
        "Net Income Including Noncontrolling Interests": -7765000.0,
        "Net Income Continuous Operations": -7765000.0,
        "Tax Provision": 0.0,
        "Pretax Income": -7765000.0,
        "Other Income Expense": 563000.0,
        "Other Non Operating Income Expenses": 563000.0,
        "Gain On Sale Of Security": NaN,
        "Net Non Operating Interest Income Expense": NaN,
        "Total Other Finance Cost": NaN,
        "Interest Expense Non Operating": NaN,
        "Interest Income Non Operating": NaN,
        "Operating Income": -8328000.0,
        "Operating Expense": 9440000.0,
        "Research And Development": 6086000.0,
        "Selling General And Administration": 3354000.0,
        "General And Administrative Expense": 3354000.0,
        "Other Gand A": 3354000.0,
        "Total Revenue": 1112000.0,
        "Operating Revenue": 1112000.0
    }
}