{
    "2023-03-31": {
        "Tax Effect Of Unusual Items": NaN,
        "Tax Rate For Calcs": NaN,
        "Normalized EBITDA": NaN,
        "Total Unusual Items": NaN,
        "Total Unusual Items Excluding Goodwill": NaN,
        "Net Income From Continuing Operation Net Minority Interest": NaN,
        "Reconciled Depreciation": NaN,
        "Reconciled Cost Of Revenue": NaN,
        "EBITDA": NaN,
        "EBIT": NaN,
        "Net Interest Income": NaN,
        "Interest Expense": NaN,
        "Interest Income": NaN,
        "Normalized Income": NaN,
        "Net Income From Continuing And Discontinued Operation": NaN,
        "Total Expenses": NaN,
        "Total Operating Income As Reported": NaN,
        "Diluted Average Shares": NaN,
        "Basic Average Shares": NaN,
        "Diluted EPS": NaN,
        "Basic EPS": NaN,
        "Diluted NI Availto Com Stockholders": NaN,
        "Net Income Common Stockholders": NaN,
        "Net Income": NaN,
        "Net Income Including Noncontrolling Interests": NaN,
        "Net Income Discontinuous Operations": NaN,
        "Net Income Continuous Operations": NaN,
        "Tax Provision": NaN,
        "Pretax Income": NaN,
        "Other Income Expense": NaN,
        "Other Non Operating Income Expenses": NaN,
        "Special Income Charges": NaN,
        "Other Special Charges": NaN,
        "Write Off": NaN,
        "Restructuring And Mergern Acquisition": NaN,
        "Net Non Operating Interest Income Expense": NaN,
        "Interest Expense Non Operating": NaN,
        "Interest Income Non Operating": NaN,
        "Operating Income": NaN,
        "Operating Expense": NaN,
        "Selling General And Administration": NaN,
        "General And Administrative Expense": 382000000.0,
        "Other Gand A": 382000000.0,
        "Gross Profit": NaN,
        "Cost Of Revenue": NaN,
        "Total Revenue": NaN,
        "Operating Revenue": NaN
    },
    "2022-12-31": {
        "Tax Effect Of Unusual Items": NaN,
        "Tax Rate For Calcs": NaN,
        "Normalized EBITDA": NaN,
        "Total Unusual Items": NaN,
        "Total Unusual Items Excluding Goodwill": NaN,
        "Net Income From Continuing Operation Net Minority Interest": NaN,
        "Reconciled Depreciation": NaN,
        "Reconciled Cost Of Revenue": NaN,
        "EBITDA": NaN,
        "EBIT": NaN,
        "Net Interest Income": NaN,
        "Interest Expense": NaN,
        "Interest Income": NaN,
        "Normalized Income": NaN,
        "Net Income From Continuing And Discontinued Operation": NaN,
        "Total Expenses": NaN,
        "Total Operating Income As Reported": NaN,
        "Diluted Average Shares": 47222222.0,
        "Basic Average Shares": 44736842.0,
        "Diluted EPS": 0.36,
        "Basic EPS": 0.38,
        "Diluted NI Availto Com Stockholders": NaN,
        "Net Income Common Stockholders": NaN,
        "Net Income": NaN,
        "Net Income Including Noncontrolling Interests": NaN,
        "Net Income Discontinuous Operations": NaN,
        "Net Income Continuous Operations": NaN,
        "Tax Provision": NaN,
        "Pretax Income": NaN,
        "Other Income Expense": NaN,
        "Other Non Operating Income Expenses": 1000000.0,
        "Special Income Charges": NaN,
        "Write Off": NaN,
        "Restructuring And Mergern Acquisition": NaN,
        "Net Non Operating Interest Income Expense": NaN,
        "Interest Expense Non Operating": NaN,
        "Interest Income Non Operating": NaN,
        "Operating Income": NaN,
        "Operating Expense": NaN,
        "Selling General And Administration": NaN,
        "General And Administrative Expense": NaN,
        "Other Gand A": NaN,
        "Gross Profit": NaN,
        "Cost Of Revenue": NaN,
        "Total Revenue": NaN,
        "Operating Revenue": NaN
    },
    "2022-09-30": {
        "Tax Effect Of Unusual Items": 750000.0,
        "Tax Rate For Calcs": 0.25,
        "Normalized EBITDA": 119000000.0,
        "Total Unusual Items": 3000000.0,
        "Total Unusual Items Excluding Goodwill": 3000000.0,
        "Net Income From Continuing Operation Net Minority Interest": 67000000.0,
        "Reconciled Depreciation": 32000000.0,
        "Reconciled Cost Of Revenue": 1686000000.0,
        "EBITDA": 122000000.0,
        "EBIT": 90000000.0,
        "Net Interest Income": 0.0,
        "Interest Expense": 1000000.0,
        "Interest Income": 1000000.0,
        "Normalized Income": 64750000.0,
        "Net Income From Continuing And Discontinued Operation": 67000000.0,
        "Total Expenses": 2091000000.0,
        "Total Operating Income As Reported": 84000000.0,
        "Diluted Average Shares": 49000000.0,
        "Basic Average Shares": 48000000.0,
        "Diluted EPS": 1.35,
        "Basic EPS": 1.38,
        "Diluted NI Availto Com Stockholders": 67000000.0,
        "Net Income Common Stockholders": 67000000.0,
        "Net Income": 67000000.0,
        "Net Income Including Noncontrolling Interests": 67000000.0,
        "Net Income Discontinuous Operations": 0.0,
        "Net Income Continuous Operations": 67000000.0,
        "Tax Provision": 22000000.0,
        "Pretax Income": 89000000.0,
        "Other Income Expense": 8000000.0,
        "Other Non Operating Income Expenses": 5000000.0,
        "Special Income Charges": 3000000.0,
        "Write Off": 3000000.0,
        "Restructuring And Mergern Acquisition": -6000000.0,
        "Net Non Operating Interest Income Expense": 0.0,
        "Interest Expense Non Operating": 1000000.0,
        "Interest Income Non Operating": 1000000.0,
        "Operating Income": 81000000.0,
        "Operating Expense": 405000000.0,
        "Selling General And Administration": 405000000.0,
        "General And Administrative Expense": 405000000.0,
        "Other Gand A": 405000000.0,
        "Gross Profit": 486000000.0,
        "Cost Of Revenue": 1686000000.0,
        "Total Revenue": 2172000000.0,
        "Operating Revenue": 2172000000.0
    },
    "2022-06-30": {
        "Tax Effect Of Unusual Items": -870000.0,
        "Tax Rate For Calcs": 0.29,
        "Normalized EBITDA": 69000000.0,
        "Total Unusual Items": -3000000.0,
        "Total Unusual Items Excluding Goodwill": -3000000.0,
        "Net Income From Continuing Operation Net Minority Interest": 20000000.0,
        "Reconciled Depreciation": 34000000.0,
        "Reconciled Cost Of Revenue": 1603000000.0,
        "EBITDA": 66000000.0,
        "EBIT": 32000000.0,
        "Net Interest Income": -3000000.0,
        "Interest Expense": 4000000.0,
        "Interest Income": 1000000.0,
        "Normalized Income": 22130000.0,
        "Net Income From Continuing And Discontinued Operation": 27000000.0,
        "Total Expenses": 2003000000.0,
        "Total Operating Income As Reported": 28000000.0,
        "Diluted Average Shares": 50000000.0,
        "Basic Average Shares": 49000000.0,
        "Diluted EPS": 0.54,
        "Basic EPS": 0.55,
        "Diluted NI Availto Com Stockholders": 27000000.0,
        "Net Income Common Stockholders": 27000000.0,
        "Net Income": 27000000.0,
        "Net Income Including Noncontrolling Interests": 27000000.0,
        "Net Income Discontinuous Operations": 7000000.0,
        "Net Income Continuous Operations": 20000000.0,
        "Tax Provision": 8000000.0,
        "Pretax Income": 28000000.0,
        "Other Income Expense": NaN,
        "Other Non Operating Income Expenses": 3000000.0,
        "Special Income Charges": -3000000.0,
        "Write Off": NaN,
        "Impairment Of Capital Assets": 3000000.0,
        "Restructuring And Mergern Acquisition": 0.0,
        "Net Non Operating Interest Income Expense": -3000000.0,
        "Interest Expense Non Operating": 4000000.0,
        "Interest Income Non Operating": 1000000.0,
        "Operating Income": 31000000.0,
        "Operating Expense": 400000000.0,
        "Selling General And Administration": 400000000.0,
        "General And Administrative Expense": 400000000.0,
        "Other Gand A": 400000000.0,
        "Gross Profit": 431000000.0,
        "Cost Of Revenue": 1603000000.0,
        "Total Revenue": 2034000000.0,
        "Operating Revenue": 2034000000.0
    },
    "2022-03-31": {
        "Diluted EPS": 1.09,
        "Total Revenue": NaN,
        "Gross Profit": 484,
        "Operating Income": 76,
        "EBIT": 110,
        "Net Income": 55
    },
    "2021-12-31": {
        "Diluted EPS": -5.01,
        "Total Revenue": NaN,
        "Gross Profit": 432,
        "Operating Income": 31,
        "EBIT": 69,
        "Net Income": -274
    },
    "2021-09-30": {
        "Diluted EPS": 1.85,
        "Total Revenue": NaN,
        "Gross Profit": 504,
        "Operating Income": 104,
        "EBIT": 140,
        "Net Income": 101
    },
    "2021-06-30": {
        "Diluted EPS": -1.58,
        "Total Revenue": NaN,
        "Gross Profit": 432,
        "Operating Income": 30,
        "EBIT": 66,
        "Net Income": -88
    },
    "2021-03-31": {
        "Diluted EPS": 0.95,
        "Total Revenue": NaN,
        "Gross Profit": 495,
        "Operating Income": 69,
        "EBIT": 107,
        "Net Income": 53
    },
    "2020-12-31": {
        "Diluted EPS": 0.26,
        "Total Revenue": NaN,
        "Gross Profit": 359,
        "Operating Income": 280,
        "EBIT": 321,
        "Net Income": 18
    },
    "2020-09-30": {
        "Diluted EPS": 1.04,
        "Total Revenue": NaN,
        "Gross Profit": 547,
        "Operating Income": 102,
        "EBIT": 124,
        "Net Income": 57
    },
    "2020-06-30": {
        "Diluted EPS": -8.19,
        "Total Revenue": NaN,
        "Gross Profit": 416,
        "Operating Income": -456,
        "EBIT": -408,
        "Net Income": -439
    },
    "2020-03-31": {
        "Diluted EPS": 0.84,
        "Total Revenue": NaN,
        "Gross Profit": 629,
        "Operating Income": 80,
        "EBIT": 129,
        "Net Income": 45
    },
    "2019-12-31": {
        "Diluted EPS": 1.03,
        "Total Revenue": NaN,
        "Gross Profit": 362,
        "Operating Income": 107,
        "EBIT": 120,
        "Net Income": 55
    },
    "2019-09-30": {
        "Diluted EPS": 1.09,
        "Total Revenue": NaN,
        "Gross Profit": 667,
        "Operating Income": 108,
        "EBIT": 162,
        "Net Income": 60
    },
    "2019-06-30": {
        "Diluted EPS": -0.43,
        "Total Revenue": NaN,
        "Gross Profit": 585,
        "Operating Income": -15,
        "EBIT": 40,
        "Net Income": -24
    },
    "2019-03-31": {
        "Diluted EPS": 0.1,
        "Total Revenue": NaN,
        "Gross Profit": 641,
        "Operating Income": 24,
        "EBIT": 75,
        "Net Income": 8
    },
    "2018-12-31": {
        "Diluted EPS": -0.25,
        "Total Revenue": NaN,
        "Gross Profit": 602,
        "Operating Income": 24,
        "EBIT": 77,
        "Net Income": -13
    },
    "2018-09-30": {
        "Diluted EPS": 1.1,
        "Total Revenue": NaN,
        "Gross Profit": 686,
        "Operating Income": 105,
        "EBIT": 156,
        "Net Income": 60
    },
    "2018-06-30": {
        "Diluted EPS": 0.3,
        "Total Revenue": NaN,
        "Gross Profit": 596,
        "Operating Income": 48,
        "EBIT": 97,
        "Net Income": 16
    },
    "2018-03-31": {
        "Diluted EPS": 0.7,
        "Total Revenue": NaN,
        "Gross Profit": 667,
        "Operating Income": 77,
        "EBIT": 126,
        "Net Income": 41
    },
    "2017-12-31": {
        "Diluted EPS": -1.0,
        "Total Revenue": NaN,
        "Gross Profit": 608,
        "Operating Income": 57,
        "EBIT": 102,
        "Net Income": -51
    },
    "2017-09-30": {
        "Diluted EPS": 1.7,
        "Total Revenue": NaN,
        "Gross Profit": 633,
        "Operating Income": 105,
        "EBIT": 143,
        "Net Income": 92
    },
    "2017-06-30": {
        "Diluted EPS": 0.5,
        "Total Revenue": NaN,
        "Gross Profit": 545,
        "Operating Income": 41,
        "EBIT": 80,
        "Net Income": 24
    },
    "2017-03-31": {
        "Diluted EPS": 2.2,
        "Total Revenue": NaN,
        "Gross Profit": 675,
        "Operating Income": 124,
        "EBIT": 164,
        "Net Income": 116
    },
    "2016-12-31": {
        "Diluted EPS": 1.5,
        "Total Revenue": NaN,
        "Gross Profit": 654,
        "Operating Income": 45,
        "EBIT": 89,
        "Net Income": 80
    },
    "2016-09-30": {
        "Diluted EPS": 3.5,
        "Total Revenue": NaN,
        "Gross Profit": 726,
        "Operating Income": 117,
        "EBIT": 160,
        "Net Income": 193
    },
    "2016-06-30": {
        "Diluted EPS": 3.8,
        "Total Revenue": NaN,
        "Gross Profit": 613,
        "Operating Income": 271,
        "EBIT": 320,
        "Net Income": 210
    },
    "2016-03-31": {
        "Diluted EPS": 0.8,
        "Total Revenue": NaN,
        "Gross Profit": 715,
        "Operating Income": 85,
        "EBIT": 133,
        "Net Income": 46
    },
    "2015-12-31": {
        "Diluted EPS": 0.3,
        "Total Revenue": NaN,
        "Gross Profit": 325,
        "Operating Income": 65,
        "EBIT": 121,
        "Net Income": 15
    },
    "2015-09-30": {
        "Diluted EPS": 0.1,
        "Total Revenue": NaN,
        "Gross Profit": 787,
        "Operating Income": 81,
        "EBIT": 128,
        "Net Income": 6
    },
    "2015-06-30": {
        "Diluted EPS": -1.1,
        "Total Revenue": NaN,
        "Gross Profit": 814,
        "Operating Income": -51,
        "EBIT": 25,
        "Net Income": -58
    },
    "2015-03-31": {
        "Diluted EPS": 0.8,
        "Total Revenue": NaN,
        "Gross Profit": 937,
        "Operating Income": 88,
        "EBIT": 162,
        "Net Income": 45
    },
    "2014-12-31": {
        "Diluted EPS": -1.4,
        "Total Revenue": 446,
        "Gross Profit": 91,
        "Operating Income": -13,
        "EBIT": 31,
        "Net Income": -84
    },
    "2014-09-30": {
        "Diluted EPS": 0.5,
        "Total Revenue": NaN,
        "Gross Profit": 987,
        "Operating Income": 49,
        "EBIT": 127,
        "Net Income": 29
    },
    "2014-06-30": {
        "Diluted EPS": -3.6,
        "Total Revenue": NaN,
        "Gross Profit": 883,
        "Operating Income": -185,
        "EBIT": -107,
        "Net Income": -190
    },
    "2014-03-31": {
        "Diluted EPS": -2.1,
        "Total Revenue": NaN,
        "Gross Profit": NaN,
        "Operating Income": -79,
        "EBIT": -2,
        "Net Income": -109
    },
    "2013-12-31": {
        "Diluted EPS": -4.1,
        "Total Revenue": NaN,
        "Gross Profit": 787,
        "Operating Income": -118,
        "EBIT": -54,
        "Net Income": -145
    },
    "2013-09-30": {
        "Diluted EPS": 4.1,
        "Total Revenue": NaN,
        "Gross Profit": 633,
        "Operating Income": -52,
        "EBIT": -3,
        "Net Income": 133
    },
    "2013-06-30": {
        "Diluted EPS": -2.3,
        "Total Revenue": NaN,
        "Gross Profit": 546,
        "Operating Income": -45,
        "EBIT": 2,
        "Net Income": -64
    },
    "2013-03-31": {
        "Diluted EPS": -0.6,
        "Total Revenue": NaN,
        "Gross Profit": 660,
        "Operating Income": 10,
        "EBIT": 59,
        "Net Income": -17
    },
    "2012-12-31": {
        "Diluted EPS": -0.5,
        "Total Revenue": NaN,
        "Gross Profit": 607,
        "Operating Income": 5,
        "EBIT": 57,
        "Net Income": -15
    },
    "2012-09-30": {
        "Diluted EPS": -2.5,
        "Total Revenue": NaN,
        "Gross Profit": 663,
        "Operating Income": -55,
        "EBIT": -6,
        "Net Income": -70
    },
    "2012-06-30": {
        "Diluted EPS": -2.3,
        "Total Revenue": NaN,
        "Gross Profit": 572,
        "Operating Income": -59,
        "EBIT": -8,
        "Net Income": -64
    },
    "2012-03-31": {
        "Diluted EPS": 1.4,
        "Total Revenue": NaN,
        "Gross Profit": 694,
        "Operating Income": 78,
        "EBIT": 129,
        "Net Income": 39
    },
    "2011-12-31": {
        "Diluted EPS": 1.0,
        "Total Revenue": NaN,
        "Gross Profit": 178,
        "Operating Income": 13,
        "EBIT": 66,
        "Net Income": 24
    },
    "2011-09-30": {
        "Diluted EPS": 2.8,
        "Total Revenue": NaN,
        "Gross Profit": 855,
        "Operating Income": 19,
        "EBIT": 73,
        "Net Income": 80
    },
    "2011-06-30": {
        "Diluted EPS": -1.1,
        "Total Revenue": NaN,
        "Gross Profit": 794,
        "Operating Income": -16,
        "EBIT": 37,
        "Net Income": -29
    },
    "2011-03-31": {
        "Diluted EPS": -0.5,
        "Total Revenue": NaN,
        "Gross Profit": 878,
        "Operating Income": 18,
        "EBIT": 70,
        "Net Income": -15
    },
    "2010-12-31": {
        "Diluted EPS": -4.0,
        "Total Revenue": NaN,
        "Gross Profit": 848,
        "Operating Income": -74,
        "EBIT": -21,
        "Net Income": -109
    },
    "2010-09-30": {
        "Diluted EPS": 1.2,
        "Total Revenue": NaN,
        "Gross Profit": 829,
        "Operating Income": 8,
        "EBIT": 60,
        "Net Income": 32
    },
    "2010-06-30": {
        "Diluted EPS": -0.9,
        "Total Revenue": NaN,
        "Gross Profit": 767,
        "Operating Income": -28,
        "EBIT": 23,
        "Net Income": -25
    },
    "2010-03-31": {
        "Diluted EPS": 0.7,
        "Total Revenue": NaN,
        "Gross Profit": 914,
        "Operating Income": 56,
        "EBIT": 108,
        "Net Income": 20
    },
    "2009-12-31": {
        "Diluted EPS": -2.8,
        "Total Revenue": NaN,
        "Gross Profit": 858,
        "Operating Income": -74,
        "EBIT": -11,
        "Net Income": -77
    },
    "2009-09-30": {
        "Diluted EPS": -15.1,
        "Total Revenue": NaN,
        "Gross Profit": 860,
        "Operating Income": -33,
        "EBIT": 22,
        "Net Income": -413
    },
    "2009-06-30": {
        "Diluted EPS": -3.1,
        "Total Revenue": NaN,
        "Gross Profit": 764,
        "Operating Income": -98,
        "EBIT": -45,
        "Net Income": -83
    },
    "2009-03-31": {
        "Diluted EPS": -2.0,
        "Total Revenue": NaN,
        "Gross Profit": 910,
        "Operating Income": -60,
        "EBIT": -7,
        "Net Income": -55
    },
    "2023-06-30": {
        "Tax Effect Of Unusual Items": NaN,
        "Tax Rate For Calcs": NaN,
        "Normalized EBITDA": NaN,
        "Total Unusual Items": NaN,
        "Total Unusual Items Excluding Goodwill": NaN,
        "Net Income From Continuing Operation Net Minority Interest": NaN,
        "Reconciled Depreciation": NaN,
        "Reconciled Cost Of Revenue": NaN,
        "EBITDA": NaN,
        "EBIT": NaN,
        "Net Interest Income": NaN,
        "Interest Expense": NaN,
        "Interest Income": NaN,
        "Normalized Income": NaN,
        "Net Income From Continuing And Discontinued Operation": NaN,
        "Total Expenses": NaN,
        "Total Operating Income As Reported": NaN,
        "Diluted Average Shares": NaN,
        "Basic Average Shares": NaN,
        "Diluted EPS": NaN,
        "Basic EPS": NaN,
        "Diluted NI Availto Com Stockholders": NaN,
        "Net Income Common Stockholders": NaN,
        "Net Income": NaN,
        "Net Income Including Noncontrolling Interests": NaN,
        "Net Income Discontinuous Operations": NaN,
        "Net Income Continuous Operations": NaN,
        "Tax Provision": NaN,
        "Pretax Income": NaN,
        "Other Income Expense": NaN,
        "Other Non Operating Income Expenses": NaN,
        "Special Income Charges": NaN,
        "Other Special Charges": NaN,
        "Write Off": NaN,
        "Restructuring And Mergern Acquisition": NaN,
        "Net Non Operating Interest Income Expense": NaN,
        "Interest Expense Non Operating": NaN,
        "Interest Income Non Operating": NaN,
        "Operating Income": NaN,
        "Operating Expense": NaN,
        "Selling General And Administration": NaN,
        "General And Administrative Expense": 362000000.0,
        "Other Gand A": 362000000.0,
        "Gross Profit": NaN,
        "Cost Of Revenue": NaN,
        "Total Revenue": NaN,
        "Operating Revenue": NaN
    },
    "2023-09-30": {
        "Tax Effect Of Unusual Items": NaN,
        "Tax Rate For Calcs": NaN,
        "Normalized EBITDA": NaN,
        "Total Unusual Items": NaN,
        "Total Unusual Items Excluding Goodwill": NaN,
        "Net Income From Continuing Operation Net Minority Interest": NaN,
        "Reconciled Depreciation": NaN,
        "Reconciled Cost Of Revenue": NaN,
        "EBITDA": NaN,
        "EBIT": NaN,
        "Net Interest Income": NaN,
        "Interest Expense": NaN,
        "Interest Income": NaN,
        "Normalized Income": NaN,
        "Net Income From Continuing And Discontinued Operation": NaN,
        "Total Expenses": NaN,
        "Total Operating Income As Reported": NaN,
        "Diluted Average Shares": NaN,
        "Basic Average Shares": NaN,
        "Diluted EPS": NaN,
        "Basic EPS": NaN,
        "Diluted NI Availto Com Stockholders": NaN,
        "Net Income Common Stockholders": NaN,
        "Net Income": NaN,
        "Net Income Including Noncontrolling Interests": NaN,
        "Net Income Discontinuous Operations": NaN,
        "Net Income Continuous Operations": NaN,
        "Tax Provision": NaN,
        "Pretax Income": NaN,
        "Other Income Expense": NaN,
        "Other Non Operating Income Expenses": NaN,
        "Special Income Charges": NaN,
        "Other Special Charges": NaN,
        "Write Off": NaN,
        "Restructuring And Mergern Acquisition": NaN,
        "Net Non Operating Interest Income Expense": NaN,
        "Interest Expense Non Operating": NaN,
        "Interest Income Non Operating": NaN,
        "Operating Income": NaN,
        "Operating Expense": NaN,
        "Selling General And Administration": NaN,
        "General And Administrative Expense": 379000000.0,
        "Other Gand A": 379000000.0,
        "Gross Profit": NaN,
        "Cost Of Revenue": NaN,
        "Total Revenue": NaN,
        "Operating Revenue": NaN
    },
    "2023-12-31": {
        "Tax Effect Of Unusual Items": NaN,
        "Tax Rate For Calcs": NaN,
        "Normalized EBITDA": NaN,
        "Total Unusual Items": NaN,
        "Total Unusual Items Excluding Goodwill": NaN,
        "Net Income From Continuing Operation Net Minority Interest": NaN,
        "Reconciled Depreciation": NaN,
        "Reconciled Cost Of Revenue": NaN,
        "EBITDA": NaN,
        "EBIT": NaN,
        "Net Interest Income": NaN,
        "Interest Expense": NaN,
        "Interest Income": NaN,
        "Normalized Income": NaN,
        "Net Income From Continuing And Discontinued Operation": NaN,
        "Total Expenses": NaN,
        "Total Operating Income As Reported": NaN,
        "Diluted Average Shares": NaN,
        "Basic Average Shares": NaN,
        "Diluted EPS": NaN,
        "Basic EPS": NaN,
        "Diluted NI Availto Com Stockholders": NaN,
        "Net Income Common Stockholders": NaN,
        "Net Income": NaN,
        "Net Income Including Noncontrolling Interests": NaN,
        "Net Income Discontinuous Operations": NaN,
        "Net Income Continuous Operations": NaN,
        "Tax Provision": NaN,
        "Pretax Income": NaN,
        "Other Income Expense": NaN,
        "Other Non Operating Income Expenses": 1000000.0,
        "Special Income Charges": NaN,
        "Other Special Charges": NaN,
        "Write Off": NaN,
        "Restructuring And Mergern Acquisition": NaN,
        "Net Non Operating Interest Income Expense": NaN,
        "Interest Expense Non Operating": NaN,
        "Interest Income Non Operating": NaN,
        "Operating Income": NaN,
        "Operating Expense": NaN,
        "Selling General And Administration": NaN,
        "General And Administrative Expense": 353000000.0,
        "Other Gand A": 353000000.0,
        "Gross Profit": NaN,
        "Cost Of Revenue": NaN,
        "Total Revenue": NaN,
        "Operating Revenue": NaN
    },
    "2024-03-31": {
        "Tax Effect Of Unusual Items": -5333333.333333,
        "Tax Rate For Calcs": 0.205128,
        "Normalized EBITDA": 95000000.0,
        "Total Unusual Items": -26000000.0,
        "Total Unusual Items Excluding Goodwill": -26000000.0,
        "Net Income From Continuing Operation Net Minority Interest": 31000000.0,
        "Reconciled Depreciation": 25000000.0,
        "Reconciled Cost Of Revenue": 1461000000.0,
        "EBITDA": 69000000.0,
        "EBIT": 44000000.0,
        "Net Interest Income": -2000000.0,
        "Interest Expense": 5000000.0,
        "Interest Income": 3000000.0,
        "Normalized Income": 51666666.666667,
        "Net Income From Continuing And Discontinued Operation": 15000000.0,
        "Total Expenses": 1802000000.0,
        "Total Operating Income As Reported": 41000000.0,
        "Diluted Average Shares": 38000000.0,
        "Basic Average Shares": 37000000.0,
        "Diluted EPS": 0.4,
        "Basic EPS": 0.42,
        "Diluted NI Availto Com Stockholders": 15000000.0,
        "Net Income Common Stockholders": 15000000.0,
        "Net Income": 15000000.0,
        "Net Income Including Noncontrolling Interests": 15000000.0,
        "Net Income Discontinuous Operations": -16000000.0,
        "Net Income Continuous Operations": 31000000.0,
        "Tax Provision": 8000000.0,
        "Pretax Income": 39000000.0,
        "Other Income Expense": -26000000.0,
        "Other Non Operating Income Expenses": NaN,
        "Special Income Charges": -26000000.0,
        "Other Special Charges": NaN,
        "Write Off": 6000000.0,
        "Restructuring And Mergern Acquisition": 20000000.0,
        "Net Non Operating Interest Income Expense": -2000000.0,
        "Interest Expense Non Operating": 5000000.0,
        "Interest Income Non Operating": 3000000.0,
        "Operating Income": 67000000.0,
        "Operating Expense": 341000000.0,
        "Selling General And Administration": 341000000.0,
        "General And Administrative Expense": 365000000.0,
        "Other Gand A": 365000000.0,
        "Gross Profit": 408000000.0,
        "Cost Of Revenue": 1461000000.0,
        "Total Revenue": 1869000000.0,
        "Operating Revenue": 1869000000.0
    },
    "2024-06-30": {
        "Tax Effect Of Unusual Items": 0.0,
        "Tax Rate For Calcs": 0.0,
        "Normalized EBITDA": 58000000.0,
        "Total Unusual Items": -33000000.0,
        "Total Unusual Items Excluding Goodwill": -33000000.0,
        "Net Income From Continuing Operation Net Minority Interest": -4000000.0,
        "Reconciled Depreciation": 24000000.0,
        "Reconciled Cost Of Revenue": 1375000000.0,
        "EBITDA": 25000000.0,
        "EBIT": 1000000.0,
        "Net Interest Income": -3000000.0,
        "Interest Expense": 5000000.0,
        "Interest Income": 2000000.0,
        "Normalized Income": 29000000.0,
        "Net Income From Continuing And Discontinued Operation": -73000000.0,
        "Total Expenses": 1684000000.0,
        "Total Operating Income As Reported": 0.0,
        "Diluted Average Shares": 35000000.0,
        "Basic Average Shares": 35000000.0,
        "Diluted EPS": -2.05,
        "Basic EPS": -2.05,
        "Diluted NI Availto Com Stockholders": -73000000.0,
        "Net Income Common Stockholders": -73000000.0,
        "Net Income": -73000000.0,
        "Net Income Including Noncontrolling Interests": -73000000.0,
        "Net Income Discontinuous Operations": -69000000.0,
        "Net Income Continuous Operations": -4000000.0,
        "Tax Provision": 0.0,
        "Pretax Income": -4000000.0,
        "Other Income Expense": -34000000.0,
        "Other Non Operating Income Expenses": -1000000.0,
        "Special Income Charges": -33000000.0,
        "Other Special Charges": NaN,
        "Write Off": 8000000.0,
        "Restructuring And Mergern Acquisition": 25000000.0,
        "Net Non Operating Interest Income Expense": -3000000.0,
        "Interest Expense Non Operating": 5000000.0,
        "Interest Income Non Operating": 2000000.0,
        "Operating Income": 33000000.0,
        "Operating Expense": 309000000.0,
        "Selling General And Administration": 309000000.0,
        "General And Administrative Expense": NaN,
        "Other Gand A": NaN,
        "Gross Profit": 342000000.0,
        "Cost Of Revenue": 1375000000.0,
        "Total Revenue": 1717000000.0,
        "Operating Revenue": 1717000000.0
    },
    "2024-09-30": {
        "Tax Effect Of Unusual Items": 17080000.0,
        "Tax Rate For Calcs": 0.28,
        "Normalized EBITDA": 64000000.0,
        "Total Unusual Items": 61000000.0,
        "Total Unusual Items Excluding Goodwill": 61000000.0,
        "Net Income From Continuing Operation Net Minority Interest": 68000000.0,
        "Reconciled Depreciation": 24000000.0,
        "Reconciled Cost Of Revenue": 1416000000.0,
        "EBITDA": 125000000.0,
        "EBIT": 101000000.0,
        "Net Interest Income": -4000000.0,
        "Interest Expense": 6000000.0,
        "Interest Income": 2000000.0,
        "Normalized Income": 24080000.0,
        "Net Income From Continuing And Discontinued Operation": 58000000.0,
        "Total Expenses": 1739000000.0,
        "Total Operating Income As Reported": 102000000.0,
        "Diluted Average Shares": 33000000.0,
        "Basic Average Shares": 33000000.0,
        "Diluted EPS": 1.73,
        "Basic EPS": 1.75,
        "Diluted NI Availto Com Stockholders": 58000000.0,
        "Net Income Common Stockholders": 58000000.0,
        "Net Income": 58000000.0,
        "Net Income Including Noncontrolling Interests": 58000000.0,
        "Net Income Discontinuous Operations": -10000000.0,
        "Net Income Continuous Operations": 68000000.0,
        "Tax Provision": 27000000.0,
        "Pretax Income": 95000000.0,
        "Other Income Expense": 58000000.0,
        "Other Non Operating Income Expenses": -3000000.0,
        "Special Income Charges": 61000000.0,
        "Other Special Charges": -70000000.0,
        "Write Off": 7000000.0,
        "Restructuring And Mergern Acquisition": 2000000.0,
        "Net Non Operating Interest Income Expense": -4000000.0,
        "Interest Expense Non Operating": 6000000.0,
        "Interest Income Non Operating": 2000000.0,
        "Operating Income": 41000000.0,
        "Operating Expense": 323000000.0,
        "Selling General And Administration": 323000000.0,
        "General And Administrative Expense": NaN,
        "Other Gand A": NaN,
        "Gross Profit": 364000000.0,
        "Cost Of Revenue": 1416000000.0,
        "Total Revenue": 1780000000.0,
        "Operating Revenue": 1780000000.0
    },
    "2024-12-31": {
        "Tax Effect Of Unusual Items": -3750000.0,
        "Tax Rate For Calcs": 0.3125,
        "Normalized EBITDA": 59000000.0,
        "Total Unusual Items": -12000000.0,
        "Total Unusual Items Excluding Goodwill": -12000000.0,
        "Net Income From Continuing Operation Net Minority Interest": 11000000.0,
        "Reconciled Depreciation": 24000000.0,
        "Reconciled Cost Of Revenue": 1293000000.0,
        "EBITDA": 47000000.0,
        "EBIT": 23000000.0,
        "Net Interest Income": -5000000.0,
        "Interest Expense": 7000000.0,
        "Interest Income": 2000000.0,
        "Normalized Income": 19250000.0,
        "Net Income From Continuing And Discontinued Operation": -3000000.0,
        "Total Expenses": 1591000000.0,
        "Total Operating Income As Reported": 20000000.0,
        "Diluted Average Shares": 27272727.0,
        "Basic Average Shares": 27272727.0,
        "Diluted EPS": -0.11,
        "Basic EPS": -0.11,
        "Diluted NI Availto Com Stockholders": -3000000.0,
        "Net Income Common Stockholders": -3000000.0,
        "Net Income": -3000000.0,
        "Net Income Including Noncontrolling Interests": -3000000.0,
        "Net Income Discontinuous Operations": -14000000.0,
        "Net Income Continuous Operations": 11000000.0,
        "Tax Provision": 5000000.0,
        "Pretax Income": 16000000.0,
        "Other Income Expense": -11000000.0,
        "Other Non Operating Income Expenses": 1000000.0,
        "Special Income Charges": -12000000.0,
        "Other Special Charges": 0.0,
        "Write Off": 12000000.0,
        "Restructuring And Mergern Acquisition": 0.0,
        "Net Non Operating Interest Income Expense": -5000000.0,
        "Interest Expense Non Operating": 7000000.0,
        "Interest Income Non Operating": 2000000.0,
        "Operating Income": 32000000.0,
        "Operating Expense": 298000000.0,
        "Selling General And Administration": 298000000.0,
        "General And Administrative Expense": NaN,
        "Other Gand A": NaN,
        "Gross Profit": 330000000.0,
        "Cost Of Revenue": 1293000000.0,
        "Total Revenue": 1623000000.0,
        "Operating Revenue": 1623000000.0
    },
    "2025-03-31": {
        "Tax Effect Of Unusual Items": -22051282.051282,
        "Tax Rate For Calcs": 0.25641,
        "Normalized EBITDA": 81000000.0,
        "Total Unusual Items": -86000000.0,
        "Total Unusual Items Excluding Goodwill": -86000000.0,
        "Net Income From Continuing Operation Net Minority Interest": -29000000.0,
        "Reconciled Depreciation": 27000000.0,
        "Reconciled Cost Of Revenue": 1339000000.0,
        "EBITDA": -5000000.0,
        "EBIT": -32000000.0,
        "Net Interest Income": -5000000.0,
        "Interest Expense": 7000000.0,
        "Interest Income": 2000000.0,
        "Normalized Income": 34948717.948718,
        "Net Income From Continuing And Discontinued Operation": -29000000.0,
        "Total Expenses": 1645000000.0,
        "Total Operating Income As Reported": -32000000.0,
        "Diluted Average Shares": 30000000.0,
        "Basic Average Shares": 30000000.0,
        "Diluted EPS": -0.97,
        "Basic EPS": -0.97,
        "Diluted NI Availto Com Stockholders": -29000000.0,
        "Net Income Common Stockholders": -29000000.0,
        "Net Income": -29000000.0,
        "Net Income Including Noncontrolling Interests": -29000000.0,
        "Net Income Discontinuous Operations": 0.0,
        "Net Income Continuous Operations": -29000000.0,
        "Tax Provision": -10000000.0,
        "Pretax Income": -39000000.0,
        "Other Income Expense": -88000000.0,
        "Other Non Operating Income Expenses": -2000000.0,
        "Special Income Charges": -86000000.0,
        "Other Special Charges": NaN,
        "Write Off": 38000000.0,
        "Restructuring And Mergern Acquisition": 48000000.0,
        "Net Non Operating Interest Income Expense": -5000000.0,
        "Interest Expense Non Operating": 7000000.0,
        "Interest Income Non Operating": 2000000.0,
        "Operating Income": 54000000.0,
        "Operating Expense": 306000000.0,
        "Selling General And Administration": 306000000.0,
        "General And Administrative Expense": NaN,
        "Other Gand A": NaN,
        "Gross Profit": 360000000.0,
        "Cost Of Revenue": 1339000000.0,
        "Total Revenue": 1699000000.0,
        "Operating Revenue": 1699000000.0
    }
}