{
    "2023-03-31": {
        "Tax Effect Of Unusual Items": NaN,
        "Tax Rate For Calcs": NaN,
        "Normalized EBITDA": NaN,
        "Total Unusual Items": NaN,
        "Total Unusual Items Excluding Goodwill": NaN,
        "Net Income From Continuing Operation Net Minority Interest": NaN,
        "Reconciled Depreciation": NaN,
        "Reconciled Cost Of Revenue": NaN,
        "EBITDA": NaN,
        "EBIT": NaN,
        "Net Interest Income": NaN,
        "Interest Expense": NaN,
        "Normalized Income": NaN,
        "Net Income From Continuing And Discontinued Operation": NaN,
        "Total Expenses": NaN,
        "Diluted Average Shares": NaN,
        "Basic Average Shares": NaN,
        "Diluted EPS": NaN,
        "Basic EPS": NaN,
        "Diluted NI Availto Com Stockholders": NaN,
        "Net Income Common Stockholders": NaN,
        "Net Income": NaN,
        "Net Income Including Noncontrolling Interests": NaN,
        "Net Income Continuous Operations": NaN,
        "Tax Provision": NaN,
        "Pretax Income": NaN,
        "Other Income Expense": NaN,
        "Other Non Operating Income Expenses": NaN,
        "Special Income Charges": NaN,
        "Other Special Charges": 8000000.0,
        "Restructuring And Mergern Acquisition": NaN,
        "Gain On Sale Of Security": NaN,
        "Net Non Operating Interest Income Expense": NaN,
        "Interest Expense Non Operating": NaN,
        "Operating Income": NaN,
        "Operating Expense": NaN,
        "Research And Development": NaN,
        "Selling General And Administration": NaN,
        "Gross Profit": NaN,
        "Cost Of Revenue": NaN,
        "Total Revenue": NaN,
        "Operating Revenue": NaN
    },
    "2022-12-31": {
        "Tax Effect Of Unusual Items": NaN,
        "Tax Rate For Calcs": NaN,
        "Normalized EBITDA": NaN,
        "Total Unusual Items": NaN,
        "Total Unusual Items Excluding Goodwill": NaN,
        "Net Income From Continuing Operation Net Minority Interest": NaN,
        "Reconciled Depreciation": NaN,
        "Reconciled Cost Of Revenue": NaN,
        "EBITDA": NaN,
        "EBIT": NaN,
        "Net Interest Income": NaN,
        "Interest Expense": NaN,
        "Normalized Income": NaN,
        "Net Income From Continuing And Discontinued Operation": NaN,
        "Total Expenses": NaN,
        "Diluted Average Shares": NaN,
        "Basic Average Shares": NaN,
        "Diluted EPS": NaN,
        "Basic EPS": NaN,
        "Diluted NI Availto Com Stockholders": NaN,
        "Net Income Common Stockholders": NaN,
        "Net Income": NaN,
        "Net Income Including Noncontrolling Interests": NaN,
        "Net Income Discontinuous Operations": 0.0,
        "Net Income Continuous Operations": NaN,
        "Tax Provision": NaN,
        "Pretax Income": NaN,
        "Other Income Expense": NaN,
        "Other Non Operating Income Expenses": NaN,
        "Special Income Charges": NaN,
        "Other Special Charges": 0.0,
        "Restructuring And Mergern Acquisition": NaN,
        "Gain On Sale Of Security": NaN,
        "Net Non Operating Interest Income Expense": NaN,
        "Interest Expense Non Operating": NaN,
        "Operating Income": NaN,
        "Operating Expense": NaN,
        "Research And Development": NaN,
        "Selling General And Administration": NaN,
        "Gross Profit": NaN,
        "Cost Of Revenue": NaN,
        "Total Revenue": NaN,
        "Operating Revenue": NaN
    },
    "2022-09-30": {
        "Tax Effect Of Unusual Items": NaN,
        "Tax Rate For Calcs": NaN,
        "Normalized EBITDA": NaN,
        "Total Unusual Items": NaN,
        "Total Unusual Items Excluding Goodwill": NaN,
        "Net Income From Continuing Operation Net Minority Interest": NaN,
        "Reconciled Depreciation": NaN,
        "Reconciled Cost Of Revenue": NaN,
        "EBITDA": NaN,
        "EBIT": NaN,
        "Net Interest Income": NaN,
        "Interest Expense": NaN,
        "Normalized Income": NaN,
        "Net Income From Continuing And Discontinued Operation": NaN,
        "Total Expenses": NaN,
        "Diluted Average Shares": NaN,
        "Basic Average Shares": NaN,
        "Diluted EPS": NaN,
        "Basic EPS": NaN,
        "Diluted NI Availto Com Stockholders": NaN,
        "Net Income Common Stockholders": NaN,
        "Net Income": NaN,
        "Net Income Including Noncontrolling Interests": NaN,
        "Net Income Discontinuous Operations": 0.0,
        "Net Income Continuous Operations": NaN,
        "Tax Provision": NaN,
        "Pretax Income": NaN,
        "Other Income Expense": NaN,
        "Other Non Operating Income Expenses": NaN,
        "Special Income Charges": NaN,
        "Other Special Charges": 10000000.0,
        "Restructuring And Mergern Acquisition": NaN,
        "Gain On Sale Of Security": NaN,
        "Net Non Operating Interest Income Expense": NaN,
        "Interest Expense Non Operating": NaN,
        "Operating Income": NaN,
        "Operating Expense": NaN,
        "Research And Development": NaN,
        "Selling General And Administration": NaN,
        "Gross Profit": NaN,
        "Cost Of Revenue": NaN,
        "Total Revenue": NaN,
        "Operating Revenue": NaN
    },
    "2022-06-30": {
        "Tax Effect Of Unusual Items": -17912891.986063,
        "Tax Rate For Calcs": 0.184669,
        "Normalized EBITDA": 482000000.0,
        "Total Unusual Items": -97000000.0,
        "Total Unusual Items Excluding Goodwill": -97000000.0,
        "Net Income From Continuing Operation Net Minority Interest": 234000000.0,
        "Reconciled Depreciation": 50000000.0,
        "Reconciled Cost Of Revenue": 588000000.0,
        "EBITDA": 385000000.0,
        "EBIT": 385000000.0,
        "Net Interest Income": -98000000.0,
        "Interest Expense": 98000000.0,
        "Normalized Income": 313087108.013937,
        "Net Income From Continuing And Discontinued Operation": 234000000.0,
        "Total Expenses": 1117000000.0,
        "Diluted Average Shares": 255156000.0,
        "Basic Average Shares": 254018000.0,
        "Diluted EPS": 0.92,
        "Basic EPS": 0.92,
        "Diluted NI Availto Com Stockholders": 234000000.0,
        "Net Income Common Stockholders": 234000000.0,
        "Net Income": 234000000.0,
        "Net Income Including Noncontrolling Interests": 234000000.0,
        "Net Income Discontinuous Operations": 0.0,
        "Net Income Continuous Operations": 234000000.0,
        "Tax Provision": 53000000.0,
        "Pretax Income": 287000000.0,
        "Other Income Expense": -83000000.0,
        "Other Non Operating Income Expenses": 14000000.0,
        "Special Income Charges": -97000000.0,
        "Other Special Charges": 97000000.0,
        "Restructuring And Mergern Acquisition": 0.0,
        "Gain On Sale Of Security": 21000000.0,
        "Net Non Operating Interest Income Expense": -98000000.0,
        "Interest Expense Non Operating": 98000000.0,
        "Operating Income": 468000000.0,
        "Operating Expense": 529000000.0,
        "Research And Development": 106000000.0,
        "Selling General And Administration": 423000000.0,
        "Gross Profit": 997000000.0,
        "Cost Of Revenue": 588000000.0,
        "Total Revenue": 1585000000.0,
        "Operating Revenue": 1585000000.0
    },
    "2022-03-31": {
        "Diluted EPS": 1.36,
        "Total Revenue": NaN,
        "Gross Profit": NaN,
        "Operating Income": 535,
        "EBIT": 588,
        "Net Income": 348
    },
    "2021-12-31": {
        "Diluted EPS": 0.78,
        "Total Revenue": NaN,
        "Gross Profit": NaN,
        "Operating Income": 338,
        "EBIT": 400,
        "Net Income": 202
    },
    "2021-09-30": {
        "Diluted EPS": 1.27,
        "Total Revenue": NaN,
        "Gross Profit": 991,
        "Operating Income": 487,
        "EBIT": 539,
        "Net Income": 323
    },
    "2021-06-30": {
        "Diluted EPS": 1.68,
        "Total Revenue": NaN,
        "Gross Profit": NaN,
        "Operating Income": 499,
        "EBIT": 542,
        "Net Income": 427
    },
    "2021-03-31": {
        "Diluted EPS": 1.58,
        "Total Revenue": NaN,
        "Gross Profit": 915,
        "Operating Income": 467,
        "EBIT": 505,
        "Net Income": 399
    },
    "2020-12-31": {
        "Diluted EPS": 1.44,
        "Total Revenue": NaN,
        "Gross Profit": NaN,
        "Operating Income": 475,
        "EBIT": 525,
        "Net Income": 368
    },
    "2020-09-30": {
        "Diluted EPS": 2.16,
        "Total Revenue": NaN,
        "Gross Profit": NaN,
        "Operating Income": 681,
        "EBIT": 721,
        "Net Income": 547
    },
    "2020-06-30": {
        "Diluted EPS": 2.14,
        "Total Revenue": NaN,
        "Gross Profit": NaN,
        "Operating Income": 702,
        "EBIT": 736,
        "Net Income": 542
    },
    "2020-03-31": {
        "Diluted EPS": 2.78,
        "Total Revenue": NaN,
        "Gross Profit": NaN,
        "Operating Income": 844,
        "EBIT": 877,
        "Net Income": 703
    },
    "2019-12-31": {
        "Diluted EPS": 0.0,
        "Total Revenue": NaN,
        "Gross Profit": NaN,
        "Operating Income": NaN,
        "EBIT": NaN,
        "Net Income": NaN
    },
    "2018-12-31": {
        "Diluted EPS": 0.0,
        "Total Revenue": NaN,
        "Gross Profit": NaN,
        "Operating Income": NaN,
        "EBIT": NaN,
        "Net Income": NaN
    },
    "2023-06-30": {
        "Tax Effect Of Unusual Items": NaN,
        "Tax Rate For Calcs": NaN,
        "Normalized EBITDA": NaN,
        "Total Unusual Items": NaN,
        "Total Unusual Items Excluding Goodwill": NaN,
        "Net Income From Continuing Operation Net Minority Interest": NaN,
        "Reconciled Depreciation": NaN,
        "Reconciled Cost Of Revenue": NaN,
        "EBITDA": NaN,
        "EBIT": NaN,
        "Net Interest Income": NaN,
        "Interest Expense": NaN,
        "Normalized Income": NaN,
        "Net Income From Continuing And Discontinued Operation": NaN,
        "Total Expenses": NaN,
        "Diluted Average Shares": NaN,
        "Basic Average Shares": NaN,
        "Diluted EPS": NaN,
        "Basic EPS": NaN,
        "Diluted NI Availto Com Stockholders": NaN,
        "Net Income Common Stockholders": NaN,
        "Net Income": NaN,
        "Net Income Including Noncontrolling Interests": NaN,
        "Net Income Continuous Operations": NaN,
        "Tax Provision": NaN,
        "Pretax Income": NaN,
        "Other Income Expense": NaN,
        "Other Non Operating Income Expenses": -1000000.0,
        "Special Income Charges": NaN,
        "Other Special Charges": NaN,
        "Restructuring And Mergern Acquisition": NaN,
        "Gain On Sale Of Security": NaN,
        "Net Non Operating Interest Income Expense": NaN,
        "Interest Expense Non Operating": NaN,
        "Operating Income": NaN,
        "Operating Expense": NaN,
        "Research And Development": NaN,
        "Selling General And Administration": NaN,
        "Gross Profit": NaN,
        "Cost Of Revenue": NaN,
        "Total Revenue": NaN,
        "Operating Revenue": NaN
    },
    "2023-09-30": {
        "Tax Effect Of Unusual Items": NaN,
        "Tax Rate For Calcs": NaN,
        "Normalized EBITDA": NaN,
        "Total Unusual Items": NaN,
        "Total Unusual Items Excluding Goodwill": NaN,
        "Net Income From Continuing Operation Net Minority Interest": NaN,
        "Reconciled Depreciation": NaN,
        "Reconciled Cost Of Revenue": NaN,
        "EBITDA": NaN,
        "EBIT": NaN,
        "Net Interest Income": NaN,
        "Interest Expense": NaN,
        "Normalized Income": NaN,
        "Net Income From Continuing And Discontinued Operation": NaN,
        "Total Expenses": NaN,
        "Diluted Average Shares": NaN,
        "Basic Average Shares": NaN,
        "Diluted EPS": NaN,
        "Basic EPS": NaN,
        "Diluted NI Availto Com Stockholders": NaN,
        "Net Income Common Stockholders": NaN,
        "Net Income": NaN,
        "Net Income Including Noncontrolling Interests": NaN,
        "Net Income Continuous Operations": NaN,
        "Tax Provision": NaN,
        "Pretax Income": NaN,
        "Other Income Expense": NaN,
        "Other Non Operating Income Expenses": -4000000.0,
        "Special Income Charges": NaN,
        "Other Special Charges": NaN,
        "Restructuring And Mergern Acquisition": NaN,
        "Gain On Sale Of Security": NaN,
        "Net Non Operating Interest Income Expense": NaN,
        "Interest Expense Non Operating": NaN,
        "Operating Income": NaN,
        "Operating Expense": NaN,
        "Research And Development": NaN,
        "Selling General And Administration": NaN,
        "Gross Profit": NaN,
        "Cost Of Revenue": NaN,
        "Total Revenue": NaN,
        "Operating Revenue": NaN
    },
    "2023-12-31": {
        "Tax Effect Of Unusual Items": NaN,
        "Tax Rate For Calcs": NaN,
        "Normalized EBITDA": NaN,
        "Total Unusual Items": NaN,
        "Total Unusual Items Excluding Goodwill": NaN,
        "Net Income From Continuing Operation Net Minority Interest": NaN,
        "Reconciled Depreciation": NaN,
        "Reconciled Cost Of Revenue": NaN,
        "EBITDA": NaN,
        "EBIT": NaN,
        "Net Interest Income": NaN,
        "Interest Expense": NaN,
        "Normalized Income": NaN,
        "Net Income From Continuing And Discontinued Operation": NaN,
        "Total Expenses": NaN,
        "Diluted Average Shares": NaN,
        "Basic Average Shares": NaN,
        "Diluted EPS": NaN,
        "Basic EPS": NaN,
        "Diluted NI Availto Com Stockholders": NaN,
        "Net Income Common Stockholders": NaN,
        "Net Income": NaN,
        "Net Income Including Noncontrolling Interests": NaN,
        "Net Income Continuous Operations": NaN,
        "Tax Provision": NaN,
        "Pretax Income": NaN,
        "Other Income Expense": NaN,
        "Other Non Operating Income Expenses": -4000000.0,
        "Special Income Charges": NaN,
        "Other Special Charges": NaN,
        "Restructuring And Mergern Acquisition": NaN,
        "Gain On Sale Of Security": NaN,
        "Net Non Operating Interest Income Expense": NaN,
        "Interest Expense Non Operating": NaN,
        "Operating Income": NaN,
        "Operating Expense": NaN,
        "Research And Development": NaN,
        "Selling General And Administration": NaN,
        "Gross Profit": NaN,
        "Cost Of Revenue": NaN,
        "Total Revenue": NaN,
        "Operating Revenue": NaN
    },
    "2024-03-31": {
        "Tax Effect Of Unusual Items": NaN,
        "Tax Rate For Calcs": NaN,
        "Normalized EBITDA": NaN,
        "Total Unusual Items": NaN,
        "Total Unusual Items Excluding Goodwill": NaN,
        "Net Income From Continuing Operation Net Minority Interest": NaN,
        "Reconciled Depreciation": NaN,
        "Reconciled Cost Of Revenue": NaN,
        "EBITDA": NaN,
        "EBIT": NaN,
        "Net Interest Income": NaN,
        "Interest Expense": NaN,
        "Normalized Income": NaN,
        "Net Income From Continuing And Discontinued Operation": NaN,
        "Total Expenses": NaN,
        "Diluted Average Shares": NaN,
        "Basic Average Shares": NaN,
        "Diluted EPS": NaN,
        "Basic EPS": NaN,
        "Diluted NI Availto Com Stockholders": NaN,
        "Net Income Common Stockholders": NaN,
        "Net Income": NaN,
        "Net Income Including Noncontrolling Interests": NaN,
        "Net Income Continuous Operations": NaN,
        "Tax Provision": NaN,
        "Pretax Income": NaN,
        "Other Income Expense": NaN,
        "Other Non Operating Income Expenses": NaN,
        "Special Income Charges": NaN,
        "Other Special Charges": 15000000.0,
        "Restructuring And Mergern Acquisition": NaN,
        "Gain On Sale Of Security": NaN,
        "Net Non Operating Interest Income Expense": NaN,
        "Interest Expense Non Operating": NaN,
        "Operating Income": NaN,
        "Operating Expense": NaN,
        "Research And Development": NaN,
        "Selling General And Administration": NaN,
        "Gross Profit": NaN,
        "Cost Of Revenue": NaN,
        "Total Revenue": NaN,
        "Operating Revenue": NaN
    },
    "2024-06-30": {
        "Tax Effect Of Unusual Items": NaN,
        "Tax Rate For Calcs": NaN,
        "Normalized EBITDA": NaN,
        "Total Unusual Items": NaN,
        "Total Unusual Items Excluding Goodwill": NaN,
        "Net Income From Continuing Operation Net Minority Interest": NaN,
        "Reconciled Depreciation": NaN,
        "Reconciled Cost Of Revenue": NaN,
        "EBITDA": NaN,
        "EBIT": NaN,
        "Net Interest Income": NaN,
        "Interest Expense": NaN,
        "Normalized Income": NaN,
        "Net Income From Continuing And Discontinued Operation": NaN,
        "Total Expenses": NaN,
        "Diluted Average Shares": NaN,
        "Basic Average Shares": NaN,
        "Diluted EPS": NaN,
        "Basic EPS": NaN,
        "Diluted NI Availto Com Stockholders": NaN,
        "Net Income Common Stockholders": NaN,
        "Net Income": NaN,
        "Net Income Including Noncontrolling Interests": NaN,
        "Net Income Continuous Operations": NaN,
        "Tax Provision": NaN,
        "Pretax Income": NaN,
        "Other Income Expense": NaN,
        "Other Non Operating Income Expenses": -6000000.0,
        "Special Income Charges": NaN,
        "Other Special Charges": 15000000.0,
        "Restructuring And Mergern Acquisition": NaN,
        "Gain On Sale Of Security": NaN,
        "Net Non Operating Interest Income Expense": NaN,
        "Interest Expense Non Operating": NaN,
        "Operating Income": NaN,
        "Operating Expense": NaN,
        "Research And Development": NaN,
        "Selling General And Administration": NaN,
        "Gross Profit": NaN,
        "Cost Of Revenue": NaN,
        "Total Revenue": NaN,
        "Operating Revenue": NaN
    },
    "2024-09-30": {
        "Tax Effect Of Unusual Items": -11970000.0,
        "Tax Rate For Calcs": 0.21,
        "Normalized EBITDA": 459000000.0,
        "Total Unusual Items": -57000000.0,
        "Total Unusual Items Excluding Goodwill": -57000000.0,
        "Net Income From Continuing Operation Net Minority Interest": 359000000.0,
        "Reconciled Depreciation": 69000000.0,
        "Reconciled Cost Of Revenue": 659000000.0,
        "EBITDA": 402000000.0,
        "EBIT": 333000000.0,
        "Net Interest Income": -126000000.0,
        "Interest Expense": 126000000.0,
        "Normalized Income": 404030000.0,
        "Net Income From Continuing And Discontinued Operation": 359000000.0,
        "Total Expenses": 1192000000.0,
        "Diluted Average Shares": 259757000.0,
        "Basic Average Shares": 257498000.0,
        "Diluted EPS": 1.38,
        "Basic EPS": 1.39,
        "Diluted NI Availto Com Stockholders": 359000000.0,
        "Net Income Common Stockholders": 359000000.0,
        "Net Income": 359000000.0,
        "Net Income Including Noncontrolling Interests": 359000000.0,
        "Net Income Continuous Operations": 359000000.0,
        "Tax Provision": -152000000.0,
        "Pretax Income": 207000000.0,
        "Other Income Expense": -57000000.0,
        "Other Non Operating Income Expenses": NaN,
        "Special Income Charges": -51000000.0,
        "Other Special Charges": 51000000.0,
        "Restructuring And Mergern Acquisition": 0.0,
        "Gain On Sale Of Security": -6000000.0,
        "Net Non Operating Interest Income Expense": -126000000.0,
        "Interest Expense Non Operating": 126000000.0,
        "Operating Income": 390000000.0,
        "Operating Expense": 533000000.0,
        "Research And Development": 111000000.0,
        "Selling General And Administration": 422000000.0,
        "Gross Profit": 923000000.0,
        "Cost Of Revenue": 659000000.0,
        "Total Revenue": 1582000000.0,
        "Operating Revenue": 1582000000.0
    },
    "2024-12-31": {
        "Tax Effect Of Unusual Items": -3565891.472868,
        "Tax Rate For Calcs": 0.155039,
        "Normalized EBITDA": 361000000.0,
        "Total Unusual Items": -23000000.0,
        "Total Unusual Items Excluding Goodwill": -23000000.0,
        "Net Income From Continuing Operation Net Minority Interest": 109000000.0,
        "Reconciled Depreciation": 77000000.0,
        "Reconciled Cost Of Revenue": 696000000.0,
        "EBITDA": 338000000.0,
        "EBIT": 261000000.0,
        "Net Interest Income": -132000000.0,
        "Interest Expense": 132000000.0,
        "Normalized Income": 128434108.527132,
        "Net Income From Continuing And Discontinued Operation": 109000000.0,
        "Total Expenses": 1296000000.0,
        "Diluted Average Shares": 259878000.0,
        "Basic Average Shares": 257690000.0,
        "Diluted EPS": 0.42,
        "Basic EPS": 0.42,
        "Diluted NI Availto Com Stockholders": 109000000.0,
        "Net Income Common Stockholders": 109000000.0,
        "Net Income": 109000000.0,
        "Net Income Including Noncontrolling Interests": 109000000.0,
        "Net Income Continuous Operations": 109000000.0,
        "Tax Provision": 20000000.0,
        "Pretax Income": 129000000.0,
        "Other Income Expense": -35000000.0,
        "Other Non Operating Income Expenses": -12000000.0,
        "Special Income Charges": -8000000.0,
        "Other Special Charges": 0.0,
        "Restructuring And Mergern Acquisition": 8000000.0,
        "Gain On Sale Of Security": -15000000.0,
        "Net Non Operating Interest Income Expense": -132000000.0,
        "Interest Expense Non Operating": 132000000.0,
        "Operating Income": 296000000.0,
        "Operating Expense": 600000000.0,
        "Research And Development": 130000000.0,
        "Selling General And Administration": 470000000.0,
        "Gross Profit": 896000000.0,
        "Cost Of Revenue": 696000000.0,
        "Total Revenue": 1592000000.0,
        "Operating Revenue": 1592000000.0
    },
    "2025-03-31": {
        "Tax Effect Of Unusual Items": -11792000.0,
        "Tax Rate For Calcs": 0.134,
        "Normalized EBITDA": 397000000.0,
        "Total Unusual Items": -88000000.0,
        "Total Unusual Items Excluding Goodwill": -88000000.0,
        "Net Income From Continuing Operation Net Minority Interest": 87000000.0,
        "Reconciled Depreciation": 84000000.0,
        "Reconciled Cost Of Revenue": 672000000.0,
        "EBITDA": 309000000.0,
        "EBIT": 225000000.0,
        "Net Interest Income": -124000000.0,
        "Interest Expense": 124000000.0,
        "Normalized Income": 163208000.0,
        "Net Income From Continuing And Discontinued Operation": 87000000.0,
        "Total Expenses": 1188000000.0,
        "Diluted Average Shares": 261001000.0,
        "Basic Average Shares": 257862000.0,
        "Diluted EPS": 0.33,
        "Basic EPS": 0.34,
        "Diluted NI Availto Com Stockholders": 87000000.0,
        "Net Income Common Stockholders": 87000000.0,
        "Net Income": 87000000.0,
        "Net Income Including Noncontrolling Interests": 87000000.0,
        "Net Income Continuous Operations": 87000000.0,
        "Tax Provision": 14000000.0,
        "Pretax Income": 101000000.0,
        "Other Income Expense": -100000000.0,
        "Other Non Operating Income Expenses": -12000000.0,
        "Special Income Charges": -92000000.0,
        "Other Special Charges": 6000000.0,
        "Restructuring And Mergern Acquisition": 86000000.0,
        "Gain On Sale Of Security": 4000000.0,
        "Net Non Operating Interest Income Expense": -124000000.0,
        "Interest Expense Non Operating": 124000000.0,
        "Operating Income": 325000000.0,
        "Operating Expense": 516000000.0,
        "Research And Development": 96000000.0,
        "Selling General And Administration": 420000000.0,
        "Gross Profit": 841000000.0,
        "Cost Of Revenue": 672000000.0,
        "Total Revenue": 1513000000.0,
        "Operating Revenue": 1513000000.0
    },
    "2025-06-30": {
        "Tax Effect Of Unusual Items": -366812.227074,
        "Tax Rate For Calcs": 0.366812,
        "Normalized EBITDA": 450000000.0,
        "Total Unusual Items": -1000000.0,
        "Total Unusual Items Excluding Goodwill": -1000000.0,
        "Net Income From Continuing Operation Net Minority Interest": 145000000.0,
        "Reconciled Depreciation": 89000000.0,
        "Reconciled Cost Of Revenue": 720000000.0,
        "EBITDA": 449000000.0,
        "EBIT": 360000000.0,
        "Net Interest Income": -131000000.0,
        "Interest Expense": 131000000.0,
        "Normalized Income": 145633187.772926,
        "Net Income From Continuing And Discontinued Operation": 145000000.0,
        "Total Expenses": 1268000000.0,
        "Diluted Average Shares": 260156000.0,
        "Basic Average Shares": 259939000.0,
        "Diluted EPS": 0.56,
        "Basic EPS": 0.56,
        "Diluted NI Availto Com Stockholders": 145000000.0,
        "Net Income Common Stockholders": 145000000.0,
        "Net Income": 145000000.0,
        "Net Income Including Noncontrolling Interests": 145000000.0,
        "Net Income Continuous Operations": 145000000.0,
        "Tax Provision": 84000000.0,
        "Pretax Income": 229000000.0,
        "Other Income Expense": 34000000.0,
        "Other Non Operating Income Expenses": 35000000.0,
        "Special Income Charges": -2000000.0,
        "Other Special Charges": NaN,
        "Restructuring And Mergern Acquisition": 2000000.0,
        "Gain On Sale Of Security": 1000000.0,
        "Net Non Operating Interest Income Expense": -131000000.0,
        "Interest Expense Non Operating": 131000000.0,
        "Operating Income": 326000000.0,
        "Operating Expense": 548000000.0,
        "Research And Development": 95000000.0,
        "Selling General And Administration": 453000000.0,
        "Gross Profit": 874000000.0,
        "Cost Of Revenue": 720000000.0,
        "Total Revenue": 1594000000.0,
        "Operating Revenue": 1594000000.0
    },
    "2025-09-30": {
        "Tax Effect Of Unusual Items": -5806584.36214,
        "Tax Rate For Calcs": 0.341564,
        "Normalized EBITDA": 480000000.0,
        "Total Unusual Items": -17000000.0,
        "Total Unusual Items Excluding Goodwill": -17000000.0,
        "Net Income From Continuing Operation Net Minority Interest": 160000000.0,
        "Reconciled Depreciation": 92000000.0,
        "Reconciled Cost Of Revenue": 745000000.0,
        "EBITDA": 463000000.0,
        "EBIT": 371000000.0,
        "Net Interest Income": -128000000.0,
        "Interest Expense": 128000000.0,
        "Normalized Income": 171193415.63786,
        "Net Income From Continuing And Discontinued Operation": 160000000.0,
        "Total Expenses": 1244000000.0,
        "Diluted Average Shares": 260653000.0,
        "Basic Average Shares": 259975000.0,
        "Diluted EPS": 0.61,
        "Basic EPS": 0.61,
        "Diluted NI Availto Com Stockholders": 160000000.0,
        "Net Income Common Stockholders": 160000000.0,
        "Net Income": 160000000.0,
        "Net Income Including Noncontrolling Interests": 160000000.0,
        "Net Income Continuous Operations": 160000000.0,
        "Tax Provision": 83000000.0,
        "Pretax Income": 243000000.0,
        "Other Income Expense": 13000000.0,
        "Other Non Operating Income Expenses": 30000000.0,
        "Special Income Charges": 0.0,
        "Other Special Charges": NaN,
        "Restructuring And Mergern Acquisition": 0.0,
        "Gain On Sale Of Security": -17000000.0,
        "Net Non Operating Interest Income Expense": -128000000.0,
        "Interest Expense Non Operating": 128000000.0,
        "Operating Income": 358000000.0,
        "Operating Expense": 499000000.0,
        "Research And Development": 84000000.0,
        "Selling General And Administration": 415000000.0,
        "Gross Profit": 857000000.0,
        "Cost Of Revenue": 745000000.0,
        "Total Revenue": 1602000000.0,
        "Operating Revenue": 1602000000.0
    }
}