{
    "2023-03-31": {
        "Tax Effect Of Unusual Items": NaN,
        "Tax Rate For Calcs": NaN,
        "Normalized EBITDA": NaN,
        "Total Unusual Items": 1000000.0,
        "Total Unusual Items Excluding Goodwill": 1000000.0,
        "Net Income From Continuing Operation Net Minority Interest": NaN,
        "Reconciled Depreciation": NaN,
        "Reconciled Cost Of Revenue": NaN,
        "EBITDA": NaN,
        "EBIT": NaN,
        "Net Interest Income": NaN,
        "Interest Expense": NaN,
        "Normalized Income": NaN,
        "Net Income From Continuing And Discontinued Operation": NaN,
        "Total Expenses": NaN,
        "Diluted Average Shares": NaN,
        "Basic Average Shares": NaN,
        "Diluted EPS": NaN,
        "Basic EPS": NaN,
        "Diluted NI Availto Com Stockholders": NaN,
        "Net Income Common Stockholders": NaN,
        "Net Income": NaN,
        "Minority Interests": NaN,
        "Net Income Including Noncontrolling Interests": NaN,
        "Net Income Continuous Operations": NaN,
        "Tax Provision": NaN,
        "Pretax Income": NaN,
        "Other Income Expense": NaN,
        "Other Non Operating Income Expenses": NaN,
        "Special Income Charges": NaN,
        "Restructuring And Mergern Acquisition": NaN,
        "Earnings From Equity Interest": NaN,
        "Gain On Sale Of Security": 1000000.0,
        "Net Non Operating Interest Income Expense": NaN,
        "Interest Expense Non Operating": NaN,
        "Operating Income": NaN,
        "Operating Expense": NaN,
        "Depreciation Amortization Depletion Income Statement": NaN,
        "Depreciation And Amortization In Income Statement": NaN,
        "Amortization": NaN,
        "Amortization Of Intangibles Income Statement": NaN,
        "Research And Development": NaN,
        "Selling General And Administration": NaN,
        "Selling And Marketing Expense": NaN,
        "Gross Profit": NaN,
        "Cost Of Revenue": NaN,
        "Total Revenue": NaN,
        "Operating Revenue": NaN
    },
    "2022-12-31": {
        "Tax Effect Of Unusual Items": NaN,
        "Tax Rate For Calcs": NaN,
        "Normalized EBITDA": NaN,
        "Total Unusual Items": NaN,
        "Total Unusual Items Excluding Goodwill": NaN,
        "Net Income From Continuing Operation Net Minority Interest": NaN,
        "Reconciled Depreciation": NaN,
        "Reconciled Cost Of Revenue": NaN,
        "EBITDA": NaN,
        "EBIT": NaN,
        "Net Interest Income": NaN,
        "Interest Expense": NaN,
        "Normalized Income": NaN,
        "Net Income From Continuing And Discontinued Operation": NaN,
        "Total Expenses": NaN,
        "Diluted Average Shares": NaN,
        "Basic Average Shares": NaN,
        "Diluted EPS": NaN,
        "Basic EPS": NaN,
        "Diluted NI Availto Com Stockholders": NaN,
        "Net Income Common Stockholders": NaN,
        "Net Income": NaN,
        "Minority Interests": NaN,
        "Net Income Including Noncontrolling Interests": NaN,
        "Net Income Continuous Operations": NaN,
        "Tax Provision": NaN,
        "Pretax Income": NaN,
        "Other Income Expense": NaN,
        "Other Non Operating Income Expenses": NaN,
        "Special Income Charges": -32000000.0,
        "Gain On Sale Of Business": 0.0,
        "Restructuring And Mergern Acquisition": 32000000.0,
        "Earnings From Equity Interest": NaN,
        "Gain On Sale Of Security": NaN,
        "Net Non Operating Interest Income Expense": NaN,
        "Interest Expense Non Operating": NaN,
        "Operating Income": NaN,
        "Operating Expense": NaN,
        "Depreciation Amortization Depletion Income Statement": NaN,
        "Depreciation And Amortization In Income Statement": NaN,
        "Amortization": NaN,
        "Amortization Of Intangibles Income Statement": NaN,
        "Research And Development": NaN,
        "Selling General And Administration": NaN,
        "Selling And Marketing Expense": NaN,
        "General And Administrative Expense": 15000000.0,
        "Salaries And Wages": 15000000.0,
        "Gross Profit": NaN,
        "Cost Of Revenue": NaN,
        "Total Revenue": NaN,
        "Operating Revenue": NaN
    },
    "2022-09-30": {
        "Tax Effect Of Unusual Items": NaN,
        "Tax Rate For Calcs": NaN,
        "Normalized EBITDA": NaN,
        "Total Unusual Items": NaN,
        "Total Unusual Items Excluding Goodwill": NaN,
        "Net Income From Continuing Operation Net Minority Interest": NaN,
        "Reconciled Depreciation": NaN,
        "Reconciled Cost Of Revenue": NaN,
        "EBITDA": NaN,
        "EBIT": NaN,
        "Net Interest Income": NaN,
        "Interest Expense": NaN,
        "Normalized Income": NaN,
        "Net Income From Continuing And Discontinued Operation": NaN,
        "Total Expenses": NaN,
        "Diluted Average Shares": NaN,
        "Basic Average Shares": NaN,
        "Diluted EPS": NaN,
        "Basic EPS": NaN,
        "Diluted NI Availto Com Stockholders": NaN,
        "Net Income Common Stockholders": NaN,
        "Net Income": NaN,
        "Minority Interests": NaN,
        "Net Income Including Noncontrolling Interests": NaN,
        "Net Income Continuous Operations": NaN,
        "Tax Provision": NaN,
        "Pretax Income": NaN,
        "Other Income Expense": NaN,
        "Other Non Operating Income Expenses": NaN,
        "Special Income Charges": 143000000.0,
        "Gain On Sale Of Business": NaN,
        "Other Special Charges": -153000000.0,
        "Restructuring And Mergern Acquisition": 10000000.0,
        "Earnings From Equity Interest": NaN,
        "Gain On Sale Of Security": NaN,
        "Net Non Operating Interest Income Expense": NaN,
        "Interest Expense Non Operating": NaN,
        "Operating Income": NaN,
        "Operating Expense": NaN,
        "Depreciation Amortization Depletion Income Statement": NaN,
        "Depreciation And Amortization In Income Statement": NaN,
        "Amortization": NaN,
        "Amortization Of Intangibles Income Statement": NaN,
        "Research And Development": NaN,
        "Selling General And Administration": NaN,
        "Selling And Marketing Expense": NaN,
        "General And Administrative Expense": 5000000.0,
        "Salaries And Wages": 5000000.0,
        "Gross Profit": NaN,
        "Cost Of Revenue": NaN,
        "Total Revenue": NaN,
        "Operating Revenue": NaN
    },
    "2022-06-30": {
        "Tax Effect Of Unusual Items": 0.0,
        "Tax Rate For Calcs": 0.219512,
        "Normalized EBITDA": 490000000.0,
        "Total Unusual Items": -14000000.0,
        "Total Unusual Items Excluding Goodwill": -14000000.0,
        "Net Income From Continuing Operation Net Minority Interest": 252000000.0,
        "Reconciled Depreciation": 116000000.0,
        "Reconciled Cost Of Revenue": 1453000000.0,
        "EBITDA": 490000000.0,
        "EBIT": 374000000.0,
        "Net Interest Income": -46000000.0,
        "Interest Expense": 46000000.0,
        "Normalized Income": 252000000.0,
        "Net Income From Continuing And Discontinued Operation": 252000000.0,
        "Total Expenses": 1596000000.0,
        "Diluted Average Shares": 158951000.0,
        "Basic Average Shares": 155683000.0,
        "Diluted EPS": 1.59,
        "Basic EPS": 1.62,
        "Diluted NI Availto Com Stockholders": 252000000.0,
        "Net Income Common Stockholders": 252000000.0,
        "Net Income": 252000000.0,
        "Minority Interests": -4000000.0,
        "Net Income Including Noncontrolling Interests": 256000000.0,
        "Net Income Continuous Operations": 256000000.0,
        "Tax Provision": 72000000.0,
        "Pretax Income": 328000000.0,
        "Other Income Expense": 192000000.0,
        "Other Non Operating Income Expenses": 168000000.0,
        "Special Income Charges": -12000000.0,
        "Gain On Sale Of Business": NaN,
        "Restructuring And Mergern Acquisition": 12000000.0,
        "Earnings From Equity Interest": 24000000.0,
        "Gain On Sale Of Security": -2000000.0,
        "Net Non Operating Interest Income Expense": -46000000.0,
        "Interest Expense Non Operating": 46000000.0,
        "Operating Income": 182000000.0,
        "Operating Expense": 143000000.0,
        "Depreciation Amortization Depletion Income Statement": 8000000.0,
        "Depreciation And Amortization In Income Statement": 8000000.0,
        "Amortization": 8000000.0,
        "Amortization Of Intangibles Income Statement": 8000000.0,
        "Research And Development": 20000000.0,
        "Selling General And Administration": 123000000.0,
        "Gross Profit": 325000000.0,
        "Cost Of Revenue": 1453000000.0,
        "Total Revenue": 1778000000.0,
        "Operating Revenue": 1778000000.0
    },
    "2023-06-30": {
        "Tax Effect Of Unusual Items": NaN,
        "Tax Rate For Calcs": NaN,
        "Normalized EBITDA": NaN,
        "Total Unusual Items": NaN,
        "Total Unusual Items Excluding Goodwill": NaN,
        "Net Income From Continuing Operation Net Minority Interest": NaN,
        "Reconciled Depreciation": NaN,
        "Reconciled Cost Of Revenue": NaN,
        "EBITDA": NaN,
        "EBIT": NaN,
        "Net Interest Income": NaN,
        "Interest Expense": NaN,
        "Normalized Income": NaN,
        "Net Income From Continuing And Discontinued Operation": NaN,
        "Total Expenses": NaN,
        "Diluted Average Shares": NaN,
        "Basic Average Shares": NaN,
        "Diluted EPS": NaN,
        "Basic EPS": NaN,
        "Diluted NI Availto Com Stockholders": NaN,
        "Net Income Common Stockholders": NaN,
        "Net Income": NaN,
        "Minority Interests": NaN,
        "Net Income Including Noncontrolling Interests": NaN,
        "Net Income Continuous Operations": NaN,
        "Tax Provision": NaN,
        "Pretax Income": NaN,
        "Other Income Expense": NaN,
        "Other Non Operating Income Expenses": NaN,
        "Special Income Charges": NaN,
        "Gain On Sale Of Business": NaN,
        "Restructuring And Mergern Acquisition": NaN,
        "Earnings From Equity Interest": NaN,
        "Gain On Sale Of Security": -2000000.0,
        "Net Non Operating Interest Income Expense": NaN,
        "Interest Expense Non Operating": NaN,
        "Operating Income": NaN,
        "Operating Expense": NaN,
        "Depreciation Amortization Depletion Income Statement": NaN,
        "Depreciation And Amortization In Income Statement": NaN,
        "Amortization": NaN,
        "Amortization Of Intangibles Income Statement": NaN,
        "Research And Development": NaN,
        "Selling General And Administration": NaN,
        "Selling And Marketing Expense": 143000000.0,
        "General And Administrative Expense": NaN,
        "Other Gand A": NaN,
        "Gross Profit": NaN,
        "Cost Of Revenue": NaN,
        "Total Revenue": NaN,
        "Operating Revenue": NaN
    },
    "2023-09-30": {
        "Tax Effect Of Unusual Items": NaN,
        "Tax Rate For Calcs": NaN,
        "Normalized EBITDA": NaN,
        "Total Unusual Items": NaN,
        "Total Unusual Items Excluding Goodwill": NaN,
        "Net Income From Continuing Operation Net Minority Interest": NaN,
        "Reconciled Depreciation": NaN,
        "Reconciled Cost Of Revenue": NaN,
        "EBITDA": NaN,
        "EBIT": NaN,
        "Net Interest Income": NaN,
        "Interest Expense": NaN,
        "Normalized Income": NaN,
        "Net Income From Continuing And Discontinued Operation": NaN,
        "Total Expenses": NaN,
        "Diluted Average Shares": NaN,
        "Basic Average Shares": NaN,
        "Diluted EPS": NaN,
        "Basic EPS": NaN,
        "Diluted NI Availto Com Stockholders": NaN,
        "Net Income Common Stockholders": NaN,
        "Net Income": NaN,
        "Minority Interests": NaN,
        "Net Income Including Noncontrolling Interests": NaN,
        "Net Income Continuous Operations": NaN,
        "Tax Provision": NaN,
        "Pretax Income": NaN,
        "Other Income Expense": NaN,
        "Other Non Operating Income Expenses": NaN,
        "Special Income Charges": -81000000.0,
        "Gain On Sale Of Ppe": NaN,
        "Gain On Sale Of Business": NaN,
        "Other Special Charges": NaN,
        "Restructuring And Mergern Acquisition": 81000000.0,
        "Earnings From Equity Interest": NaN,
        "Gain On Sale Of Security": -1000000.0,
        "Net Non Operating Interest Income Expense": NaN,
        "Interest Expense Non Operating": NaN,
        "Operating Income": NaN,
        "Operating Expense": NaN,
        "Depreciation Amortization Depletion Income Statement": NaN,
        "Depreciation And Amortization In Income Statement": NaN,
        "Amortization": NaN,
        "Amortization Of Intangibles Income Statement": NaN,
        "Research And Development": NaN,
        "Selling General And Administration": NaN,
        "Selling And Marketing Expense": 134000000.0,
        "General And Administrative Expense": NaN,
        "Other Gand A": NaN,
        "Gross Profit": NaN,
        "Cost Of Revenue": NaN,
        "Total Revenue": NaN,
        "Operating Revenue": NaN
    },
    "2023-12-31": {
        "Tax Effect Of Unusual Items": NaN,
        "Tax Rate For Calcs": NaN,
        "Normalized EBITDA": NaN,
        "Total Unusual Items": NaN,
        "Total Unusual Items Excluding Goodwill": NaN,
        "Net Income From Continuing Operation Net Minority Interest": NaN,
        "Reconciled Depreciation": NaN,
        "Reconciled Cost Of Revenue": NaN,
        "EBITDA": NaN,
        "EBIT": NaN,
        "Net Interest Income": NaN,
        "Interest Expense": NaN,
        "Normalized Income": NaN,
        "Net Income From Continuing And Discontinued Operation": NaN,
        "Total Expenses": NaN,
        "Diluted Average Shares": NaN,
        "Basic Average Shares": NaN,
        "Diluted EPS": NaN,
        "Basic EPS": NaN,
        "Diluted NI Availto Com Stockholders": NaN,
        "Net Income Common Stockholders": NaN,
        "Net Income": NaN,
        "Minority Interests": NaN,
        "Net Income Including Noncontrolling Interests": NaN,
        "Net Income Continuous Operations": NaN,
        "Tax Provision": NaN,
        "Pretax Income": NaN,
        "Other Income Expense": NaN,
        "Other Non Operating Income Expenses": NaN,
        "Special Income Charges": -460000000.0,
        "Gain On Sale Of Ppe": NaN,
        "Gain On Sale Of Business": NaN,
        "Other Special Charges": NaN,
        "Restructuring And Mergern Acquisition": 19000000.0,
        "Earnings From Equity Interest": NaN,
        "Gain On Sale Of Security": -2000000.0,
        "Net Non Operating Interest Income Expense": NaN,
        "Interest Expense Non Operating": NaN,
        "Operating Income": NaN,
        "Operating Expense": NaN,
        "Depreciation Amortization Depletion Income Statement": NaN,
        "Depreciation And Amortization In Income Statement": NaN,
        "Amortization": NaN,
        "Amortization Of Intangibles Income Statement": NaN,
        "Research And Development": NaN,
        "Selling General And Administration": NaN,
        "Selling And Marketing Expense": 116000000.0,
        "General And Administrative Expense": NaN,
        "Other Gand A": NaN,
        "Gross Profit": NaN,
        "Cost Of Revenue": NaN,
        "Total Revenue": NaN,
        "Operating Revenue": NaN
    },
    "2024-03-31": {
        "Tax Effect Of Unusual Items": NaN,
        "Tax Rate For Calcs": NaN,
        "Normalized EBITDA": NaN,
        "Total Unusual Items": -3000000.0,
        "Total Unusual Items Excluding Goodwill": -3000000.0,
        "Net Income From Continuing Operation Net Minority Interest": NaN,
        "Reconciled Depreciation": NaN,
        "Reconciled Cost Of Revenue": NaN,
        "EBITDA": NaN,
        "EBIT": NaN,
        "Net Interest Income": NaN,
        "Interest Expense": NaN,
        "Normalized Income": NaN,
        "Net Income From Continuing And Discontinued Operation": NaN,
        "Total Expenses": NaN,
        "Diluted Average Shares": NaN,
        "Basic Average Shares": NaN,
        "Diluted EPS": NaN,
        "Basic EPS": NaN,
        "Diluted NI Availto Com Stockholders": NaN,
        "Net Income Common Stockholders": NaN,
        "Net Income": NaN,
        "Minority Interests": NaN,
        "Net Income Including Noncontrolling Interests": NaN,
        "Net Income Continuous Operations": NaN,
        "Tax Provision": NaN,
        "Pretax Income": NaN,
        "Other Income Expense": NaN,
        "Other Non Operating Income Expenses": 7000000.0,
        "Special Income Charges": NaN,
        "Gain On Sale Of Ppe": NaN,
        "Gain On Sale Of Business": NaN,
        "Other Special Charges": NaN,
        "Restructuring And Mergern Acquisition": NaN,
        "Earnings From Equity Interest": NaN,
        "Gain On Sale Of Security": -3000000.0,
        "Net Non Operating Interest Income Expense": NaN,
        "Interest Expense Non Operating": NaN,
        "Operating Income": NaN,
        "Operating Expense": NaN,
        "Depreciation Amortization Depletion Income Statement": NaN,
        "Depreciation And Amortization In Income Statement": NaN,
        "Amortization": NaN,
        "Amortization Of Intangibles Income Statement": NaN,
        "Research And Development": NaN,
        "Selling General And Administration": NaN,
        "Selling And Marketing Expense": 123000000.0,
        "General And Administrative Expense": 123000000.0,
        "Other Gand A": 123000000.0,
        "Gross Profit": NaN,
        "Cost Of Revenue": NaN,
        "Total Revenue": NaN,
        "Operating Revenue": NaN
    },
    "2024-06-30": {
        "Tax Effect Of Unusual Items": 0.0,
        "Tax Rate For Calcs": 0.4,
        "Normalized EBITDA": 316000000.0,
        "Total Unusual Items": NaN,
        "Total Unusual Items Excluding Goodwill": NaN,
        "Net Income From Continuing Operation Net Minority Interest": 57000000.0,
        "Reconciled Depreciation": 125000000.0,
        "Reconciled Cost Of Revenue": 1308000000.0,
        "EBITDA": 316000000.0,
        "EBIT": 191000000.0,
        "Net Interest Income": -87000000.0,
        "Interest Expense": 87000000.0,
        "Normalized Income": 57000000.0,
        "Net Income From Continuing And Discontinued Operation": 57000000.0,
        "Total Expenses": 1563000000.0,
        "Diluted Average Shares": 157382000.0,
        "Basic Average Shares": 155280000.0,
        "Diluted EPS": 0.36,
        "Basic EPS": 0.37,
        "Diluted NI Availto Com Stockholders": 57000000.0,
        "Net Income Common Stockholders": 57000000.0,
        "Net Income": 57000000.0,
        "Minority Interests": -5000000.0,
        "Net Income Including Noncontrolling Interests": 62000000.0,
        "Net Income Continuous Operations": 62000000.0,
        "Tax Provision": 42000000.0,
        "Pretax Income": 104000000.0,
        "Other Income Expense": 25000000.0,
        "Other Non Operating Income Expenses": -5000000.0,
        "Special Income Charges": NaN,
        "Gain On Sale Of Ppe": NaN,
        "Gain On Sale Of Business": NaN,
        "Other Special Charges": NaN,
        "Restructuring And Mergern Acquisition": NaN,
        "Earnings From Equity Interest": 30000000.0,
        "Gain On Sale Of Security": NaN,
        "Net Non Operating Interest Income Expense": -87000000.0,
        "Interest Expense Non Operating": 87000000.0,
        "Operating Income": 166000000.0,
        "Operating Expense": 137000000.0,
        "Depreciation Amortization Depletion Income Statement": 7000000.0,
        "Depreciation And Amortization In Income Statement": 7000000.0,
        "Amortization": 7000000.0,
        "Amortization Of Intangibles Income Statement": 7000000.0,
        "Research And Development": 20000000.0,
        "Selling General And Administration": 110000000.0,
        "Selling And Marketing Expense": 110000000.0,
        "General And Administrative Expense": 110000000.0,
        "Other Gand A": 110000000.0,
        "Gross Profit": 303000000.0,
        "Cost Of Revenue": 1426000000.0,
        "Total Revenue": 1729000000.0,
        "Operating Revenue": 1729000000.0
    },
    "2024-09-30": {
        "Tax Effect Of Unusual Items": -16170000.0,
        "Tax Rate For Calcs": 0.21,
        "Normalized EBITDA": 234000000.0,
        "Total Unusual Items": -77000000.0,
        "Total Unusual Items Excluding Goodwill": -77000000.0,
        "Net Income From Continuing Operation Net Minority Interest": -80000000.0,
        "Reconciled Depreciation": 127000000.0,
        "Reconciled Cost Of Revenue": 1344000000.0,
        "EBITDA": 157000000.0,
        "EBIT": 30000000.0,
        "Net Interest Income": -87000000.0,
        "Interest Expense": 87000000.0,
        "Normalized Income": -19170000.0,
        "Net Income From Continuing And Discontinued Operation": -80000000.0,
        "Total Expenses": 1594000000.0,
        "Diluted Average Shares": 154619000.0,
        "Basic Average Shares": 154619000.0,
        "Diluted EPS": -0.52,
        "Basic EPS": -0.52,
        "Diluted NI Availto Com Stockholders": -80000000.0,
        "Net Income Common Stockholders": -80000000.0,
        "Net Income": -80000000.0,
        "Minority Interests": -4000000.0,
        "Net Income Including Noncontrolling Interests": -76000000.0,
        "Net Income Continuous Operations": -76000000.0,
        "Tax Provision": 19000000.0,
        "Pretax Income": -57000000.0,
        "Other Income Expense": -55000000.0,
        "Other Non Operating Income Expenses": 2000000.0,
        "Special Income Charges": -80000000.0,
        "Gain On Sale Of Ppe": 1000000.0,
        "Gain On Sale Of Business": 1000000.0,
        "Other Special Charges": NaN,
        "Restructuring And Mergern Acquisition": 81000000.0,
        "Earnings From Equity Interest": 20000000.0,
        "Gain On Sale Of Security": 3000000.0,
        "Net Non Operating Interest Income Expense": -87000000.0,
        "Interest Expense Non Operating": 87000000.0,
        "Operating Income": 85000000.0,
        "Operating Expense": 130000000.0,
        "Depreciation Amortization Depletion Income Statement": 7000000.0,
        "Depreciation And Amortization In Income Statement": 7000000.0,
        "Amortization": 7000000.0,
        "Amortization Of Intangibles Income Statement": 7000000.0,
        "Research And Development": 20000000.0,
        "Selling General And Administration": 103000000.0,
        "Selling And Marketing Expense": NaN,
        "General And Administrative Expense": 103000000.0,
        "Other Gand A": 103000000.0,
        "Gross Profit": 215000000.0,
        "Cost Of Revenue": 1464000000.0,
        "Total Revenue": 1679000000.0,
        "Operating Revenue": 1679000000.0
    },
    "2024-12-31": {
        "Tax Effect Of Unusual Items": -27300000.0,
        "Tax Rate For Calcs": 0.21,
        "Normalized EBITDA": 197000000.0,
        "Total Unusual Items": -130000000.0,
        "Total Unusual Items Excluding Goodwill": -130000000.0,
        "Net Income From Continuing Operation Net Minority Interest": -154000000.0,
        "Reconciled Depreciation": 109000000.0,
        "Reconciled Cost Of Revenue": 1219000000.0,
        "EBITDA": 67000000.0,
        "EBIT": -42000000.0,
        "Net Interest Income": -83000000.0,
        "Interest Expense": 83000000.0,
        "Normalized Income": -51300000.0,
        "Net Income From Continuing And Discontinued Operation": -154000000.0,
        "Total Expenses": 1459000000.0,
        "Diluted Average Shares": 154040000.0,
        "Basic Average Shares": 154040000.0,
        "Diluted EPS": -1.0,
        "Basic EPS": -1.0,
        "Diluted NI Availto Com Stockholders": -154000000.0,
        "Net Income Common Stockholders": -154000000.0,
        "Net Income": -154000000.0,
        "Minority Interests": -5000000.0,
        "Net Income Including Noncontrolling Interests": -149000000.0,
        "Net Income Continuous Operations": -149000000.0,
        "Tax Provision": 24000000.0,
        "Pretax Income": -125000000.0,
        "Other Income Expense": -112000000.0,
        "Other Non Operating Income Expenses": 14000000.0,
        "Special Income Charges": -131000000.0,
        "Gain On Sale Of Ppe": 5000000.0,
        "Gain On Sale Of Business": 5000000.0,
        "Other Special Charges": NaN,
        "Restructuring And Mergern Acquisition": 125000000.0,
        "Earnings From Equity Interest": 4000000.0,
        "Gain On Sale Of Security": NaN,
        "Net Non Operating Interest Income Expense": -83000000.0,
        "Interest Expense Non Operating": 83000000.0,
        "Operating Income": 70000000.0,
        "Operating Expense": 138000000.0,
        "Depreciation Amortization Depletion Income Statement": 7000000.0,
        "Depreciation And Amortization In Income Statement": 7000000.0,
        "Amortization": 7000000.0,
        "Amortization Of Intangibles Income Statement": 7000000.0,
        "Research And Development": 18000000.0,
        "Selling General And Administration": 113000000.0,
        "Selling And Marketing Expense": NaN,
        "General And Administrative Expense": 113000000.0,
        "Other Gand A": 108000000.0,
        "Gross Profit": 208000000.0,
        "Cost Of Revenue": 1321000000.0,
        "Total Revenue": 1529000000.0,
        "Operating Revenue": 1402000000.0
    },
    "2025-03-31": {
        "Tax Effect Of Unusual Items": -16800000.0,
        "Tax Rate For Calcs": 0.21,
        "Normalized EBITDA": 297000000.0,
        "Total Unusual Items": -80000000.0,
        "Total Unusual Items Excluding Goodwill": -80000000.0,
        "Net Income From Continuing Operation Net Minority Interest": -16000000.0,
        "Reconciled Depreciation": 118000000.0,
        "Reconciled Cost Of Revenue": 1175000000.0,
        "EBITDA": 217000000.0,
        "EBIT": 99000000.0,
        "Net Interest Income": -81000000.0,
        "Interest Expense": 81000000.0,
        "Normalized Income": 47200000.0,
        "Net Income From Continuing And Discontinued Operation": -16000000.0,
        "Total Expenses": 1415000000.0,
        "Diluted Average Shares": 153708000.0,
        "Basic Average Shares": 153708000.0,
        "Diluted EPS": -0.1,
        "Basic EPS": -0.1,
        "Diluted NI Availto Com Stockholders": -16000000.0,
        "Net Income Common Stockholders": -16000000.0,
        "Net Income": -16000000.0,
        "Minority Interests": -4000000.0,
        "Net Income Including Noncontrolling Interests": -12000000.0,
        "Net Income Continuous Operations": -12000000.0,
        "Tax Provision": 30000000.0,
        "Pretax Income": 18000000.0,
        "Other Income Expense": -53000000.0,
        "Other Non Operating Income Expenses": 4000000.0,
        "Special Income Charges": -80000000.0,
        "Gain On Sale Of Ppe": 6000000.0,
        "Gain On Sale Of Business": NaN,
        "Other Special Charges": 4000000.0,
        "Restructuring And Mergern Acquisition": 82000000.0,
        "Earnings From Equity Interest": 23000000.0,
        "Gain On Sale Of Security": NaN,
        "Net Non Operating Interest Income Expense": -81000000.0,
        "Interest Expense Non Operating": 81000000.0,
        "Operating Income": 152000000.0,
        "Operating Expense": 128000000.0,
        "Depreciation Amortization Depletion Income Statement": 6000000.0,
        "Depreciation And Amortization In Income Statement": 6000000.0,
        "Amortization": 6000000.0,
        "Amortization Of Intangibles Income Statement": 6000000.0,
        "Research And Development": 13000000.0,
        "Selling General And Administration": 109000000.0,
        "Selling And Marketing Expense": NaN,
        "General And Administrative Expense": 109000000.0,
        "Other Gand A": 109000000.0,
        "Gross Profit": 280000000.0,
        "Cost Of Revenue": 1287000000.0,
        "Total Revenue": 1567000000.0,
        "Operating Revenue": 1567000000.0
    },
    "2025-06-30": {
        "Tax Effect Of Unusual Items": -23310000.0,
        "Tax Rate For Calcs": 0.21,
        "Normalized EBITDA": 323000000.0,
        "Total Unusual Items": -111000000.0,
        "Total Unusual Items Excluding Goodwill": -111000000.0,
        "Net Income From Continuing Operation Net Minority Interest": -5000000.0,
        "Reconciled Depreciation": 120000000.0,
        "Reconciled Cost Of Revenue": 1294000000.0,
        "EBITDA": 212000000.0,
        "EBIT": 92000000.0,
        "Net Interest Income": -85000000.0,
        "Interest Expense": 85000000.0,
        "Normalized Income": 82690000.0,
        "Net Income From Continuing And Discontinued Operation": -5000000.0,
        "Total Expenses": 1531000000.0,
        "Diluted Average Shares": 153993000.0,
        "Basic Average Shares": 153993000.0,
        "Diluted EPS": -0.03,
        "Basic EPS": -0.03,
        "Diluted NI Availto Com Stockholders": -5000000.0,
        "Net Income Common Stockholders": -5000000.0,
        "Net Income": -5000000.0,
        "Minority Interests": -6000000.0,
        "Net Income Including Noncontrolling Interests": 1000000.0,
        "Net Income Continuous Operations": 1000000.0,
        "Tax Provision": 6000000.0,
        "Pretax Income": 7000000.0,
        "Other Income Expense": -83000000.0,
        "Other Non Operating Income Expenses": NaN,
        "Special Income Charges": -108000000.0,
        "Gain On Sale Of Ppe": NaN,
        "Gain On Sale Of Business": NaN,
        "Other Special Charges": NaN,
        "Restructuring And Mergern Acquisition": 108000000.0,
        "Earnings From Equity Interest": 28000000.0,
        "Gain On Sale Of Security": -3000000.0,
        "Net Non Operating Interest Income Expense": -85000000.0,
        "Interest Expense Non Operating": 85000000.0,
        "Operating Income": 175000000.0,
        "Operating Expense": 124000000.0,
        "Depreciation Amortization Depletion Income Statement": 7000000.0,
        "Depreciation And Amortization In Income Statement": 7000000.0,
        "Amortization": 7000000.0,
        "Amortization Of Intangibles Income Statement": 7000000.0,
        "Research And Development": 11000000.0,
        "Selling General And Administration": 106000000.0,
        "Selling And Marketing Expense": NaN,
        "General And Administrative Expense": NaN,
        "Other Gand A": NaN,
        "Gross Profit": 299000000.0,
        "Cost Of Revenue": 1407000000.0,
        "Total Revenue": 1706000000.0,
        "Operating Revenue": 1706000000.0
    }
}