{
    "2024-06-30": {
        "Tax Effect Of Unusual Items": NaN,
        "Tax Rate For Calcs": NaN,
        "Normalized EBITDA": NaN,
        "Total Unusual Items": -11071000.0,
        "Total Unusual Items Excluding Goodwill": -11071000.0,
        "Net Income From Continuing Operation Net Minority Interest": NaN,
        "Reconciled Depreciation": NaN,
        "EBITDA": NaN,
        "EBIT": NaN,
        "Net Interest Income": NaN,
        "Interest Income": NaN,
        "Normalized Income": NaN,
        "Net Income From Continuing And Discontinued Operation": NaN,
        "Total Expenses": NaN,
        "Total Operating Income As Reported": NaN,
        "Diluted Average Shares": 100021539.0,
        "Basic Average Shares": 100021539.0,
        "Diluted EPS": -5.17,
        "Basic EPS": -5.17,
        "Diluted NI Availto Com Stockholders": NaN,
        "Net Income Common Stockholders": NaN,
        "Net Income": NaN,
        "Net Income Including Noncontrolling Interests": NaN,
        "Net Income Continuous Operations": NaN,
        "Tax Provision": NaN,
        "Pretax Income": NaN,
        "Other Income Expense": -11071000.0,
        "Gain On Sale Of Security": -11071000.0,
        "Net Non Operating Interest Income Expense": NaN,
        "Interest Income Non Operating": NaN,
        "Operating Income": NaN,
        "Operating Expense": NaN,
        "Research And Development": NaN,
        "Selling General And Administration": NaN,
        "General And Administrative Expense": NaN,
        "Other Gand A": NaN,
        "Salaries And Wages": 3676680.0,
        "Total Revenue": NaN,
        "Operating Revenue": NaN
    },
    "2024-03-31": {
        "Tax Effect Of Unusual Items": NaN,
        "Tax Rate For Calcs": NaN,
        "Normalized EBITDA": NaN,
        "Total Unusual Items": -16793000.0,
        "Total Unusual Items Excluding Goodwill": -16793000.0,
        "Net Income From Continuing Operation Net Minority Interest": NaN,
        "Reconciled Depreciation": NaN,
        "EBITDA": NaN,
        "EBIT": NaN,
        "Net Interest Income": NaN,
        "Interest Income": NaN,
        "Normalized Income": NaN,
        "Net Income From Continuing And Discontinued Operation": NaN,
        "Total Expenses": NaN,
        "Total Operating Income As Reported": NaN,
        "Diluted Average Shares": NaN,
        "Basic Average Shares": NaN,
        "Diluted EPS": NaN,
        "Basic EPS": NaN,
        "Diluted NI Availto Com Stockholders": NaN,
        "Net Income Common Stockholders": NaN,
        "Net Income": NaN,
        "Net Income Including Noncontrolling Interests": NaN,
        "Net Income Continuous Operations": NaN,
        "Tax Provision": NaN,
        "Pretax Income": NaN,
        "Other Income Expense": -16793000.0,
        "Gain On Sale Of Security": -16793000.0,
        "Net Non Operating Interest Income Expense": NaN,
        "Interest Income Non Operating": NaN,
        "Operating Income": NaN,
        "Operating Expense": NaN,
        "Research And Development": NaN,
        "Selling General And Administration": NaN,
        "General And Administrative Expense": NaN,
        "Other Gand A": NaN,
        "Salaries And Wages": NaN,
        "Total Revenue": NaN,
        "Operating Revenue": NaN
    },
    "2023-06-30": {
        "Tax Effect Of Unusual Items": NaN,
        "Tax Rate For Calcs": NaN,
        "Normalized EBITDA": NaN,
        "Total Unusual Items": -1122000.0,
        "Total Unusual Items Excluding Goodwill": -1122000.0,
        "Net Income From Continuing Operation Net Minority Interest": NaN,
        "Reconciled Depreciation": NaN,
        "EBITDA": NaN,
        "EBIT": NaN,
        "Net Interest Income": NaN,
        "Interest Income": NaN,
        "Normalized Income": NaN,
        "Net Income From Continuing And Discontinued Operation": NaN,
        "Total Expenses": NaN,
        "Total Operating Income As Reported": NaN,
        "Diluted Average Shares": 122096270.0,
        "Basic Average Shares": 122096270.0,
        "Diluted EPS": -0.03665,
        "Basic EPS": -0.03665,
        "Diluted NI Availto Com Stockholders": NaN,
        "Net Income Common Stockholders": NaN,
        "Net Income": NaN,
        "Net Income Including Noncontrolling Interests": NaN,
        "Net Income Continuous Operations": NaN,
        "Tax Provision": NaN,
        "Pretax Income": NaN,
        "Other Income Expense": -1122000.0,
        "Gain On Sale Of Security": -1122000.0,
        "Net Non Operating Interest Income Expense": NaN,
        "Interest Income Non Operating": NaN,
        "Operating Income": NaN,
        "Operating Expense": NaN,
        "Research And Development": NaN,
        "Selling General And Administration": NaN,
        "General And Administrative Expense": NaN,
        "Other Gand A": NaN,
        "Salaries And Wages": 812383.0,
        "Total Revenue": NaN,
        "Operating Revenue": NaN
    },
    "2024-09-30": {
        "Tax Effect Of Unusual Items": 0.0,
        "Tax Rate For Calcs": 0.21,
        "Normalized EBITDA": -12214000.0,
        "Total Unusual Items": NaN,
        "Total Unusual Items Excluding Goodwill": NaN,
        "Net Income From Continuing Operation Net Minority Interest": -9960000.0,
        "Reconciled Depreciation": 68000.0,
        "EBITDA": -12214000.0,
        "EBIT": -12282000.0,
        "Net Interest Income": 2547000.0,
        "Interest Income": 2547000.0,
        "Normalized Income": -9960000.0,
        "Net Income From Continuing And Discontinued Operation": -9960000.0,
        "Total Expenses": 12282000.0,
        "Total Operating Income As Reported": -12282000.0,
        "Diluted Average Shares": 122134375.0,
        "Basic Average Shares": 122134375.0,
        "Diluted EPS": -0.08,
        "Basic EPS": -0.08,
        "Diluted NI Availto Com Stockholders": -9960000.0,
        "Net Income Common Stockholders": -9960000.0,
        "Net Income": -9960000.0,
        "Net Income Including Noncontrolling Interests": -9960000.0,
        "Net Income Continuous Operations": -9960000.0,
        "Tax Provision": 225000.0,
        "Pretax Income": -9735000.0,
        "Other Income Expense": NaN,
        "Gain On Sale Of Security": NaN,
        "Net Non Operating Interest Income Expense": 2547000.0,
        "Interest Income Non Operating": 2547000.0,
        "Operating Income": -12282000.0,
        "Operating Expense": 12282000.0,
        "Research And Development": 5050000.0,
        "Selling General And Administration": 7232000.0,
        "General And Administrative Expense": 7232000.0,
        "Other Gand A": 7232000.0,
        "Salaries And Wages": 3168622.0,
        "Total Revenue": 0.0,
        "Operating Revenue": 0.0
    },
    "2023-09-30": {
        "Tax Effect Of Unusual Items": NaN,
        "Tax Rate For Calcs": NaN,
        "Normalized EBITDA": NaN,
        "Total Unusual Items": -4083000.0,
        "Total Unusual Items Excluding Goodwill": -4083000.0,
        "Net Income From Continuing Operation Net Minority Interest": NaN,
        "Reconciled Depreciation": NaN,
        "EBITDA": NaN,
        "EBIT": NaN,
        "Net Interest Income": NaN,
        "Interest Income": NaN,
        "Normalized Income": NaN,
        "Net Income From Continuing And Discontinued Operation": NaN,
        "Total Expenses": NaN,
        "Total Operating Income As Reported": NaN,
        "Diluted Average Shares": 70320242.0,
        "Basic Average Shares": 70320242.0,
        "Diluted EPS": -0.123264,
        "Basic EPS": -0.123264,
        "Diluted NI Availto Com Stockholders": NaN,
        "Net Income Common Stockholders": NaN,
        "Net Income": NaN,
        "Net Income Including Noncontrolling Interests": NaN,
        "Net Income Continuous Operations": NaN,
        "Tax Provision": NaN,
        "Pretax Income": NaN,
        "Other Income Expense": -4083000.0,
        "Gain On Sale Of Security": -4083000.0,
        "Net Non Operating Interest Income Expense": NaN,
        "Interest Income Non Operating": NaN,
        "Operating Income": NaN,
        "Operating Expense": NaN,
        "Research And Development": NaN,
        "Selling General And Administration": NaN,
        "General And Administrative Expense": NaN,
        "Other Gand A": NaN,
        "Salaries And Wages": 1273304.0,
        "Total Revenue": NaN,
        "Operating Revenue": NaN
    },
    "2024-12-31": {
        "Tax Effect Of Unusual Items": 431751.39,
        "Tax Rate For Calcs": 0.21,
        "Normalized EBITDA": -17346926.0,
        "Total Unusual Items": 2055959.0,
        "Total Unusual Items Excluding Goodwill": 2055959.0,
        "Net Income From Continuing Operation Net Minority Interest": -10288767.0,
        "Reconciled Depreciation": 87580.0,
        "EBITDA": -15290967.0,
        "EBIT": -15378547.0,
        "Net Interest Income": 3328237.0,
        "Interest Income": 3328237.0,
        "Normalized Income": -11912974.61,
        "Net Income From Continuing And Discontinued Operation": -10288767.0,
        "Total Expenses": 15378547.0,
        "Total Operating Income As Reported": -15378547.0,
        "Diluted Average Shares": NaN,
        "Basic Average Shares": NaN,
        "Diluted EPS": NaN,
        "Basic EPS": NaN,
        "Diluted NI Availto Com Stockholders": 477645833.0,
        "Net Income Common Stockholders": 477645833.0,
        "Net Income": -10288767.0,
        "Net Income Including Noncontrolling Interests": -10288767.0,
        "Net Income Continuous Operations": -10288767.0,
        "Tax Provision": 294416.0,
        "Pretax Income": -9994351.0,
        "Other Income Expense": 2055959.0,
        "Gain On Sale Of Security": 2055959.0,
        "Net Non Operating Interest Income Expense": 3328237.0,
        "Interest Income Non Operating": 3328237.0,
        "Operating Income": -15378547.0,
        "Operating Expense": 15378547.0,
        "Research And Development": 7282146.0,
        "Selling General And Administration": 8096401.0,
        "General And Administrative Expense": 8096401.0,
        "Other Gand A": 16407206.0,
        "Salaries And Wages": NaN,
        "Total Revenue": 0.0,
        "Operating Revenue": 0.0
    },
    "2023-12-31": {
        "Tax Effect Of Unusual Items": NaN,
        "Tax Rate For Calcs": NaN,
        "Normalized EBITDA": NaN,
        "Total Unusual Items": -7139000.0,
        "Total Unusual Items Excluding Goodwill": -7139000.0,
        "Net Income From Continuing Operation Net Minority Interest": NaN,
        "Reconciled Depreciation": NaN,
        "EBITDA": NaN,
        "EBIT": NaN,
        "Net Interest Income": NaN,
        "Interest Income": NaN,
        "Normalized Income": NaN,
        "Net Income From Continuing And Discontinued Operation": NaN,
        "Total Expenses": NaN,
        "Total Operating Income As Reported": NaN,
        "Diluted Average Shares": NaN,
        "Basic Average Shares": NaN,
        "Diluted EPS": NaN,
        "Basic EPS": NaN,
        "Diluted NI Availto Com Stockholders": NaN,
        "Net Income Common Stockholders": NaN,
        "Net Income": NaN,
        "Net Income Including Noncontrolling Interests": NaN,
        "Net Income Continuous Operations": NaN,
        "Tax Provision": NaN,
        "Pretax Income": NaN,
        "Other Income Expense": -7139000.0,
        "Gain On Sale Of Security": -7139000.0,
        "Net Non Operating Interest Income Expense": NaN,
        "Interest Income Non Operating": NaN,
        "Operating Income": NaN,
        "Operating Expense": NaN,
        "Research And Development": NaN,
        "Selling General And Administration": NaN,
        "General And Administrative Expense": NaN,
        "Other Gand A": NaN,
        "Salaries And Wages": NaN,
        "Total Revenue": NaN,
        "Operating Revenue": NaN
    },
    "2025-03-31": {
        "Tax Effect Of Unusual Items": 0.0,
        "Tax Rate For Calcs": 0.303,
        "Normalized EBITDA": -17750000.0,
        "Total Unusual Items": NaN,
        "Total Unusual Items Excluding Goodwill": NaN,
        "Net Income From Continuing Operation Net Minority Interest": -9810000.0,
        "Reconciled Depreciation": 124000.0,
        "EBITDA": -17750000.0,
        "EBIT": -17874000.0,
        "Net Interest Income": 3653000.0,
        "Interest Income": 3653000.0,
        "Normalized Income": -9810000.0,
        "Net Income From Continuing And Discontinued Operation": -9810000.0,
        "Total Expenses": 17874000.0,
        "Total Operating Income As Reported": -17874000.0,
        "Diluted Average Shares": 138109974.0,
        "Basic Average Shares": 138109974.0,
        "Diluted EPS": -0.07,
        "Basic EPS": -0.07,
        "Diluted NI Availto Com Stockholders": -9810000.0,
        "Net Income Common Stockholders": -9810000.0,
        "Net Income": -9810000.0,
        "Net Income Including Noncontrolling Interests": -9810000.0,
        "Net Income Continuous Operations": -9810000.0,
        "Tax Provision": -4411000.0,
        "Pretax Income": -14221000.0,
        "Other Income Expense": NaN,
        "Gain On Sale Of Security": NaN,
        "Net Non Operating Interest Income Expense": 3653000.0,
        "Interest Income Non Operating": 3653000.0,
        "Operating Income": -17874000.0,
        "Operating Expense": 17874000.0,
        "Research And Development": 7846000.0,
        "Selling General And Administration": 10028000.0,
        "General And Administrative Expense": 10028000.0,
        "Other Gand A": 10028000.0,
        "Salaries And Wages": NaN,
        "Total Revenue": 0.0,
        "Operating Revenue": 0.0
    },
    "2025-06-30": {
        "Tax Effect Of Unusual Items": 0.0,
        "Tax Rate For Calcs": 0.21,
        "Normalized EBITDA": -27890000.0,
        "Total Unusual Items": NaN,
        "Total Unusual Items Excluding Goodwill": NaN,
        "Net Income From Continuing Operation Net Minority Interest": -24685000.0,
        "Reconciled Depreciation": 125000.0,
        "EBITDA": -27890000.0,
        "EBIT": -28015000.0,
        "Net Interest Income": 3761000.0,
        "Interest Income": 3761000.0,
        "Normalized Income": -24685000.0,
        "Net Income From Continuing And Discontinued Operation": -24685000.0,
        "Total Expenses": 28015000.0,
        "Total Operating Income As Reported": -28015000.0,
        "Diluted Average Shares": 140085498.0,
        "Basic Average Shares": 140085498.0,
        "Diluted EPS": -0.18,
        "Basic EPS": -0.18,
        "Diluted NI Availto Com Stockholders": -24685000.0,
        "Net Income Common Stockholders": -24685000.0,
        "Net Income": -24685000.0,
        "Net Income Including Noncontrolling Interests": -24685000.0,
        "Net Income Continuous Operations": -24685000.0,
        "Tax Provision": 431000.0,
        "Pretax Income": -24254000.0,
        "Other Income Expense": NaN,
        "Gain On Sale Of Security": NaN,
        "Net Non Operating Interest Income Expense": 3761000.0,
        "Interest Income Non Operating": 3761000.0,
        "Operating Income": -28015000.0,
        "Operating Expense": 28015000.0,
        "Research And Development": 11468000.0,
        "Selling General And Administration": 16547000.0,
        "General And Administrative Expense": 16547000.0,
        "Other Gand A": 16547000.0,
        "Salaries And Wages": NaN,
        "Total Revenue": 0.0,
        "Operating Revenue": 0.0
    },
    "2025-09-30": {
        "Tax Effect Of Unusual Items": 0.0,
        "Tax Rate For Calcs": 0.21,
        "Normalized EBITDA": -36185000.0,
        "Total Unusual Items": NaN,
        "Total Unusual Items Excluding Goodwill": NaN,
        "Net Income From Continuing Operation Net Minority Interest": -29722000.0,
        "Reconciled Depreciation": 124000.0,
        "EBITDA": -36185000.0,
        "EBIT": -36309000.0,
        "Net Interest Income": 7118000.0,
        "Interest Income": 7118000.0,
        "Normalized Income": -29722000.0,
        "Net Income From Continuing And Discontinued Operation": -29722000.0,
        "Total Expenses": 36309000.0,
        "Total Operating Income As Reported": -36309000.0,
        "Diluted Average Shares": 150364909.0,
        "Basic Average Shares": 150364909.0,
        "Diluted EPS": -0.2,
        "Basic EPS": -0.2,
        "Diluted NI Availto Com Stockholders": -29722000.0,
        "Net Income Common Stockholders": -29722000.0,
        "Net Income": -29722000.0,
        "Net Income Including Noncontrolling Interests": -29722000.0,
        "Net Income Continuous Operations": -29722000.0,
        "Tax Provision": 531000.0,
        "Pretax Income": -29191000.0,
        "Other Income Expense": NaN,
        "Gain On Sale Of Security": NaN,
        "Net Non Operating Interest Income Expense": 7118000.0,
        "Interest Income Non Operating": 7118000.0,
        "Operating Income": -36309000.0,
        "Operating Expense": 36309000.0,
        "Research And Development": 14945000.0,
        "Selling General And Administration": 21364000.0,
        "General And Administrative Expense": 21364000.0,
        "Other Gand A": 21364000.0,
        "Salaries And Wages": NaN,
        "Total Revenue": 0.0,
        "Operating Revenue": 0.0
    }
}