{
    "2023-03-31": {
        "Tax Effect Of Unusual Items": NaN,
        "Tax Rate For Calcs": NaN,
        "Normalized EBITDA": NaN,
        "Total Unusual Items": -327925.0,
        "Total Unusual Items Excluding Goodwill": -327925.0,
        "Net Income From Continuing Operation Net Minority Interest": NaN,
        "Reconciled Depreciation": NaN,
        "Reconciled Cost Of Revenue": NaN,
        "EBITDA": NaN,
        "EBIT": NaN,
        "Net Interest Income": NaN,
        "Interest Expense": NaN,
        "Normalized Income": NaN,
        "Net Income From Continuing And Discontinued Operation": NaN,
        "Total Expenses": NaN,
        "Total Operating Income As Reported": NaN,
        "Diluted Average Shares": NaN,
        "Basic Average Shares": NaN,
        "Diluted EPS": NaN,
        "Basic EPS": NaN,
        "Diluted NI Availto Com Stockholders": NaN,
        "Net Income Common Stockholders": NaN,
        "Preferred Stock Dividends": NaN,
        "Net Income": NaN,
        "Minority Interests": NaN,
        "Net Income Including Noncontrolling Interests": NaN,
        "Net Income Continuous Operations": NaN,
        "Tax Provision": NaN,
        "Pretax Income": NaN,
        "Other Income Expense": -213271.0,
        "Other Non Operating Income Expenses": 114654.0,
        "Gain On Sale Of Security": -327925.0,
        "Net Non Operating Interest Income Expense": NaN,
        "Interest Expense Non Operating": NaN,
        "Operating Income": NaN,
        "Operating Expense": NaN,
        "Depreciation Amortization Depletion Income Statement": NaN,
        "Depreciation And Amortization In Income Statement": NaN,
        "Amortization": NaN,
        "Amortization Of Intangibles Income Statement": NaN,
        "Depreciation Income Statement": NaN,
        "Selling General And Administration": NaN,
        "General And Administrative Expense": NaN,
        "Other Gand A": NaN,
        "Gross Profit": NaN,
        "Cost Of Revenue": NaN,
        "Total Revenue": NaN,
        "Operating Revenue": NaN
    },
    "2022-12-31": {
        "Tax Effect Of Unusual Items": NaN,
        "Tax Rate For Calcs": NaN,
        "Normalized EBITDA": NaN,
        "Total Unusual Items": NaN,
        "Total Unusual Items Excluding Goodwill": NaN,
        "Net Income From Continuing Operation Net Minority Interest": NaN,
        "Reconciled Depreciation": NaN,
        "Reconciled Cost Of Revenue": NaN,
        "EBITDA": NaN,
        "EBIT": NaN,
        "Net Interest Income": 0.0,
        "Interest Expense": 0.0,
        "Normalized Income": NaN,
        "Net Income From Continuing And Discontinued Operation": NaN,
        "Total Expenses": NaN,
        "Total Operating Income As Reported": NaN,
        "Diluted Average Shares": NaN,
        "Basic Average Shares": NaN,
        "Diluted EPS": NaN,
        "Basic EPS": NaN,
        "Diluted NI Availto Com Stockholders": NaN,
        "Net Income Common Stockholders": NaN,
        "Preferred Stock Dividends": NaN,
        "Net Income": NaN,
        "Minority Interests": NaN,
        "Net Income Including Noncontrolling Interests": NaN,
        "Net Income Continuous Operations": NaN,
        "Tax Provision": NaN,
        "Pretax Income": NaN,
        "Other Income Expense": NaN,
        "Other Non Operating Income Expenses": 0.0,
        "Gain On Sale Of Security": NaN,
        "Net Non Operating Interest Income Expense": 0.0,
        "Interest Expense Non Operating": 0.0,
        "Operating Income": NaN,
        "Operating Expense": NaN,
        "Depreciation Amortization Depletion Income Statement": NaN,
        "Depreciation And Amortization In Income Statement": NaN,
        "Amortization": NaN,
        "Amortization Of Intangibles Income Statement": NaN,
        "Depreciation Income Statement": NaN,
        "Selling General And Administration": NaN,
        "General And Administrative Expense": NaN,
        "Other Gand A": NaN,
        "Salaries And Wages": 1267813.0,
        "Gross Profit": NaN,
        "Cost Of Revenue": NaN,
        "Total Revenue": NaN,
        "Operating Revenue": NaN
    },
    "2022-09-30": {
        "Tax Effect Of Unusual Items": NaN,
        "Tax Rate For Calcs": NaN,
        "Normalized EBITDA": NaN,
        "Total Unusual Items": NaN,
        "Total Unusual Items Excluding Goodwill": NaN,
        "Net Income From Continuing Operation Net Minority Interest": NaN,
        "Reconciled Depreciation": NaN,
        "Reconciled Cost Of Revenue": NaN,
        "EBITDA": NaN,
        "EBIT": NaN,
        "Net Interest Income": 0.0,
        "Interest Expense": 0.0,
        "Normalized Income": NaN,
        "Net Income From Continuing And Discontinued Operation": NaN,
        "Total Expenses": NaN,
        "Total Operating Income As Reported": NaN,
        "Diluted Average Shares": 1470280.0,
        "Basic Average Shares": 1470280.0,
        "Diluted EPS": -1.3,
        "Basic EPS": -1.3,
        "Diluted NI Availto Com Stockholders": NaN,
        "Net Income Common Stockholders": NaN,
        "Preferred Stock Dividends": NaN,
        "Net Income": NaN,
        "Minority Interests": NaN,
        "Net Income Including Noncontrolling Interests": NaN,
        "Net Income Continuous Operations": NaN,
        "Tax Provision": NaN,
        "Pretax Income": NaN,
        "Other Income Expense": NaN,
        "Other Non Operating Income Expenses": -9989.0,
        "Gain On Sale Of Security": NaN,
        "Net Non Operating Interest Income Expense": 0.0,
        "Interest Expense Non Operating": 0.0,
        "Operating Income": NaN,
        "Operating Expense": NaN,
        "Depreciation Amortization Depletion Income Statement": NaN,
        "Depreciation And Amortization In Income Statement": NaN,
        "Amortization": NaN,
        "Amortization Of Intangibles Income Statement": NaN,
        "Depreciation Income Statement": NaN,
        "Selling General And Administration": NaN,
        "General And Administrative Expense": NaN,
        "Other Gand A": NaN,
        "Salaries And Wages": 649012.0,
        "Gross Profit": NaN,
        "Cost Of Revenue": NaN,
        "Total Revenue": NaN,
        "Operating Revenue": NaN
    },
    "2022-06-30": {
        "Tax Effect Of Unusual Items": 0.0,
        "Tax Rate For Calcs": 0.0,
        "Normalized EBITDA": 167893.0,
        "Total Unusual Items": NaN,
        "Total Unusual Items Excluding Goodwill": NaN,
        "Net Income From Continuing Operation Net Minority Interest": -1437954.0,
        "Reconciled Depreciation": 1438969.0,
        "Reconciled Cost Of Revenue": 6839019.0,
        "EBITDA": 167893.0,
        "EBIT": -1437954.0,
        "Net Interest Income": 0.0,
        "Interest Expense": 0.0,
        "Normalized Income": -1437954.0,
        "Net Income From Continuing And Discontinued Operation": -1437954.0,
        "Total Expenses": 10203557.0,
        "Total Operating Income As Reported": -1831122.0,
        "Diluted Average Shares": 14702804.0,
        "Basic Average Shares": 14702804.0,
        "Diluted EPS": -0.11,
        "Basic EPS": -0.11,
        "Diluted NI Availto Com Stockholders": -1437954.0,
        "Net Income Common Stockholders": -1437954.0,
        "Preferred Stock Dividends": NaN,
        "Net Income": -1437954.0,
        "Minority Interests": NaN,
        "Net Income Including Noncontrolling Interests": -1437954.0,
        "Net Income Continuous Operations": -1437954.0,
        "Tax Provision": 0.0,
        "Pretax Income": -1437954.0,
        "Other Income Expense": 393168.0,
        "Other Non Operating Income Expenses": 393168.0,
        "Gain On Sale Of Security": NaN,
        "Net Non Operating Interest Income Expense": 0.0,
        "Interest Expense Non Operating": 0.0,
        "Operating Income": -1831122.0,
        "Operating Expense": 3531416.0,
        "Depreciation Amortization Depletion Income Statement": 1605847.0,
        "Depreciation And Amortization In Income Statement": 1605847.0,
        "Amortization": 903353.0,
        "Amortization Of Intangibles Income Statement": 903353.0,
        "Depreciation Income Statement": 702494.0,
        "Selling General And Administration": 1925569.0,
        "General And Administrative Expense": 1925569.0,
        "Other Gand A": 1302655.0,
        "Salaries And Wages": 622914.0,
        "Gross Profit": 1700294.0,
        "Cost Of Revenue": 6672141.0,
        "Total Revenue": 8372435.0,
        "Operating Revenue": 8040109.0
    },
    "2022-03-31": {
        "Diluted EPS": -0.11,
        "Total Revenue": 9,
        "Gross Profit": 3,
        "Operating Income": -1,
        "EBIT": 0,
        "Net Income": -2
    },
    "2021-12-31": {
        "Diluted EPS": -0.33,
        "Total Revenue": 9,
        "Gross Profit": 1,
        "Operating Income": -2,
        "EBIT": -1,
        "Net Income": -3
    },
    "2021-09-30": {
        "Diluted EPS": -0.11,
        "Total Revenue": 3,
        "Gross Profit": 1,
        "Operating Income": -1,
        "EBIT": -1,
        "Net Income": -1
    },
    "2021-06-30": {
        "Diluted EPS": -0.09,
        "Total Revenue": 3,
        "Gross Profit": 1,
        "Operating Income": -1,
        "EBIT": 0,
        "Net Income": -1
    },
    "2021-03-31": {
        "Diluted EPS": -0.17,
        "Total Revenue": 2,
        "Gross Profit": 1,
        "Operating Income": -1,
        "EBIT": -1,
        "Net Income": -1
    },
    "2020-12-31": {
        "Diluted EPS": 0.0,
        "Total Revenue": 3,
        "Gross Profit": 1,
        "Operating Income": 0,
        "EBIT": 0,
        "Net Income": 0
    },
    "2020-09-30": {
        "Diluted EPS": -0.11,
        "Total Revenue": 2,
        "Gross Profit": 1,
        "Operating Income": 0,
        "EBIT": 0,
        "Net Income": -1
    },
    "2020-06-30": {
        "Diluted EPS": -0.09,
        "Total Revenue": 2,
        "Gross Profit": 1,
        "Operating Income": 0,
        "EBIT": 0,
        "Net Income": -1
    },
    "2020-03-31": {
        "Diluted EPS": -0.1,
        "Total Revenue": 3,
        "Gross Profit": 1,
        "Operating Income": 0,
        "EBIT": 0,
        "Net Income": -1
    },
    "2019-12-31": {
        "Diluted EPS": 0.0,
        "Total Revenue": NaN,
        "Gross Profit": NaN,
        "Operating Income": NaN,
        "EBIT": NaN,
        "Net Income": NaN
    },
    "2018-12-31": {
        "Diluted EPS": 0.0,
        "Total Revenue": NaN,
        "Gross Profit": NaN,
        "Operating Income": NaN,
        "EBIT": NaN,
        "Net Income": NaN
    },
    "2023-06-30": {
        "Tax Effect Of Unusual Items": NaN,
        "Tax Rate For Calcs": NaN,
        "Normalized EBITDA": NaN,
        "Total Unusual Items": 42193.0,
        "Total Unusual Items Excluding Goodwill": 42193.0,
        "Net Income From Continuing Operation Net Minority Interest": NaN,
        "Reconciled Depreciation": NaN,
        "Reconciled Cost Of Revenue": NaN,
        "EBITDA": NaN,
        "EBIT": NaN,
        "Net Interest Income": 0.0,
        "Interest Expense": 0.0,
        "Normalized Income": NaN,
        "Net Income From Continuing And Discontinued Operation": NaN,
        "Total Expenses": NaN,
        "Total Operating Income As Reported": NaN,
        "Diluted Average Shares": 1514821.0,
        "Basic Average Shares": 1514821.0,
        "Diluted EPS": -0.41,
        "Basic EPS": -0.41,
        "Diluted NI Availto Com Stockholders": NaN,
        "Net Income Common Stockholders": NaN,
        "Preferred Stock Dividends": NaN,
        "Net Income": NaN,
        "Minority Interests": NaN,
        "Net Income Including Noncontrolling Interests": NaN,
        "Net Income Continuous Operations": NaN,
        "Tax Provision": NaN,
        "Pretax Income": NaN,
        "Other Income Expense": 42193.0,
        "Other Non Operating Income Expenses": NaN,
        "Gain On Sale Of Security": 42193.0,
        "Net Non Operating Interest Income Expense": 0.0,
        "Interest Expense Non Operating": 0.0,
        "Operating Income": NaN,
        "Operating Expense": NaN,
        "Depreciation Amortization Depletion Income Statement": NaN,
        "Depreciation And Amortization In Income Statement": NaN,
        "Amortization": NaN,
        "Amortization Of Intangibles Income Statement": NaN,
        "Depreciation Income Statement": NaN,
        "Selling General And Administration": NaN,
        "General And Administrative Expense": NaN,
        "Other Gand A": NaN,
        "Gross Profit": NaN,
        "Cost Of Revenue": NaN,
        "Total Revenue": NaN,
        "Operating Revenue": NaN
    },
    "2023-09-30": {
        "Tax Effect Of Unusual Items": NaN,
        "Tax Rate For Calcs": NaN,
        "Normalized EBITDA": NaN,
        "Total Unusual Items": -24947.0,
        "Total Unusual Items Excluding Goodwill": -24947.0,
        "Net Income From Continuing Operation Net Minority Interest": NaN,
        "Reconciled Depreciation": NaN,
        "Reconciled Cost Of Revenue": NaN,
        "EBITDA": NaN,
        "EBIT": NaN,
        "Net Interest Income": NaN,
        "Interest Expense": NaN,
        "Normalized Income": NaN,
        "Net Income From Continuing And Discontinued Operation": NaN,
        "Total Expenses": NaN,
        "Total Operating Income As Reported": NaN,
        "Diluted Average Shares": 1514821.0,
        "Basic Average Shares": 1514821.0,
        "Diluted EPS": -1.21,
        "Basic EPS": -1.21,
        "Diluted NI Availto Com Stockholders": NaN,
        "Net Income Common Stockholders": NaN,
        "Preferred Stock Dividends": NaN,
        "Net Income": NaN,
        "Minority Interests": NaN,
        "Net Income Including Noncontrolling Interests": NaN,
        "Net Income Continuous Operations": NaN,
        "Tax Provision": NaN,
        "Pretax Income": NaN,
        "Other Income Expense": -24947.0,
        "Other Non Operating Income Expenses": NaN,
        "Gain On Sale Of Security": -24947.0,
        "Net Non Operating Interest Income Expense": NaN,
        "Interest Expense Non Operating": NaN,
        "Operating Income": NaN,
        "Operating Expense": NaN,
        "Depreciation Amortization Depletion Income Statement": NaN,
        "Depreciation And Amortization In Income Statement": NaN,
        "Amortization": NaN,
        "Amortization Of Intangibles Income Statement": NaN,
        "Depreciation Income Statement": NaN,
        "Selling General And Administration": NaN,
        "General And Administrative Expense": NaN,
        "Other Gand A": NaN,
        "Gross Profit": NaN,
        "Cost Of Revenue": NaN,
        "Total Revenue": NaN,
        "Operating Revenue": NaN
    },
    "2023-12-31": {
        "Tax Effect Of Unusual Items": NaN,
        "Tax Rate For Calcs": NaN,
        "Normalized EBITDA": NaN,
        "Total Unusual Items": -12279863.0,
        "Total Unusual Items Excluding Goodwill": -12279863.0,
        "Net Income From Continuing Operation Net Minority Interest": NaN,
        "Reconciled Depreciation": NaN,
        "Reconciled Cost Of Revenue": NaN,
        "EBITDA": NaN,
        "EBIT": NaN,
        "Net Interest Income": NaN,
        "Interest Expense": NaN,
        "Normalized Income": NaN,
        "Net Income From Continuing And Discontinued Operation": NaN,
        "Total Expenses": NaN,
        "Total Operating Income As Reported": NaN,
        "Diluted Average Shares": NaN,
        "Basic Average Shares": NaN,
        "Diluted EPS": NaN,
        "Basic EPS": NaN,
        "Diluted NI Availto Com Stockholders": NaN,
        "Net Income Common Stockholders": NaN,
        "Preferred Stock Dividends": NaN,
        "Net Income": NaN,
        "Minority Interests": NaN,
        "Net Income Including Noncontrolling Interests": NaN,
        "Net Income Continuous Operations": NaN,
        "Tax Provision": NaN,
        "Pretax Income": NaN,
        "Other Income Expense": -12354197.0,
        "Other Non Operating Income Expenses": -74334.0,
        "Gain On Sale Of Security": 622925.0,
        "Net Non Operating Interest Income Expense": NaN,
        "Interest Expense Non Operating": NaN,
        "Operating Income": NaN,
        "Operating Expense": NaN,
        "Depreciation Amortization Depletion Income Statement": NaN,
        "Depreciation And Amortization In Income Statement": NaN,
        "Amortization": NaN,
        "Amortization Of Intangibles Income Statement": NaN,
        "Depreciation Income Statement": NaN,
        "Selling General And Administration": NaN,
        "General And Administrative Expense": NaN,
        "Other Gand A": NaN,
        "Gross Profit": NaN,
        "Cost Of Revenue": NaN,
        "Total Revenue": NaN,
        "Operating Revenue": NaN
    },
    "2024-03-31": {
        "Tax Effect Of Unusual Items": 0.0,
        "Tax Rate For Calcs": 0.0,
        "Normalized EBITDA": -1947084.0,
        "Total Unusual Items": 499960.0,
        "Total Unusual Items Excluding Goodwill": 499960.0,
        "Net Income From Continuing Operation Net Minority Interest": -2371596.0,
        "Reconciled Depreciation": 940481.0,
        "Reconciled Cost Of Revenue": 3769931.0,
        "EBITDA": -1447124.0,
        "EBIT": -2387605.0,
        "Net Interest Income": -13013.0,
        "Interest Expense": 13013.0,
        "Normalized Income": -2871556.0,
        "Net Income From Continuing And Discontinued Operation": -2371596.0,
        "Total Expenses": 6383747.0,
        "Total Operating Income As Reported": -2887565.0,
        "Diluted Average Shares": 1748423.0,
        "Basic Average Shares": 1748423.0,
        "Diluted EPS": -1.4,
        "Basic EPS": -1.4,
        "Diluted NI Availto Com Stockholders": -2402907.0,
        "Net Income Common Stockholders": -2402907.0,
        "Preferred Stock Dividends": 31311.0,
        "Net Income": -2371596.0,
        "Minority Interests": 29022.0,
        "Net Income Including Noncontrolling Interests": -2400618.0,
        "Net Income Continuous Operations": -2400618.0,
        "Tax Provision": 0.0,
        "Pretax Income": -2400618.0,
        "Other Income Expense": 499960.0,
        "Other Non Operating Income Expenses": NaN,
        "Gain On Sale Of Security": 499960.0,
        "Net Non Operating Interest Income Expense": -13013.0,
        "Interest Expense Non Operating": 13013.0,
        "Operating Income": -2887565.0,
        "Operating Expense": 2613816.0,
        "Depreciation Amortization Depletion Income Statement": 940481.0,
        "Depreciation And Amortization In Income Statement": 940481.0,
        "Amortization": 190961.0,
        "Amortization Of Intangibles Income Statement": 190961.0,
        "Depreciation Income Statement": 749520.0,
        "Selling General And Administration": 1673335.0,
        "General And Administrative Expense": 1673335.0,
        "Other Gand A": 1673335.0,
        "Gross Profit": -273749.0,
        "Cost Of Revenue": 3769931.0,
        "Total Revenue": 3496182.0,
        "Operating Revenue": 3387314.0
    },
    "2024-06-30": {
        "Tax Effect Of Unusual Items": 0.0,
        "Tax Rate For Calcs": 0.0,
        "Normalized EBITDA": -1653565.0,
        "Total Unusual Items": NaN,
        "Total Unusual Items Excluding Goodwill": NaN,
        "Net Income From Continuing Operation Net Minority Interest": -2648012.0,
        "Reconciled Depreciation": 961518.0,
        "Reconciled Cost Of Revenue": 3661877.0,
        "EBITDA": -1653565.0,
        "EBIT": -2615083.0,
        "Net Interest Income": -32929.0,
        "Interest Expense": 32929.0,
        "Normalized Income": -2648012.0,
        "Net Income From Continuing And Discontinued Operation": -2648012.0,
        "Total Expenses": 6136237.0,
        "Total Operating Income As Reported": -2615083.0,
        "Diluted Average Shares": 1797583.0,
        "Basic Average Shares": 1797583.0,
        "Diluted EPS": -1.49,
        "Basic EPS": -1.49,
        "Diluted NI Availto Com Stockholders": -2678982.0,
        "Net Income Common Stockholders": -2678982.0,
        "Preferred Stock Dividends": 30970.0,
        "Net Income": -2648012.0,
        "Minority Interests": 0.0,
        "Net Income Including Noncontrolling Interests": -2648012.0,
        "Net Income Continuous Operations": -2648012.0,
        "Tax Provision": 0.0,
        "Pretax Income": -2648012.0,
        "Other Income Expense": NaN,
        "Other Non Operating Income Expenses": NaN,
        "Gain On Sale Of Security": NaN,
        "Net Non Operating Interest Income Expense": -32929.0,
        "Interest Expense Non Operating": 32929.0,
        "Operating Income": -2615083.0,
        "Operating Expense": 2474360.0,
        "Depreciation Amortization Depletion Income Statement": 961518.0,
        "Depreciation And Amortization In Income Statement": 961518.0,
        "Amortization": 117847.0,
        "Amortization Of Intangibles Income Statement": 117847.0,
        "Depreciation Income Statement": 843671.0,
        "Selling General And Administration": 1512842.0,
        "General And Administrative Expense": 1512842.0,
        "Other Gand A": 1512842.0,
        "Gross Profit": -140723.0,
        "Cost Of Revenue": 3661877.0,
        "Total Revenue": 3521154.0,
        "Operating Revenue": 3376128.0
    },
    "2024-09-30": {
        "Tax Effect Of Unusual Items": 0.0,
        "Tax Rate For Calcs": 0.0,
        "Normalized EBITDA": -861742.0,
        "Total Unusual Items": NaN,
        "Total Unusual Items Excluding Goodwill": NaN,
        "Net Income From Continuing Operation Net Minority Interest": -1630258.0,
        "Reconciled Depreciation": 768516.0,
        "Reconciled Cost Of Revenue": 3209198.0,
        "EBITDA": -861742.0,
        "EBIT": -1630258.0,
        "Net Interest Income": 0.0,
        "Interest Expense": 0.0,
        "Normalized Income": -1630258.0,
        "Net Income From Continuing And Discontinued Operation": -1630258.0,
        "Total Expenses": 4714180.0,
        "Total Operating Income As Reported": -1630258.0,
        "Diluted Average Shares": 1798393.0,
        "Basic Average Shares": 1798393.0,
        "Diluted EPS": -0.92,
        "Basic EPS": -0.92,
        "Diluted NI Availto Com Stockholders": -1661569.0,
        "Net Income Common Stockholders": -1661569.0,
        "Preferred Stock Dividends": 31311.0,
        "Net Income": -1630258.0,
        "Minority Interests": 0.0,
        "Net Income Including Noncontrolling Interests": -1630258.0,
        "Net Income Continuous Operations": -1630258.0,
        "Tax Provision": 0.0,
        "Pretax Income": -1630258.0,
        "Other Income Expense": NaN,
        "Other Non Operating Income Expenses": NaN,
        "Gain On Sale Of Security": NaN,
        "Net Non Operating Interest Income Expense": 0.0,
        "Interest Expense Non Operating": 0.0,
        "Operating Income": -1630258.0,
        "Operating Expense": 1504982.0,
        "Depreciation Amortization Depletion Income Statement": 768516.0,
        "Depreciation And Amortization In Income Statement": 768516.0,
        "Amortization": 112499.0,
        "Amortization Of Intangibles Income Statement": 112499.0,
        "Depreciation Income Statement": 656017.0,
        "Selling General And Administration": 736466.0,
        "General And Administrative Expense": 736466.0,
        "Other Gand A": 736466.0,
        "Gross Profit": -125276.0,
        "Cost Of Revenue": 3209198.0,
        "Total Revenue": 3083922.0,
        "Operating Revenue": 3040573.0
    },
    "2024-12-31": {
        "Tax Effect Of Unusual Items": 0.0,
        "Tax Rate For Calcs": 0.0,
        "Normalized EBITDA": -1101649.0,
        "Total Unusual Items": -2964947.0,
        "Total Unusual Items Excluding Goodwill": -2964947.0,
        "Net Income From Continuing Operation Net Minority Interest": -4546023.0,
        "Reconciled Depreciation": 479427.0,
        "Reconciled Cost Of Revenue": 2961180.0,
        "EBITDA": -4066596.0,
        "EBIT": -4546023.0,
        "Net Interest Income": 0.0,
        "Interest Expense": 0.0,
        "Normalized Income": -1581076.0,
        "Net Income From Continuing And Discontinued Operation": -4546023.0,
        "Total Expenses": 4318806.0,
        "Total Operating Income As Reported": -4543545.0,
        "Diluted Average Shares": NaN,
        "Basic Average Shares": NaN,
        "Diluted EPS": NaN,
        "Basic EPS": NaN,
        "Diluted NI Availto Com Stockholders": -4577334.0,
        "Net Income Common Stockholders": -4577334.0,
        "Preferred Stock Dividends": 31311.0,
        "Net Income": -4546023.0,
        "Minority Interests": 0.0,
        "Net Income Including Noncontrolling Interests": -4546023.0,
        "Net Income Continuous Operations": -4546023.0,
        "Tax Provision": 0.0,
        "Pretax Income": -4546023.0,
        "Other Income Expense": -2964947.0,
        "Other Non Operating Income Expenses": NaN,
        "Gain On Sale Of Security": -2478.0,
        "Net Non Operating Interest Income Expense": 0.0,
        "Interest Expense Non Operating": 0.0,
        "Operating Income": -1581076.0,
        "Operating Expense": 1357626.0,
        "Depreciation Amortization Depletion Income Statement": 479427.0,
        "Depreciation And Amortization In Income Statement": 479427.0,
        "Amortization": 112498.0,
        "Amortization Of Intangibles Income Statement": 112498.0,
        "Depreciation Income Statement": 366929.0,
        "Selling General And Administration": 878199.0,
        "General And Administrative Expense": 878199.0,
        "Other Gand A": 878199.0,
        "Gross Profit": -223450.0,
        "Cost Of Revenue": 2961180.0,
        "Total Revenue": 2737730.0,
        "Operating Revenue": 2523747.0
    },
    "2025-03-31": {
        "Tax Effect Of Unusual Items": 0.0,
        "Tax Rate For Calcs": 0.0,
        "Normalized EBITDA": -601358.0,
        "Total Unusual Items": NaN,
        "Total Unusual Items Excluding Goodwill": NaN,
        "Net Income From Continuing Operation Net Minority Interest": -1088998.0,
        "Reconciled Depreciation": 262073.0,
        "Reconciled Cost Of Revenue": 2340418.0,
        "EBITDA": -601358.0,
        "EBIT": -863679.0,
        "Net Interest Income": -225319.0,
        "Interest Expense": 225319.0,
        "Normalized Income": -1088998.0,
        "Net Income From Continuing And Discontinued Operation": -1088998.0,
        "Total Expenses": 3170215.0,
        "Total Operating Income As Reported": -848679.0,
        "Diluted Average Shares": 2360939.0,
        "Basic Average Shares": 2360939.0,
        "Diluted EPS": -0.47,
        "Basic EPS": -0.47,
        "Diluted NI Availto Com Stockholders": -1119628.0,
        "Net Income Common Stockholders": -1119628.0,
        "Preferred Stock Dividends": 30630.0,
        "Net Income": -1088998.0,
        "Minority Interests": 0.0,
        "Net Income Including Noncontrolling Interests": -1088998.0,
        "Net Income Continuous Operations": -1088998.0,
        "Tax Provision": 0.0,
        "Pretax Income": -1088998.0,
        "Other Income Expense": -15000.0,
        "Other Non Operating Income Expenses": -15000.0,
        "Gain On Sale Of Security": NaN,
        "Net Non Operating Interest Income Expense": -225319.0,
        "Interest Expense Non Operating": 225319.0,
        "Operating Income": -848679.0,
        "Operating Expense": 830045.0,
        "Depreciation Amortization Depletion Income Statement": 262321.0,
        "Depreciation And Amortization In Income Statement": 262321.0,
        "Amortization": 3972.0,
        "Amortization Of Intangibles Income Statement": 3972.0,
        "Depreciation Income Statement": 258349.0,
        "Selling General And Administration": 567724.0,
        "General And Administrative Expense": 567724.0,
        "Other Gand A": 567724.0,
        "Gross Profit": -18634.0,
        "Cost Of Revenue": 2340170.0,
        "Total Revenue": 2321536.0,
        "Operating Revenue": 2248899.0
    }
}