{
    "2023-03-31": {
        "Tax Effect Of Unusual Items": 0.0,
        "Tax Rate For Calcs": 0.0,
        "Normalized EBITDA": -31564000.0,
        "Net Income From Continuing Operation Net Minority Interest": -39683000.0,
        "Reconciled Depreciation": 186000.0,
        "EBITDA": -31564000.0,
        "EBIT": -31750000.0,
        "Net Interest Income": -3970000.0,
        "Interest Expense": 7933000.0,
        "Interest Income": 3963000.0,
        "Normalized Income": -39683000.0,
        "Net Income From Continuing And Discontinued Operation": -33701000.0,
        "Total Expenses": 35713000.0,
        "Total Operating Income As Reported": -35713000.0,
        "Diluted Average Shares": 62828765.0,
        "Basic Average Shares": 62828765.0,
        "Diluted EPS": -0.54,
        "Basic EPS": -0.54,
        "Diluted NI Availto Com Stockholders": -33701000.0,
        "Net Income Common Stockholders": -33701000.0,
        "Net Income": -33701000.0,
        "Net Income Including Noncontrolling Interests": -33701000.0,
        "Net Income Discontinuous Operations": 5982000.0,
        "Net Income Continuous Operations": -39683000.0,
        "Pretax Income": -39683000.0,
        "Net Non Operating Interest Income Expense": -3970000.0,
        "Interest Expense Non Operating": 7933000.0,
        "Interest Income Non Operating": 3963000.0,
        "Operating Income": -35713000.0,
        "Operating Expense": 35713000.0,
        "Research And Development": 24610000.0,
        "Selling General And Administration": 11103000.0,
        "General And Administrative Expense": 11103000.0,
        "Other Gand A": 9381000.0,
        "Salaries And Wages": 1722000.0,
        "Total Revenue": 0.0,
        "Operating Revenue": 0.0
    },
    "2022-12-31": {
        "Tax Effect Of Unusual Items": 0.0,
        "Tax Rate For Calcs": 0.0,
        "Normalized EBITDA": -37982000.0,
        "Net Income From Continuing Operation Net Minority Interest": -46048000.0,
        "Reconciled Depreciation": 163000.0,
        "EBITDA": -37982000.0,
        "EBIT": -38145000.0,
        "Net Interest Income": -5910000.0,
        "Interest Expense": 7903000.0,
        "Interest Income": 1993000.0,
        "Normalized Income": -46048000.0,
        "Net Income From Continuing And Discontinued Operation": 128733000.0,
        "Total Expenses": 40138000.0,
        "Total Operating Income As Reported": -40138000.0,
        "Diluted Average Shares": 62762932.0,
        "Basic Average Shares": 62762932.0,
        "Diluted EPS": 2.05,
        "Basic EPS": 2.05,
        "Diluted NI Availto Com Stockholders": 128733000.0,
        "Net Income Common Stockholders": 128733000.0,
        "Net Income": 128733000.0,
        "Net Income Including Noncontrolling Interests": 128733000.0,
        "Net Income Discontinuous Operations": 174781000.0,
        "Net Income Continuous Operations": -46048000.0,
        "Pretax Income": -46048000.0,
        "Net Non Operating Interest Income Expense": -5910000.0,
        "Interest Expense Non Operating": 7903000.0,
        "Interest Income Non Operating": 1993000.0,
        "Operating Income": -40138000.0,
        "Operating Expense": 40138000.0,
        "Research And Development": 26549000.0,
        "Selling General And Administration": 13589000.0,
        "General And Administrative Expense": 13589000.0,
        "Other Gand A": 11717000.0,
        "Salaries And Wages": 1872000.0,
        "Total Revenue": 0.0,
        "Operating Revenue": 0.0
    },
    "2022-09-30": {
        "Tax Effect Of Unusual Items": 0.0,
        "Tax Rate For Calcs": 0.0,
        "Normalized EBITDA": -49540000.0,
        "Net Income From Continuing Operation Net Minority Interest": -54792000.0,
        "Reconciled Depreciation": 320000.0,
        "EBITDA": -49540000.0,
        "EBIT": -49860000.0,
        "Net Interest Income": -4026000.0,
        "Interest Expense": 4932000.0,
        "Interest Income": 906000.0,
        "Normalized Income": -54792000.0,
        "Net Income From Continuing And Discontinued Operation": -17456000.0,
        "Total Expenses": 50766000.0,
        "Total Operating Income As Reported": -50766000.0,
        "Diluted Average Shares": 62730015.0,
        "Basic Average Shares": 62730015.0,
        "Diluted EPS": -0.28,
        "Basic EPS": -0.28,
        "Diluted NI Availto Com Stockholders": -17456000.0,
        "Net Income Common Stockholders": -17456000.0,
        "Net Income": -17456000.0,
        "Net Income Including Noncontrolling Interests": -17456000.0,
        "Net Income Discontinuous Operations": 37336000.0,
        "Net Income Continuous Operations": -54792000.0,
        "Pretax Income": -54792000.0,
        "Net Non Operating Interest Income Expense": -4026000.0,
        "Interest Expense Non Operating": 4932000.0,
        "Interest Income Non Operating": 906000.0,
        "Operating Income": -50766000.0,
        "Operating Expense": 50766000.0,
        "Research And Development": 38568000.0,
        "Selling General And Administration": 12198000.0,
        "General And Administrative Expense": 12198000.0,
        "Other Gand A": 9998000.0,
        "Salaries And Wages": 2200000.0,
        "Total Revenue": 0.0,
        "Operating Revenue": 0.0
    },
    "2022-06-30": {
        "Tax Effect Of Unusual Items": 0.0,
        "Tax Rate For Calcs": 0.0,
        "Normalized EBITDA": -36577000.0,
        "Net Income From Continuing Operation Net Minority Interest": -41695000.0,
        "Reconciled Depreciation": 191000.0,
        "EBITDA": -36577000.0,
        "EBIT": -36768000.0,
        "Net Interest Income": -4927000.0,
        "Interest Expense": 4927000.0,
        "Interest Income": NaN,
        "Normalized Income": -41695000.0,
        "Net Income From Continuing And Discontinued Operation": -30849000.0,
        "Total Expenses": 37438000.0,
        "Total Operating Income As Reported": -37438000.0,
        "Diluted Average Shares": 62730015.0,
        "Basic Average Shares": 62730015.0,
        "Diluted EPS": -0.49,
        "Basic EPS": -0.49,
        "Diluted NI Availto Com Stockholders": -30849000.0,
        "Net Income Common Stockholders": -30849000.0,
        "Net Income": -30849000.0,
        "Net Income Including Noncontrolling Interests": -30849000.0,
        "Net Income Discontinuous Operations": 10846000.0,
        "Net Income Continuous Operations": -41695000.0,
        "Pretax Income": -41695000.0,
        "Other Income Expense": 670000.0,
        "Other Non Operating Income Expenses": 670000.0,
        "Net Non Operating Interest Income Expense": -4927000.0,
        "Interest Expense Non Operating": 4927000.0,
        "Interest Income Non Operating": NaN,
        "Operating Income": -37438000.0,
        "Operating Expense": 37438000.0,
        "Research And Development": 23516000.0,
        "Selling General And Administration": 13922000.0,
        "General And Administrative Expense": 13922000.0,
        "Other Gand A": 12129000.0,
        "Salaries And Wages": 1793000.0,
        "Total Revenue": 0.0,
        "Operating Revenue": 0.0
    },
    "2022-03-31": {
        "Diluted EPS": -0.53,
        "Total Revenue": NaN,
        "Gross Profit": NaN,
        "Operating Income": -35,
        "EBIT": -35,
        "Net Income": -33
    },
    "2021-12-31": {
        "Diluted EPS": 4.51,
        "Total Revenue": NaN,
        "Gross Profit": NaN,
        "Operating Income": -43,
        "EBIT": -43,
        "Net Income": 281
    },
    "2021-09-30": {
        "Diluted EPS": -0.36,
        "Total Revenue": NaN,
        "Gross Profit": NaN,
        "Operating Income": -40,
        "EBIT": -40,
        "Net Income": -23
    },
    "2021-06-30": {
        "Diluted EPS": -0.46,
        "Total Revenue": NaN,
        "Gross Profit": NaN,
        "Operating Income": -46,
        "EBIT": -45,
        "Net Income": -29
    },
    "2021-03-31": {
        "Diluted EPS": -0.57,
        "Total Revenue": NaN,
        "Gross Profit": NaN,
        "Operating Income": -45,
        "EBIT": -45,
        "Net Income": -35
    },
    "2020-12-31": {
        "Diluted EPS": -0.61,
        "Total Revenue": NaN,
        "Gross Profit": NaN,
        "Operating Income": -17,
        "EBIT": -17,
        "Net Income": -37
    },
    "2020-09-30": {
        "Diluted EPS": -0.66,
        "Total Revenue": 26,
        "Gross Profit": 26,
        "Operating Income": -25,
        "EBIT": -25,
        "Net Income": -38
    },
    "2020-06-30": {
        "Diluted EPS": -0.61,
        "Total Revenue": 14,
        "Gross Profit": 13,
        "Operating Income": -28,
        "EBIT": -27,
        "Net Income": -33
    },
    "2020-03-31": {
        "Diluted EPS": -0.53,
        "Total Revenue": 24,
        "Gross Profit": 23,
        "Operating Income": -24,
        "EBIT": -23,
        "Net Income": -29
    },
    "2019-12-31": {
        "Diluted EPS": -0.59,
        "Total Revenue": NaN,
        "Gross Profit": NaN,
        "Operating Income": -28,
        "EBIT": -27,
        "Net Income": -29
    },
    "2019-09-30": {
        "Diluted EPS": -0.33,
        "Total Revenue": 30,
        "Gross Profit": 30,
        "Operating Income": -11,
        "EBIT": -11,
        "Net Income": -16
    },
    "2019-06-30": {
        "Diluted EPS": -0.29,
        "Total Revenue": 27,
        "Gross Profit": 27,
        "Operating Income": -9,
        "EBIT": -9,
        "Net Income": -14
    },
    "2019-03-31": {
        "Diluted EPS": -0.5,
        "Total Revenue": 22,
        "Gross Profit": 22,
        "Operating Income": -19,
        "EBIT": -19,
        "Net Income": -24
    },
    "2018-12-31": {
        "Diluted EPS": -0.48,
        "Total Revenue": 22,
        "Gross Profit": 22,
        "Operating Income": -18,
        "EBIT": -18,
        "Net Income": -24
    },
    "2018-09-30": {
        "Diluted EPS": -0.81,
        "Total Revenue": 5,
        "Gross Profit": 5,
        "Operating Income": -35,
        "EBIT": -35,
        "Net Income": -39
    },
    "2018-06-30": {
        "Diluted EPS": -0.7,
        "Total Revenue": 2,
        "Gross Profit": 2,
        "Operating Income": -31,
        "EBIT": -30,
        "Net Income": -34
    },
    "2018-03-31": {
        "Diluted EPS": -0.62,
        "Total Revenue": 2,
        "Gross Profit": 1,
        "Operating Income": -28,
        "EBIT": -27,
        "Net Income": -30
    },
    "2017-12-31": {
        "Diluted EPS": -0.34,
        "Total Revenue": 14,
        "Gross Profit": 13,
        "Operating Income": -14,
        "EBIT": -14,
        "Net Income": -17
    },
    "2017-09-30": {
        "Diluted EPS": -0.16,
        "Total Revenue": 22,
        "Gross Profit": 21,
        "Operating Income": -5,
        "EBIT": -5,
        "Net Income": -7
    },
    "2017-06-30": {
        "Diluted EPS": -0.33,
        "Total Revenue": 17,
        "Gross Profit": 17,
        "Operating Income": -12,
        "EBIT": -12,
        "Net Income": -14
    },
    "2017-03-31": {
        "Diluted EPS": -0.34,
        "Total Revenue": 12,
        "Gross Profit": 12,
        "Operating Income": -13,
        "EBIT": -13,
        "Net Income": -15
    },
    "2016-12-31": {
        "Diluted EPS": -0.45,
        "Total Revenue": 13,
        "Gross Profit": 13,
        "Operating Income": -12,
        "EBIT": -12,
        "Net Income": -20
    },
    "2016-09-30": {
        "Diluted EPS": -0.34,
        "Total Revenue": 11,
        "Gross Profit": 11,
        "Operating Income": -12,
        "EBIT": -12,
        "Net Income": -14
    },
    "2016-06-30": {
        "Diluted EPS": -0.32,
        "Total Revenue": 10,
        "Gross Profit": 10,
        "Operating Income": -11,
        "EBIT": -11,
        "Net Income": -13
    },
    "2016-03-31": {
        "Diluted EPS": -0.54,
        "Total Revenue": 7,
        "Gross Profit": 7,
        "Operating Income": -19,
        "EBIT": -19,
        "Net Income": -21
    },
    "2015-12-31": {
        "Diluted EPS": -0.52,
        "Total Revenue": 7,
        "Gross Profit": 6,
        "Operating Income": -18,
        "EBIT": -18,
        "Net Income": -20
    },
    "2015-09-30": {
        "Diluted EPS": -0.53,
        "Total Revenue": 3,
        "Gross Profit": 3,
        "Operating Income": -19,
        "EBIT": -19,
        "Net Income": -20
    },
    "2015-06-30": {
        "Diluted EPS": -0.44,
        "Total Revenue": 3,
        "Gross Profit": 3,
        "Operating Income": -16,
        "EBIT": -16,
        "Net Income": -17
    },
    "2015-03-31": {
        "Diluted EPS": -0.51,
        "Total Revenue": 0,
        "Gross Profit": 0,
        "Operating Income": -18,
        "EBIT": -18,
        "Net Income": -19
    },
    "2014-12-31": {
        "Diluted EPS": -0.61,
        "Total Revenue": 0,
        "Gross Profit": 0,
        "Operating Income": -20,
        "EBIT": -20,
        "Net Income": -21
    },
    "2014-09-30": {
        "Diluted EPS": -0.54,
        "Total Revenue": 0,
        "Gross Profit": 0,
        "Operating Income": -17,
        "EBIT": -17,
        "Net Income": -18
    },
    "2014-06-30": {
        "Diluted EPS": -0.53,
        "Total Revenue": 0,
        "Gross Profit": 0,
        "Operating Income": -17,
        "EBIT": -17,
        "Net Income": -18
    },
    "2014-03-31": {
        "Diluted EPS": -0.54,
        "Total Revenue": 0,
        "Gross Profit": 0,
        "Operating Income": -16,
        "EBIT": -16,
        "Net Income": -17
    },
    "2013-12-31": {
        "Diluted EPS": -0.05,
        "Total Revenue": 0,
        "Gross Profit": 0,
        "Operating Income": -14,
        "EBIT": -14,
        "Net Income": -2
    },
    "2013-09-30": {
        "Diluted EPS": -0.46,
        "Total Revenue": 0,
        "Gross Profit": 0,
        "Operating Income": -13,
        "EBIT": -13,
        "Net Income": -14
    },
    "2013-06-30": {
        "Diluted EPS": -0.48,
        "Total Revenue": 0,
        "Gross Profit": 0,
        "Operating Income": -13,
        "EBIT": -13,
        "Net Income": -14
    },
    "2013-03-31": {
        "Diluted EPS": -0.4,
        "Total Revenue": 1,
        "Gross Profit": 1,
        "Operating Income": -10,
        "EBIT": -10,
        "Net Income": -10
    },
    "2012-12-31": {
        "Diluted EPS": -0.3,
        "Total Revenue": 2,
        "Gross Profit": 2,
        "Operating Income": -8,
        "EBIT": -7,
        "Net Income": -8
    },
    "2012-09-30": {
        "Diluted EPS": -0.51,
        "Total Revenue": 1,
        "Gross Profit": 1,
        "Operating Income": -13,
        "EBIT": -13,
        "Net Income": -13
    },
    "2012-06-30": {
        "Diluted EPS": -0.38,
        "Total Revenue": 2,
        "Gross Profit": 2,
        "Operating Income": -8,
        "EBIT": -8,
        "Net Income": -9
    },
    "2012-03-31": {
        "Diluted EPS": -0.4,
        "Total Revenue": 1,
        "Gross Profit": 1,
        "Operating Income": -8,
        "EBIT": -8,
        "Net Income": -9
    },
    "2011-12-31": {
        "Diluted EPS": -0.46,
        "Total Revenue": 1,
        "Gross Profit": 1,
        "Operating Income": -10,
        "EBIT": -10,
        "Net Income": -10
    },
    "2011-09-30": {
        "Diluted EPS": -0.29,
        "Total Revenue": 1,
        "Gross Profit": 1,
        "Operating Income": -6,
        "EBIT": -6,
        "Net Income": -7
    },
    "2011-06-30": {
        "Diluted EPS": -0.24,
        "Total Revenue": 1,
        "Gross Profit": 1,
        "Operating Income": -5,
        "EBIT": -5,
        "Net Income": -5
    },
    "2011-03-31": {
        "Diluted EPS": -0.3,
        "Total Revenue": 1,
        "Gross Profit": 1,
        "Operating Income": -6,
        "EBIT": -6,
        "Net Income": -7
    },
    "2010-12-31": {
        "Diluted EPS": -0.35,
        "Total Revenue": 1,
        "Gross Profit": 1,
        "Operating Income": -9,
        "EBIT": -8,
        "Net Income": -7
    },
    "2010-09-30": {
        "Diluted EPS": -0.35,
        "Total Revenue": 0,
        "Gross Profit": 0,
        "Operating Income": -7,
        "EBIT": -7,
        "Net Income": -8
    },
    "2010-06-30": {
        "Diluted EPS": -0.36,
        "Total Revenue": 0,
        "Gross Profit": 0,
        "Operating Income": -8,
        "EBIT": -7,
        "Net Income": -8
    },
    "2010-03-31": {
        "Diluted EPS": -0.31,
        "Total Revenue": 0,
        "Gross Profit": 0,
        "Operating Income": -6,
        "EBIT": -6,
        "Net Income": -7
    },
    "2009-12-31": {
        "Diluted EPS": 2.38,
        "Total Revenue": 0,
        "Gross Profit": 0,
        "Operating Income": -5,
        "EBIT": -5,
        "Net Income": -6
    },
    "2009-09-30": {
        "Diluted EPS": -1.34,
        "Total Revenue": 0,
        "Gross Profit": 0,
        "Operating Income": -5,
        "EBIT": -4,
        "Net Income": -4
    },
    "2009-06-30": {
        "Diluted EPS": -2.09,
        "Total Revenue": 0,
        "Gross Profit": 0,
        "Operating Income": -6,
        "EBIT": -6,
        "Net Income": -6
    },
    "2009-03-31": {
        "Diluted EPS": -1.87,
        "Total Revenue": 0,
        "Gross Profit": 0,
        "Operating Income": -5,
        "EBIT": -5,
        "Net Income": -5
    },
    "2023-06-30": {
        "Tax Effect Of Unusual Items": 0.0,
        "Tax Rate For Calcs": 0.0,
        "Normalized EBITDA": -36030000.0,
        "Net Income From Continuing Operation Net Minority Interest": -44294000.0,
        "Reconciled Depreciation": 332000.0,
        "EBITDA": -36030000.0,
        "EBIT": -36362000.0,
        "Net Interest Income": -3395000.0,
        "Interest Expense": 7932000.0,
        "Interest Income": 4537000.0,
        "Normalized Income": -44294000.0,
        "Net Income From Continuing And Discontinued Operation": -37294000.0,
        "Total Expenses": 40899000.0,
        "Total Operating Income As Reported": -40899000.0,
        "Diluted Average Shares": 62837125.0,
        "Basic Average Shares": 62837125.0,
        "Diluted EPS": -0.59,
        "Basic EPS": -0.59,
        "Diluted NI Availto Com Stockholders": -37294000.0,
        "Net Income Common Stockholders": -37294000.0,
        "Net Income": -37294000.0,
        "Net Income Including Noncontrolling Interests": -37294000.0,
        "Net Income Discontinuous Operations": 7000000.0,
        "Net Income Continuous Operations": -44294000.0,
        "Pretax Income": -44294000.0,
        "Net Non Operating Interest Income Expense": -3395000.0,
        "Interest Expense Non Operating": 7932000.0,
        "Interest Income Non Operating": 4537000.0,
        "Operating Income": -40899000.0,
        "Operating Expense": 40899000.0,
        "Research And Development": 29639000.0,
        "Selling General And Administration": 11260000.0,
        "General And Administrative Expense": 11260000.0,
        "Other Gand A": 9580000.0,
        "Salaries And Wages": 1680000.0,
        "Total Revenue": 0.0,
        "Operating Revenue": 0.0
    },
    "2023-09-30": {
        "Tax Effect Of Unusual Items": NaN,
        "Tax Rate For Calcs": NaN,
        "Normalized EBITDA": NaN,
        "Net Income From Continuing Operation Net Minority Interest": NaN,
        "Reconciled Depreciation": NaN,
        "EBITDA": NaN,
        "EBIT": NaN,
        "Net Interest Income": NaN,
        "Interest Expense": NaN,
        "Interest Income": NaN,
        "Normalized Income": NaN,
        "Net Income From Continuing And Discontinued Operation": NaN,
        "Total Expenses": NaN,
        "Total Operating Income As Reported": NaN,
        "Diluted Average Shares": 62856721.0,
        "Basic Average Shares": 62856721.0,
        "Diluted EPS": -0.6,
        "Basic EPS": -0.6,
        "Diluted NI Availto Com Stockholders": NaN,
        "Net Income Common Stockholders": NaN,
        "Net Income": NaN,
        "Net Income Including Noncontrolling Interests": NaN,
        "Net Income Discontinuous Operations": NaN,
        "Net Income Continuous Operations": NaN,
        "Pretax Income": NaN,
        "Net Non Operating Interest Income Expense": NaN,
        "Interest Expense Non Operating": NaN,
        "Interest Income Non Operating": NaN,
        "Operating Income": NaN,
        "Operating Expense": NaN,
        "Research And Development": NaN,
        "Selling General And Administration": NaN,
        "General And Administrative Expense": NaN,
        "Other Gand A": NaN,
        "Salaries And Wages": NaN,
        "Total Revenue": NaN,
        "Operating Revenue": NaN
    },
    "2024-03-31": {
        "Tax Effect Of Unusual Items": NaN,
        "Tax Rate For Calcs": NaN,
        "Normalized EBITDA": NaN,
        "Total Unusual Items": NaN,
        "Total Unusual Items Excluding Goodwill": NaN,
        "Net Income From Continuing Operation Net Minority Interest": NaN,
        "Reconciled Depreciation": NaN,
        "EBITDA": NaN,
        "EBIT": NaN,
        "Net Interest Income": NaN,
        "Interest Expense": NaN,
        "Interest Income": NaN,
        "Normalized Income": NaN,
        "Net Income From Continuing And Discontinued Operation": NaN,
        "Total Expenses": NaN,
        "Total Operating Income As Reported": NaN,
        "Diluted Average Shares": NaN,
        "Basic Average Shares": NaN,
        "Diluted EPS": NaN,
        "Basic EPS": NaN,
        "Diluted NI Availto Com Stockholders": NaN,
        "Net Income Common Stockholders": NaN,
        "Net Income": NaN,
        "Net Income Including Noncontrolling Interests": NaN,
        "Net Income Discontinuous Operations": NaN,
        "Net Income Continuous Operations": NaN,
        "Pretax Income": NaN,
        "Other Income Expense": NaN,
        "Special Income Charges": NaN,
        "Other Special Charges": NaN,
        "Gain On Sale Of Security": NaN,
        "Net Non Operating Interest Income Expense": NaN,
        "Interest Expense Non Operating": NaN,
        "Interest Income Non Operating": NaN,
        "Operating Income": NaN,
        "Operating Expense": NaN,
        "Research And Development": NaN,
        "Selling General And Administration": NaN,
        "General And Administrative Expense": 12264000.0,
        "Other Gand A": 10620000.0,
        "Salaries And Wages": 1644000.0,
        "Total Revenue": NaN,
        "Operating Revenue": NaN
    },
    "2024-06-30": {
        "Tax Effect Of Unusual Items": NaN,
        "Tax Rate For Calcs": NaN,
        "Normalized EBITDA": NaN,
        "Total Unusual Items": 0.0,
        "Total Unusual Items Excluding Goodwill": 0.0,
        "Net Income From Continuing Operation Net Minority Interest": NaN,
        "Reconciled Depreciation": NaN,
        "EBITDA": NaN,
        "EBIT": NaN,
        "Net Interest Income": NaN,
        "Interest Expense": 9215000.0,
        "Interest Income": NaN,
        "Normalized Income": NaN,
        "Net Income From Continuing And Discontinued Operation": NaN,
        "Total Expenses": NaN,
        "Total Operating Income As Reported": NaN,
        "Diluted Average Shares": NaN,
        "Basic Average Shares": NaN,
        "Diluted EPS": NaN,
        "Basic EPS": NaN,
        "Diluted NI Availto Com Stockholders": NaN,
        "Net Income Common Stockholders": NaN,
        "Net Income": NaN,
        "Net Income Including Noncontrolling Interests": NaN,
        "Net Income Discontinuous Operations": NaN,
        "Net Income Continuous Operations": NaN,
        "Pretax Income": NaN,
        "Other Income Expense": NaN,
        "Special Income Charges": 0.0,
        "Other Special Charges": NaN,
        "Gain On Sale Of Security": NaN,
        "Net Non Operating Interest Income Expense": NaN,
        "Interest Expense Non Operating": 9215000.0,
        "Interest Income Non Operating": NaN,
        "Operating Income": NaN,
        "Operating Expense": NaN,
        "Research And Development": NaN,
        "Selling General And Administration": NaN,
        "General And Administrative Expense": 13808000.0,
        "Other Gand A": 12109000.0,
        "Salaries And Wages": 1699000.0,
        "Total Revenue": NaN,
        "Operating Revenue": NaN
    },
    "2024-09-30": {
        "Tax Effect Of Unusual Items": 0.0,
        "Tax Rate For Calcs": 0.0,
        "Normalized EBITDA": -32824000.0,
        "Total Unusual Items": 0.0,
        "Total Unusual Items Excluding Goodwill": 0.0,
        "Net Income From Continuing Operation Net Minority Interest": -37113000.0,
        "Reconciled Depreciation": 237000.0,
        "EBITDA": -32824000.0,
        "EBIT": -33061000.0,
        "Net Interest Income": -1706000.0,
        "Interest Expense": 4052000.0,
        "Interest Income": 2346000.0,
        "Normalized Income": -37113000.0,
        "Net Income From Continuing And Discontinued Operation": -32232000.0,
        "Total Expenses": 35407000.0,
        "Total Operating Income As Reported": -35407000.0,
        "Diluted Average Shares": 57948093.0,
        "Basic Average Shares": 57948093.0,
        "Diluted EPS": -0.56,
        "Basic EPS": -0.56,
        "Diluted NI Availto Com Stockholders": -32232000.0,
        "Net Income Common Stockholders": -32232000.0,
        "Net Income": -32232000.0,
        "Net Income Including Noncontrolling Interests": -32232000.0,
        "Net Income Discontinuous Operations": 4881000.0,
        "Net Income Continuous Operations": -37113000.0,
        "Pretax Income": -37113000.0,
        "Other Income Expense": NaN,
        "Special Income Charges": 0.0,
        "Other Special Charges": NaN,
        "Gain On Sale Of Security": NaN,
        "Net Non Operating Interest Income Expense": -1706000.0,
        "Interest Expense Non Operating": 4052000.0,
        "Interest Income Non Operating": 2346000.0,
        "Operating Income": -35407000.0,
        "Operating Expense": 35407000.0,
        "Research And Development": 24084000.0,
        "Selling General And Administration": 11323000.0,
        "General And Administrative Expense": 11323000.0,
        "Other Gand A": 9745000.0,
        "Salaries And Wages": 1578000.0,
        "Total Revenue": 0.0,
        "Operating Revenue": 0.0
    },
    "2024-12-31": {
        "Tax Effect Of Unusual Items": 0.0,
        "Tax Rate For Calcs": 0.0,
        "Normalized EBITDA": -33063000.0,
        "Total Unusual Items": NaN,
        "Total Unusual Items Excluding Goodwill": NaN,
        "Net Income From Continuing Operation Net Minority Interest": -36541000.0,
        "Reconciled Depreciation": 301000.0,
        "EBITDA": -33063000.0,
        "EBIT": -33364000.0,
        "Net Interest Income": -881000.0,
        "Interest Expense": 3177000.0,
        "Interest Income": 2296000.0,
        "Normalized Income": -36541000.0,
        "Net Income From Continuing And Discontinued Operation": -31358000.0,
        "Total Expenses": 35660000.0,
        "Total Operating Income As Reported": -35660000.0,
        "Diluted Average Shares": 57987961.0,
        "Basic Average Shares": 57987961.0,
        "Diluted EPS": -0.54,
        "Basic EPS": -0.54,
        "Diluted NI Availto Com Stockholders": -31358000.0,
        "Net Income Common Stockholders": -31358000.0,
        "Net Income": -31358000.0,
        "Net Income Including Noncontrolling Interests": -31358000.0,
        "Net Income Discontinuous Operations": 5183000.0,
        "Net Income Continuous Operations": -36541000.0,
        "Pretax Income": -36541000.0,
        "Other Income Expense": NaN,
        "Special Income Charges": NaN,
        "Other Special Charges": NaN,
        "Gain On Sale Of Security": NaN,
        "Net Non Operating Interest Income Expense": -881000.0,
        "Interest Expense Non Operating": 3177000.0,
        "Interest Income Non Operating": 2296000.0,
        "Operating Income": -35660000.0,
        "Operating Expense": 35660000.0,
        "Research And Development": 23320000.0,
        "Selling General And Administration": 12340000.0,
        "General And Administrative Expense": 12340000.0,
        "Other Gand A": 10901000.0,
        "Salaries And Wages": 1439000.0,
        "Total Revenue": 0.0,
        "Operating Revenue": 0.0
    },
    "2023-12-31": {
        "Tax Effect Of Unusual Items": 0.0,
        "Tax Rate For Calcs": 0.0,
        "Normalized EBITDA": -32019000.0,
        "Net Income From Continuing Operation Net Minority Interest": -39287000.0,
        "Reconciled Depreciation": 205000.0,
        "EBITDA": -32019000.0,
        "EBIT": -32224000.0,
        "Net Interest Income": -3634000.0,
        "Interest Expense": 7063000.0,
        "Interest Income": 3429000.0,
        "Normalized Income": -39287000.0,
        "Net Income From Continuing And Discontinued Operation": -9068000.0,
        "Total Expenses": 39765000.0,
        "Total Operating Income As Reported": -39765000.0,
        "Diluted Average Shares": NaN,
        "Basic Average Shares": NaN,
        "Diluted EPS": NaN,
        "Basic EPS": NaN,
        "Diluted NI Availto Com Stockholders": -9068000.0,
        "Net Income Common Stockholders": -9068000.0,
        "Net Income": -9068000.0,
        "Net Income Including Noncontrolling Interests": -9068000.0,
        "Net Income Discontinuous Operations": 30219000.0,
        "Net Income Continuous Operations": -39287000.0,
        "Pretax Income": -39287000.0,
        "Net Non Operating Interest Income Expense": -3634000.0,
        "Interest Expense Non Operating": 7063000.0,
        "Interest Income Non Operating": 3429000.0,
        "Operating Income": -39765000.0,
        "Operating Expense": 39765000.0,
        "Research And Development": 28890000.0,
        "Selling General And Administration": 10875000.0,
        "General And Administrative Expense": 10875000.0,
        "Other Gand A": 9191000.0,
        "Salaries And Wages": 1684000.0,
        "Total Revenue": 0.0,
        "Operating Revenue": 0.0
    },
    "2025-03-31": {
        "Tax Effect Of Unusual Items": 0.0,
        "Tax Rate For Calcs": 0.0,
        "Normalized EBITDA": -33622000.0,
        "Total Unusual Items": NaN,
        "Total Unusual Items Excluding Goodwill": NaN,
        "Net Income From Continuing Operation Net Minority Interest": -37565000.0,
        "Reconciled Depreciation": 289000.0,
        "EBITDA": -33622000.0,
        "EBIT": -33911000.0,
        "Net Interest Income": -2596000.0,
        "Interest Expense": 3654000.0,
        "Interest Income": 1058000.0,
        "Normalized Income": -37565000.0,
        "Net Income From Continuing And Discontinued Operation": -33460000.0,
        "Total Expenses": 34969000.0,
        "Total Operating Income As Reported": -34969000.0,
        "Diluted Average Shares": 58056357.0,
        "Basic Average Shares": 58056357.0,
        "Diluted EPS": -0.58,
        "Basic EPS": -0.58,
        "Diluted NI Availto Com Stockholders": -33460000.0,
        "Net Income Common Stockholders": -33460000.0,
        "Net Income": -33460000.0,
        "Net Income Including Noncontrolling Interests": -33460000.0,
        "Net Income Discontinuous Operations": 4105000.0,
        "Net Income Continuous Operations": -37565000.0,
        "Pretax Income": -37565000.0,
        "Other Income Expense": NaN,
        "Special Income Charges": NaN,
        "Other Special Charges": NaN,
        "Gain On Sale Of Security": NaN,
        "Net Non Operating Interest Income Expense": -2596000.0,
        "Interest Expense Non Operating": 3654000.0,
        "Interest Income Non Operating": 1058000.0,
        "Operating Income": -34969000.0,
        "Operating Expense": 34969000.0,
        "Research And Development": 23846000.0,
        "Selling General And Administration": 11123000.0,
        "General And Administrative Expense": 11123000.0,
        "Other Gand A": 9706000.0,
        "Salaries And Wages": 1417000.0,
        "Total Revenue": 0.0,
        "Operating Revenue": 0.0
    },
    "2025-06-30": {
        "Tax Effect Of Unusual Items": 0.0,
        "Tax Rate For Calcs": 0.0,
        "Normalized EBITDA": -30913000.0,
        "Total Unusual Items": 5239000.0,
        "Total Unusual Items Excluding Goodwill": 5239000.0,
        "Net Income From Continuing Operation Net Minority Interest": -25889000.0,
        "Reconciled Depreciation": 200000.0,
        "EBITDA": -25674000.0,
        "EBIT": -25874000.0,
        "Net Interest Income": 1226000.0,
        "Interest Expense": 15000.0,
        "Interest Income": 1241000.0,
        "Normalized Income": -31128000.0,
        "Net Income From Continuing And Discontinued Operation": -25424000.0,
        "Total Expenses": 32354000.0,
        "Total Operating Income As Reported": -32354000.0,
        "Diluted Average Shares": 58585083.0,
        "Basic Average Shares": 58585083.0,
        "Diluted EPS": -0.43,
        "Basic EPS": -0.43,
        "Diluted NI Availto Com Stockholders": -25424000.0,
        "Net Income Common Stockholders": -25424000.0,
        "Net Income": -25424000.0,
        "Net Income Including Noncontrolling Interests": -25424000.0,
        "Net Income Discontinuous Operations": 465000.0,
        "Net Income Continuous Operations": -25889000.0,
        "Pretax Income": -25889000.0,
        "Other Income Expense": 5239000.0,
        "Special Income Charges": -2968000.0,
        "Other Special Charges": 2968000.0,
        "Gain On Sale Of Security": 8207000.0,
        "Net Non Operating Interest Income Expense": 1226000.0,
        "Interest Expense Non Operating": 15000.0,
        "Interest Income Non Operating": 1241000.0,
        "Operating Income": -32354000.0,
        "Operating Expense": 32354000.0,
        "Research And Development": 22009000.0,
        "Selling General And Administration": 10345000.0,
        "General And Administrative Expense": NaN,
        "Other Gand A": NaN,
        "Salaries And Wages": NaN,
        "Total Revenue": 0.0,
        "Operating Revenue": 0.0
    },
    "2025-09-30": {
        "Tax Effect Of Unusual Items": 0.0,
        "Tax Rate For Calcs": 0.0,
        "Normalized EBITDA": -17330000.0,
        "Total Unusual Items": -8822000.0,
        "Total Unusual Items Excluding Goodwill": -8822000.0,
        "Net Income From Continuing Operation Net Minority Interest": -21243000.0,
        "Reconciled Depreciation": 240000.0,
        "EBITDA": -26152000.0,
        "EBIT": -26392000.0,
        "Net Interest Income": 13971000.0,
        "Interest Expense": NaN,
        "Interest Income": 13971000.0,
        "Normalized Income": -12421000.0,
        "Net Income From Continuing And Discontinued Operation": -30917000.0,
        "Total Expenses": 26392000.0,
        "Total Operating Income As Reported": -26392000.0,
        "Diluted Average Shares": 66263992.0,
        "Basic Average Shares": 66263992.0,
        "Diluted EPS": -0.47,
        "Basic EPS": -0.47,
        "Diluted NI Availto Com Stockholders": -30917000.0,
        "Net Income Common Stockholders": -30917000.0,
        "Net Income": -30917000.0,
        "Net Income Including Noncontrolling Interests": -30917000.0,
        "Net Income Discontinuous Operations": -9674000.0,
        "Net Income Continuous Operations": -21243000.0,
        "Pretax Income": -21243000.0,
        "Other Income Expense": -8822000.0,
        "Special Income Charges": 0.0,
        "Other Special Charges": NaN,
        "Gain On Sale Of Security": -8822000.0,
        "Net Non Operating Interest Income Expense": 13971000.0,
        "Interest Expense Non Operating": NaN,
        "Interest Income Non Operating": 13971000.0,
        "Operating Income": -26392000.0,
        "Operating Expense": 26392000.0,
        "Research And Development": 15995000.0,
        "Selling General And Administration": 10397000.0,
        "General And Administrative Expense": 10397000.0,
        "Other Gand A": 9312000.0,
        "Salaries And Wages": 1085000.0,
        "Total Revenue": 0.0,
        "Operating Revenue": 0.0
    }
}