{
    "2023-03-31": {
        "Tax Effect Of Unusual Items": NaN,
        "Tax Rate For Calcs": NaN,
        "Normalized EBITDA": NaN,
        "Net Income From Continuing Operation Net Minority Interest": NaN,
        "Reconciled Depreciation": NaN,
        "EBITDA": NaN,
        "EBIT": NaN,
        "Net Interest Income": NaN,
        "Interest Income": 682000.0,
        "Normalized Income": NaN,
        "Net Income From Continuing And Discontinued Operation": NaN,
        "Total Expenses": NaN,
        "Total Operating Income As Reported": NaN,
        "Diluted Average Shares": NaN,
        "Basic Average Shares": NaN,
        "Diluted EPS": NaN,
        "Basic EPS": NaN,
        "Diluted NI Availto Com Stockholders": NaN,
        "Net Income Common Stockholders": NaN,
        "Net Income": NaN,
        "Net Income Including Noncontrolling Interests": NaN,
        "Net Income Continuous Operations": NaN,
        "Pretax Income": NaN,
        "Other Income Expense": NaN,
        "Other Non Operating Income Expenses": NaN,
        "Net Non Operating Interest Income Expense": NaN,
        "Total Other Finance Cost": -682000.0,
        "Interest Income Non Operating": 682000.0,
        "Operating Income": NaN,
        "Operating Expense": NaN,
        "Other Operating Expenses": 412000.0,
        "Research And Development": NaN,
        "Selling General And Administration": NaN,
        "General And Administrative Expense": NaN,
        "Other Gand A": NaN,
        "Total Revenue": NaN,
        "Operating Revenue": NaN
    },
    "2022-12-31": {
        "Tax Effect Of Unusual Items": NaN,
        "Tax Rate For Calcs": NaN,
        "Normalized EBITDA": NaN,
        "Net Income From Continuing Operation Net Minority Interest": NaN,
        "Reconciled Depreciation": NaN,
        "EBITDA": NaN,
        "EBIT": NaN,
        "Net Interest Income": NaN,
        "Interest Income": NaN,
        "Normalized Income": NaN,
        "Net Income From Continuing And Discontinued Operation": NaN,
        "Total Expenses": NaN,
        "Total Operating Income As Reported": NaN,
        "Diluted Average Shares": NaN,
        "Basic Average Shares": NaN,
        "Diluted EPS": NaN,
        "Basic EPS": NaN,
        "Diluted NI Availto Com Stockholders": NaN,
        "Net Income Common Stockholders": NaN,
        "Net Income": NaN,
        "Net Income Including Noncontrolling Interests": NaN,
        "Net Income Continuous Operations": NaN,
        "Pretax Income": NaN,
        "Other Income Expense": NaN,
        "Other Non Operating Income Expenses": NaN,
        "Net Non Operating Interest Income Expense": NaN,
        "Total Other Finance Cost": -248000.0,
        "Interest Income Non Operating": NaN,
        "Operating Income": NaN,
        "Operating Expense": NaN,
        "Other Operating Expenses": 680000.0,
        "Research And Development": NaN,
        "Selling General And Administration": NaN,
        "General And Administrative Expense": NaN,
        "Other Gand A": NaN,
        "Total Revenue": NaN,
        "Operating Revenue": NaN
    },
    "2022-09-30": {
        "Tax Effect Of Unusual Items": NaN,
        "Tax Rate For Calcs": NaN,
        "Normalized EBITDA": NaN,
        "Net Income From Continuing Operation Net Minority Interest": NaN,
        "Reconciled Depreciation": NaN,
        "EBITDA": NaN,
        "EBIT": NaN,
        "Net Interest Income": NaN,
        "Interest Income": NaN,
        "Normalized Income": NaN,
        "Net Income From Continuing And Discontinued Operation": NaN,
        "Total Expenses": NaN,
        "Total Operating Income As Reported": NaN,
        "Diluted Average Shares": NaN,
        "Basic Average Shares": NaN,
        "Diluted EPS": NaN,
        "Basic EPS": NaN,
        "Diluted NI Availto Com Stockholders": NaN,
        "Net Income Common Stockholders": NaN,
        "Net Income": NaN,
        "Net Income Including Noncontrolling Interests": NaN,
        "Net Income Continuous Operations": NaN,
        "Pretax Income": NaN,
        "Other Income Expense": NaN,
        "Other Non Operating Income Expenses": NaN,
        "Net Non Operating Interest Income Expense": NaN,
        "Total Other Finance Cost": -184000.0,
        "Interest Income Non Operating": NaN,
        "Operating Income": NaN,
        "Operating Expense": NaN,
        "Other Operating Expenses": 712000.0,
        "Research And Development": NaN,
        "Selling General And Administration": NaN,
        "General And Administrative Expense": NaN,
        "Other Gand A": NaN,
        "Total Revenue": NaN,
        "Operating Revenue": NaN
    },
    "2022-06-30": {
        "Tax Effect Of Unusual Items": 0.0,
        "Tax Rate For Calcs": 0.0,
        "Normalized EBITDA": -25447000.0,
        "Net Income From Continuing Operation Net Minority Interest": -25912000.0,
        "Reconciled Depreciation": 410000.0,
        "EBITDA": -25447000.0,
        "EBIT": -25857000.0,
        "Net Interest Income": -55000.0,
        "Interest Expense": 55000.0,
        "Normalized Income": -25912000.0,
        "Net Income From Continuing And Discontinued Operation": -25912000.0,
        "Total Expenses": 26330000.0,
        "Total Operating Income As Reported": -25854000.0,
        "Diluted Average Shares": 47849639.0,
        "Basic Average Shares": 47849639.0,
        "Diluted EPS": -0.54,
        "Basic EPS": -0.54,
        "Diluted NI Availto Com Stockholders": -25912000.0,
        "Net Income Common Stockholders": -25912000.0,
        "Net Income": -25912000.0,
        "Net Income Including Noncontrolling Interests": -25912000.0,
        "Net Income Continuous Operations": -25912000.0,
        "Pretax Income": -25912000.0,
        "Other Income Expense": -3000.0,
        "Other Non Operating Income Expenses": -3000.0,
        "Net Non Operating Interest Income Expense": -55000.0,
        "Total Other Finance Cost": NaN,
        "Interest Expense Non Operating": 55000.0,
        "Operating Income": -25854000.0,
        "Operating Expense": 26330000.0,
        "Other Operating Expenses": 741000.0,
        "Research And Development": 19387000.0,
        "Selling General And Administration": 6202000.0,
        "General And Administrative Expense": 6202000.0,
        "Other Gand A": 6202000.0,
        "Total Revenue": 476000.0,
        "Operating Revenue": 476000.0
    },
    "2022-03-31": {
        "Diluted EPS": -0.42,
        "Total Revenue": 0,
        "Gross Profit": 0,
        "Operating Income": -20,
        "EBIT": -19,
        "Net Income": -20
    },
    "2021-12-31": {
        "Diluted EPS": 3.88,
        "Total Revenue": NaN,
        "Gross Profit": NaN,
        "Operating Income": -21,
        "EBIT": -20,
        "Net Income": -21
    },
    "2021-09-30": {
        "Diluted EPS": -0.57,
        "Total Revenue": NaN,
        "Gross Profit": NaN,
        "Operating Income": -17,
        "EBIT": -17,
        "Net Income": -19
    },
    "2021-06-30": {
        "Diluted EPS": -3.36,
        "Total Revenue": NaN,
        "Gross Profit": NaN,
        "Operating Income": -15,
        "EBIT": -15,
        "Net Income": -15
    },
    "2021-03-31": {
        "Diluted EPS": -3.0,
        "Total Revenue": NaN,
        "Gross Profit": NaN,
        "Operating Income": -13,
        "EBIT": -13,
        "Net Income": -13
    },
    "2020-12-31": {
        "Diluted EPS": 0.0,
        "Total Revenue": NaN,
        "Gross Profit": NaN,
        "Operating Income": NaN,
        "EBIT": NaN,
        "Net Income": NaN
    },
    "2020-09-30": {
        "Diluted EPS": -1.97,
        "Total Revenue": NaN,
        "Gross Profit": NaN,
        "Operating Income": -8,
        "EBIT": -8,
        "Net Income": -8
    },
    "2020-06-30": {
        "Diluted EPS": -1.58,
        "Total Revenue": NaN,
        "Gross Profit": NaN,
        "Operating Income": -6,
        "EBIT": -6,
        "Net Income": -6
    },
    "2023-06-30": {
        "Tax Effect Of Unusual Items": NaN,
        "Tax Rate For Calcs": NaN,
        "Normalized EBITDA": NaN,
        "Net Income From Continuing Operation Net Minority Interest": NaN,
        "Reconciled Depreciation": NaN,
        "EBITDA": NaN,
        "EBIT": NaN,
        "Net Interest Income": NaN,
        "Interest Income": 957000.0,
        "Normalized Income": NaN,
        "Net Income From Continuing And Discontinued Operation": NaN,
        "Total Expenses": NaN,
        "Total Operating Income As Reported": NaN,
        "Diluted Average Shares": 55071469.0,
        "Basic Average Shares": 55071469.0,
        "Diluted EPS": -0.54,
        "Basic EPS": -0.54,
        "Diluted NI Availto Com Stockholders": NaN,
        "Net Income Common Stockholders": NaN,
        "Net Income": NaN,
        "Net Income Including Noncontrolling Interests": NaN,
        "Net Income Continuous Operations": NaN,
        "Pretax Income": NaN,
        "Other Income Expense": NaN,
        "Other Non Operating Income Expenses": NaN,
        "Net Non Operating Interest Income Expense": NaN,
        "Total Other Finance Cost": -957000.0,
        "Interest Income Non Operating": 957000.0,
        "Operating Income": NaN,
        "Operating Expense": NaN,
        "Other Operating Expenses": 381000.0,
        "Research And Development": NaN,
        "Selling General And Administration": NaN,
        "General And Administrative Expense": NaN,
        "Other Gand A": NaN,
        "Total Revenue": NaN,
        "Operating Revenue": NaN
    },
    "2023-09-30": {
        "Tax Effect Of Unusual Items": 0.0,
        "Tax Rate For Calcs": 0.0,
        "Normalized EBITDA": -21039000.0,
        "Net Income From Continuing Operation Net Minority Interest": -22248000.0,
        "Reconciled Depreciation": 1864000.0,
        "EBITDA": -21039000.0,
        "EBIT": -22903000.0,
        "Net Interest Income": 684000.0,
        "Interest Income": NaN,
        "Normalized Income": -22248000.0,
        "Net Income From Continuing And Discontinued Operation": -22248000.0,
        "Total Expenses": 23734000.0,
        "Total Operating Income As Reported": -22903000.0,
        "Diluted Average Shares": 55140058.0,
        "Basic Average Shares": 55140058.0,
        "Diluted EPS": -0.4,
        "Basic EPS": -0.4,
        "Diluted NI Availto Com Stockholders": -22248000.0,
        "Net Income Common Stockholders": -22248000.0,
        "Net Income": -22248000.0,
        "Net Income Including Noncontrolling Interests": -22248000.0,
        "Net Income Continuous Operations": -22248000.0,
        "Pretax Income": -22248000.0,
        "Other Income Expense": -29000.0,
        "Other Non Operating Income Expenses": -29000.0,
        "Net Non Operating Interest Income Expense": 684000.0,
        "Total Other Finance Cost": -684000.0,
        "Interest Income Non Operating": NaN,
        "Operating Income": -22903000.0,
        "Operating Expense": 23734000.0,
        "Other Operating Expenses": -610000.0,
        "Research And Development": 16506000.0,
        "Selling General And Administration": 7228000.0,
        "General And Administrative Expense": 7228000.0,
        "Other Gand A": 7228000.0,
        "Total Revenue": 831000.0,
        "Operating Revenue": 831000.0
    },
    "2023-12-31": {
        "Tax Effect Of Unusual Items": 0.0,
        "Tax Rate For Calcs": 0.0,
        "Normalized EBITDA": -18918000.0,
        "Net Income From Continuing Operation Net Minority Interest": -20214000.0,
        "Reconciled Depreciation": 1781000.0,
        "EBITDA": -18918000.0,
        "EBIT": -20699000.0,
        "Net Interest Income": 487000.0,
        "Interest Income": NaN,
        "Normalized Income": -20214000.0,
        "Net Income From Continuing And Discontinued Operation": -20214000.0,
        "Total Expenses": 21688000.0,
        "Total Operating Income As Reported": -20699000.0,
        "Diluted Average Shares": NaN,
        "Basic Average Shares": NaN,
        "Diluted EPS": NaN,
        "Basic EPS": NaN,
        "Diluted NI Availto Com Stockholders": -20214000.0,
        "Net Income Common Stockholders": -20214000.0,
        "Net Income": -20214000.0,
        "Net Income Including Noncontrolling Interests": -20214000.0,
        "Net Income Continuous Operations": -20214000.0,
        "Pretax Income": -20214000.0,
        "Other Income Expense": -2000.0,
        "Other Non Operating Income Expenses": -2000.0,
        "Net Non Operating Interest Income Expense": 487000.0,
        "Total Other Finance Cost": NaN,
        "Interest Income Non Operating": NaN,
        "Operating Income": -20699000.0,
        "Operating Expense": 21688000.0,
        "Other Operating Expenses": NaN,
        "Research And Development": 15715000.0,
        "Selling General And Administration": 6156000.0,
        "General And Administrative Expense": 6156000.0,
        "Other Gand A": 6156000.0,
        "Total Revenue": 989000.0,
        "Operating Revenue": 989000.0
    },
    "2024-03-31": {
        "Tax Effect Of Unusual Items": 0.0,
        "Tax Rate For Calcs": 0.0,
        "Normalized EBITDA": -18635000.0,
        "Net Income From Continuing Operation Net Minority Interest": -20129000.0,
        "Reconciled Depreciation": 1816000.0,
        "EBITDA": -18635000.0,
        "EBIT": -20451000.0,
        "Net Interest Income": 331000.0,
        "Interest Income": 331000.0,
        "Normalized Income": -20129000.0,
        "Net Income From Continuing And Discontinued Operation": -20129000.0,
        "Total Expenses": 22811000.0,
        "Total Operating Income As Reported": -20451000.0,
        "Diluted Average Shares": 55150507.0,
        "Basic Average Shares": 55150507.0,
        "Diluted EPS": -0.36,
        "Basic EPS": -0.36,
        "Diluted NI Availto Com Stockholders": -20129000.0,
        "Net Income Common Stockholders": -20129000.0,
        "Net Income": -20129000.0,
        "Net Income Including Noncontrolling Interests": -20129000.0,
        "Net Income Continuous Operations": -20129000.0,
        "Pretax Income": -20129000.0,
        "Other Income Expense": -9000.0,
        "Other Non Operating Income Expenses": -9000.0,
        "Net Non Operating Interest Income Expense": 331000.0,
        "Total Other Finance Cost": NaN,
        "Interest Income Non Operating": 331000.0,
        "Operating Income": -20451000.0,
        "Operating Expense": 22811000.0,
        "Other Operating Expenses": NaN,
        "Research And Development": 15415000.0,
        "Selling General And Administration": 7396000.0,
        "General And Administrative Expense": 7396000.0,
        "Other Gand A": 7396000.0,
        "Total Revenue": 2360000.0,
        "Operating Revenue": 2360000.0
    },
    "2024-06-30": {
        "Tax Effect Of Unusual Items": 0.0,
        "Tax Rate For Calcs": 0.0,
        "Normalized EBITDA": -15967000.0,
        "Net Income From Continuing Operation Net Minority Interest": -16305000.0,
        "Reconciled Depreciation": 613000.0,
        "EBITDA": -15967000.0,
        "EBIT": -16580000.0,
        "Net Interest Income": 299000.0,
        "Interest Income": 299000.0,
        "Normalized Income": -16305000.0,
        "Net Income From Continuing And Discontinued Operation": -16305000.0,
        "Total Expenses": 18714000.0,
        "Total Operating Income As Reported": -16580000.0,
        "Diluted Average Shares": 55150507.0,
        "Basic Average Shares": 55150507.0,
        "Diluted EPS": -0.3,
        "Basic EPS": -0.3,
        "Diluted NI Availto Com Stockholders": -16305000.0,
        "Net Income Common Stockholders": -16305000.0,
        "Net Income": -16305000.0,
        "Net Income Including Noncontrolling Interests": -16305000.0,
        "Net Income Continuous Operations": -16305000.0,
        "Pretax Income": -16305000.0,
        "Other Income Expense": -24000.0,
        "Other Non Operating Income Expenses": -24000.0,
        "Net Non Operating Interest Income Expense": 299000.0,
        "Total Other Finance Cost": NaN,
        "Interest Income Non Operating": 299000.0,
        "Operating Income": -16580000.0,
        "Operating Expense": 18714000.0,
        "Other Operating Expenses": NaN,
        "Research And Development": 12940000.0,
        "Selling General And Administration": 5774000.0,
        "General And Administrative Expense": 5774000.0,
        "Other Gand A": 5774000.0,
        "Total Revenue": 2134000.0,
        "Operating Revenue": 2134000.0
    },
    "2024-09-30": {
        "Tax Effect Of Unusual Items": 0.0,
        "Tax Rate For Calcs": 0.0,
        "Normalized EBITDA": -13321000.0,
        "Net Income From Continuing Operation Net Minority Interest": -16444000.0,
        "Reconciled Depreciation": 3099000.0,
        "EBITDA": -13321000.0,
        "EBIT": -16420000.0,
        "Net Interest Income": 14000.0,
        "Interest Income": NaN,
        "Normalized Income": -16444000.0,
        "Net Income From Continuing And Discontinued Operation": -16444000.0,
        "Total Expenses": 19032000.0,
        "Total Operating Income As Reported": -16420000.0,
        "Diluted Average Shares": 55155583.0,
        "Basic Average Shares": 55155583.0,
        "Diluted EPS": -0.3,
        "Basic EPS": -0.3,
        "Diluted NI Availto Com Stockholders": -16444000.0,
        "Net Income Common Stockholders": -16444000.0,
        "Net Income": -16444000.0,
        "Net Income Including Noncontrolling Interests": -16444000.0,
        "Net Income Continuous Operations": -16444000.0,
        "Pretax Income": -16444000.0,
        "Other Income Expense": -38000.0,
        "Other Non Operating Income Expenses": -38000.0,
        "Net Non Operating Interest Income Expense": 14000.0,
        "Total Other Finance Cost": -14000.0,
        "Interest Income Non Operating": NaN,
        "Operating Income": -16420000.0,
        "Operating Expense": 19032000.0,
        "Other Operating Expenses": NaN,
        "Research And Development": 12807000.0,
        "Selling General And Administration": 6225000.0,
        "General And Administrative Expense": 6225000.0,
        "Other Gand A": 6225000.0,
        "Total Revenue": 2612000.0,
        "Operating Revenue": 2612000.0
    }
}