{
    "2023-03-31": {
        "Tax Effect Of Unusual Items": NaN,
        "Tax Rate For Calcs": NaN,
        "Normalized EBITDA": NaN,
        "Net Income From Continuing Operation Net Minority Interest": NaN,
        "Reconciled Depreciation": NaN,
        "Reconciled Cost Of Revenue": NaN,
        "EBITDA": NaN,
        "EBIT": NaN,
        "Net Interest Income": NaN,
        "Interest Expense": NaN,
        "Interest Income": NaN,
        "Normalized Income": NaN,
        "Net Income From Continuing And Discontinued Operation": NaN,
        "Total Expenses": NaN,
        "Total Operating Income As Reported": NaN,
        "Diluted Average Shares": 2397547.0,
        "Basic Average Shares": 2397547.0,
        "Diluted EPS": -9.9,
        "Basic EPS": -9.9,
        "Diluted NI Availto Com Stockholders": NaN,
        "Net Income Common Stockholders": NaN,
        "Net Income": NaN,
        "Net Income Including Noncontrolling Interests": NaN,
        "Net Income Continuous Operations": NaN,
        "Pretax Income": NaN,
        "Net Non Operating Interest Income Expense": NaN,
        "Interest Expense Non Operating": NaN,
        "Interest Income Non Operating": NaN,
        "Operating Income": NaN,
        "Operating Expense": NaN,
        "Research And Development": NaN,
        "Selling General And Administration": NaN,
        "Gross Profit": NaN,
        "Cost Of Revenue": NaN,
        "Total Revenue": NaN,
        "Operating Revenue": NaN
    },
    "2022-12-31": {
        "Tax Effect Of Unusual Items": NaN,
        "Tax Rate For Calcs": NaN,
        "Normalized EBITDA": NaN,
        "Net Income From Continuing Operation Net Minority Interest": NaN,
        "Reconciled Depreciation": NaN,
        "Reconciled Cost Of Revenue": NaN,
        "EBITDA": NaN,
        "EBIT": NaN,
        "Net Interest Income": NaN,
        "Interest Expense": NaN,
        "Interest Income": NaN,
        "Normalized Income": NaN,
        "Net Income From Continuing And Discontinued Operation": NaN,
        "Total Expenses": NaN,
        "Total Operating Income As Reported": NaN,
        "Diluted Average Shares": 71584976.0,
        "Basic Average Shares": 71584976.0,
        "Diluted EPS": -0.29,
        "Basic EPS": -0.29,
        "Diluted NI Availto Com Stockholders": NaN,
        "Net Income Common Stockholders": NaN,
        "Net Income": NaN,
        "Net Income Including Noncontrolling Interests": NaN,
        "Net Income Continuous Operations": NaN,
        "Pretax Income": NaN,
        "Net Non Operating Interest Income Expense": NaN,
        "Interest Expense Non Operating": NaN,
        "Interest Income Non Operating": NaN,
        "Operating Income": NaN,
        "Operating Expense": NaN,
        "Research And Development": NaN,
        "Selling General And Administration": NaN,
        "Gross Profit": NaN,
        "Cost Of Revenue": NaN,
        "Total Revenue": NaN,
        "Operating Revenue": NaN
    },
    "2022-09-30": {
        "Tax Effect Of Unusual Items": 0.0,
        "Tax Rate For Calcs": 0.0,
        "Normalized EBITDA": -21912000.0,
        "Net Income From Continuing Operation Net Minority Interest": -23790000.0,
        "Reconciled Depreciation": 1667000.0,
        "Reconciled Cost Of Revenue": NaN,
        "EBITDA": -21912000.0,
        "EBIT": -23579000.0,
        "Net Interest Income": 904000.0,
        "Interest Expense": 211000.0,
        "Interest Income": 1115000.0,
        "Normalized Income": -23790000.0,
        "Net Income From Continuing And Discontinued Operation": -23790000.0,
        "Total Expenses": 24694000.0,
        "Total Operating Income As Reported": -24694000.0,
        "Diluted Average Shares": 71216292.0,
        "Basic Average Shares": 71216292.0,
        "Diluted EPS": -0.33,
        "Basic EPS": -0.33,
        "Diluted NI Availto Com Stockholders": -23790000.0,
        "Net Income Common Stockholders": -23790000.0,
        "Net Income": -23790000.0,
        "Net Income Including Noncontrolling Interests": -23790000.0,
        "Net Income Continuous Operations": -23790000.0,
        "Pretax Income": -23790000.0,
        "Net Non Operating Interest Income Expense": 904000.0,
        "Interest Expense Non Operating": 211000.0,
        "Interest Income Non Operating": 1115000.0,
        "Operating Income": -24694000.0,
        "Operating Expense": 24694000.0,
        "Research And Development": 12732000.0,
        "Selling General And Administration": 11962000.0,
        "Gross Profit": NaN,
        "Cost Of Revenue": NaN,
        "Total Revenue": 0.0,
        "Operating Revenue": 0.0
    },
    "2022-06-30": {
        "Tax Effect Of Unusual Items": 0.0,
        "Tax Rate For Calcs": 0.0,
        "Normalized EBITDA": -22273000.0,
        "Net Income From Continuing Operation Net Minority Interest": -23982000.0,
        "Reconciled Depreciation": 1542000.0,
        "Reconciled Cost Of Revenue": NaN,
        "EBITDA": -22273000.0,
        "EBIT": -23815000.0,
        "Net Interest Income": 261000.0,
        "Interest Expense": 167000.0,
        "Interest Income": 428000.0,
        "Normalized Income": -23982000.0,
        "Net Income From Continuing And Discontinued Operation": -23982000.0,
        "Total Expenses": 24243000.0,
        "Total Operating Income As Reported": -24243000.0,
        "Diluted Average Shares": 70779326.0,
        "Basic Average Shares": 70779326.0,
        "Diluted EPS": -0.34,
        "Basic EPS": -0.34,
        "Diluted NI Availto Com Stockholders": -23982000.0,
        "Net Income Common Stockholders": -23982000.0,
        "Net Income": -23982000.0,
        "Net Income Including Noncontrolling Interests": -23982000.0,
        "Net Income Continuous Operations": -23982000.0,
        "Pretax Income": -23982000.0,
        "Net Non Operating Interest Income Expense": 261000.0,
        "Interest Expense Non Operating": 167000.0,
        "Interest Income Non Operating": 428000.0,
        "Operating Income": -24243000.0,
        "Operating Expense": 24243000.0,
        "Research And Development": 12061000.0,
        "Selling General And Administration": 12182000.0,
        "General And Administrative Expense": 12182000.0,
        "Other Gand A": 12182000.0,
        "Gross Profit": NaN,
        "Cost Of Revenue": NaN,
        "Total Revenue": 0.0,
        "Operating Revenue": 0.0
    },
    "2022-03-31": {
        "Diluted EPS": -0.31,
        "Total Revenue": NaN,
        "Gross Profit": NaN,
        "Operating Income": -22,
        "EBIT": -20,
        "Net Income": -22
    },
    "2021-12-31": {
        "Diluted EPS": 1.38,
        "Total Revenue": NaN,
        "Gross Profit": NaN,
        "Operating Income": -20,
        "EBIT": -19,
        "Net Income": -20
    },
    "2021-09-30": {
        "Diluted EPS": -0.25,
        "Total Revenue": NaN,
        "Gross Profit": NaN,
        "Operating Income": -17,
        "EBIT": -16,
        "Net Income": -18
    },
    "2021-06-30": {
        "Diluted EPS": -1.18,
        "Total Revenue": NaN,
        "Gross Profit": NaN,
        "Operating Income": -14,
        "EBIT": -13,
        "Net Income": -37
    },
    "2021-03-31": {
        "Diluted EPS": -2.05,
        "Total Revenue": NaN,
        "Gross Profit": NaN,
        "Operating Income": -10,
        "EBIT": -10,
        "Net Income": -24
    },
    "2020-12-31": {
        "Diluted EPS": -0.73,
        "Total Revenue": NaN,
        "Gross Profit": NaN,
        "Operating Income": -8,
        "EBIT": -7,
        "Net Income": -8
    },
    "2020-09-30": {
        "Diluted EPS": -0.74,
        "Total Revenue": NaN,
        "Gross Profit": NaN,
        "Operating Income": -8,
        "EBIT": -8,
        "Net Income": -8
    },
    "2020-06-30": {
        "Diluted EPS": -0.65,
        "Total Revenue": NaN,
        "Gross Profit": NaN,
        "Operating Income": -7,
        "EBIT": -7,
        "Net Income": -7
    },
    "2020-03-31": {
        "Diluted EPS": -0.52,
        "Total Revenue": NaN,
        "Gross Profit": NaN,
        "Operating Income": -5,
        "EBIT": -5,
        "Net Income": -5
    },
    "2019-12-31": {
        "Diluted EPS": 0.0,
        "Total Revenue": NaN,
        "Gross Profit": NaN,
        "Operating Income": NaN,
        "EBIT": NaN,
        "Net Income": NaN
    },
    "2023-06-30": {
        "Tax Effect Of Unusual Items": NaN,
        "Tax Rate For Calcs": NaN,
        "Normalized EBITDA": NaN,
        "Net Income From Continuing Operation Net Minority Interest": NaN,
        "Reconciled Depreciation": NaN,
        "Reconciled Cost Of Revenue": NaN,
        "EBITDA": NaN,
        "EBIT": NaN,
        "Net Interest Income": NaN,
        "Interest Expense": NaN,
        "Interest Income": NaN,
        "Normalized Income": NaN,
        "Net Income From Continuing And Discontinued Operation": NaN,
        "Total Expenses": NaN,
        "Total Operating Income As Reported": NaN,
        "Diluted Average Shares": 2417001.0,
        "Basic Average Shares": 2417001.0,
        "Diluted EPS": -10.58,
        "Basic EPS": -10.58,
        "Diluted NI Availto Com Stockholders": NaN,
        "Net Income Common Stockholders": NaN,
        "Net Income": NaN,
        "Net Income Including Noncontrolling Interests": NaN,
        "Net Income Continuous Operations": NaN,
        "Pretax Income": NaN,
        "Net Non Operating Interest Income Expense": NaN,
        "Interest Expense Non Operating": NaN,
        "Interest Income Non Operating": NaN,
        "Operating Income": NaN,
        "Operating Expense": NaN,
        "Research And Development": NaN,
        "Selling General And Administration": NaN,
        "Gross Profit": NaN,
        "Cost Of Revenue": NaN,
        "Total Revenue": NaN,
        "Operating Revenue": NaN
    },
    "2023-09-30": {
        "Tax Effect Of Unusual Items": 0.0,
        "Tax Rate For Calcs": 0.0,
        "Normalized EBITDA": -20205000.0,
        "Net Income From Continuing Operation Net Minority Interest": -22360000.0,
        "Reconciled Depreciation": 1870000.0,
        "Reconciled Cost Of Revenue": 527000.0,
        "EBITDA": -20205000.0,
        "EBIT": -22075000.0,
        "Net Interest Income": 2179000.0,
        "Interest Expense": 285000.0,
        "Interest Income": 2464000.0,
        "Normalized Income": -22360000.0,
        "Net Income From Continuing And Discontinued Operation": -22360000.0,
        "Total Expenses": 25001000.0,
        "Total Operating Income As Reported": -24539000.0,
        "Diluted Average Shares": 2417001.0,
        "Basic Average Shares": 2417001.0,
        "Diluted EPS": -9.25,
        "Basic EPS": -9.25,
        "Diluted NI Availto Com Stockholders": -22360000.0,
        "Net Income Common Stockholders": -22360000.0,
        "Net Income": -22360000.0,
        "Net Income Including Noncontrolling Interests": -22360000.0,
        "Net Income Continuous Operations": -22360000.0,
        "Pretax Income": -22360000.0,
        "Net Non Operating Interest Income Expense": 2179000.0,
        "Interest Expense Non Operating": 285000.0,
        "Interest Income Non Operating": 2464000.0,
        "Operating Income": -24539000.0,
        "Operating Expense": 24474000.0,
        "Research And Development": 11220000.0,
        "Selling General And Administration": 13254000.0,
        "Gross Profit": -65000.0,
        "Cost Of Revenue": 527000.0,
        "Total Revenue": 462000.0,
        "Operating Revenue": 462000.0
    },
    "2023-12-31": {
        "Tax Effect Of Unusual Items": 0.0,
        "Tax Rate For Calcs": 0.0,
        "Normalized EBITDA": -21308000.0,
        "Net Income From Continuing Operation Net Minority Interest": -23249000.0,
        "Reconciled Depreciation": 1654000.0,
        "Reconciled Cost Of Revenue": 1538000.0,
        "EBITDA": -21308000.0,
        "EBIT": -22962000.0,
        "Net Interest Income": 2032000.0,
        "Interest Expense": 287000.0,
        "Interest Income": 2319000.0,
        "Normalized Income": -23249000.0,
        "Net Income From Continuing And Discontinued Operation": -23249000.0,
        "Total Expenses": 26362000.0,
        "Total Operating Income As Reported": -25281000.0,
        "Diluted Average Shares": NaN,
        "Basic Average Shares": NaN,
        "Diluted EPS": NaN,
        "Basic EPS": NaN,
        "Diluted NI Availto Com Stockholders": -23249000.0,
        "Net Income Common Stockholders": -23249000.0,
        "Net Income": -23249000.0,
        "Net Income Including Noncontrolling Interests": -23249000.0,
        "Net Income Continuous Operations": -23249000.0,
        "Pretax Income": -23249000.0,
        "Net Non Operating Interest Income Expense": 2032000.0,
        "Interest Expense Non Operating": 287000.0,
        "Interest Income Non Operating": 2319000.0,
        "Operating Income": -25281000.0,
        "Operating Expense": 24824000.0,
        "Research And Development": 11690000.0,
        "Selling General And Administration": 13134000.0,
        "Gross Profit": -457000.0,
        "Cost Of Revenue": 1538000.0,
        "Total Revenue": 1081000.0,
        "Operating Revenue": 1081000.0
    },
    "2024-03-31": {
        "Tax Effect Of Unusual Items": 0.0,
        "Tax Rate For Calcs": 0.0,
        "Normalized EBITDA": -23018000.0,
        "Net Income From Continuing Operation Net Minority Interest": -25024000.0,
        "Reconciled Depreciation": 1722000.0,
        "Reconciled Cost Of Revenue": 861000.0,
        "EBITDA": -23018000.0,
        "EBIT": -24740000.0,
        "Net Interest Income": 1824000.0,
        "Interest Expense": 284000.0,
        "Interest Income": 2108000.0,
        "Normalized Income": -25024000.0,
        "Net Income From Continuing And Discontinued Operation": -25024000.0,
        "Total Expenses": 27290000.0,
        "Total Operating Income As Reported": -26848000.0,
        "Diluted Average Shares": 2464198.0,
        "Basic Average Shares": 2464198.0,
        "Diluted EPS": -10.2,
        "Basic EPS": -10.2,
        "Diluted NI Availto Com Stockholders": -25024000.0,
        "Net Income Common Stockholders": -25024000.0,
        "Net Income": -25024000.0,
        "Net Income Including Noncontrolling Interests": -25024000.0,
        "Net Income Continuous Operations": -25024000.0,
        "Pretax Income": -25024000.0,
        "Net Non Operating Interest Income Expense": 1824000.0,
        "Interest Expense Non Operating": 284000.0,
        "Interest Income Non Operating": 2108000.0,
        "Operating Income": -26848000.0,
        "Operating Expense": 26429000.0,
        "Research And Development": 11494000.0,
        "Selling General And Administration": 14935000.0,
        "Gross Profit": -419000.0,
        "Cost Of Revenue": 861000.0,
        "Total Revenue": 442000.0,
        "Operating Revenue": 442000.0
    },
    "2024-06-30": {
        "Tax Effect Of Unusual Items": 0.0,
        "Tax Rate For Calcs": 0.0,
        "Normalized EBITDA": -19188000.0,
        "Net Income From Continuing Operation Net Minority Interest": -21254000.0,
        "Reconciled Depreciation": 1780000.0,
        "Reconciled Cost Of Revenue": 915000.0,
        "EBITDA": -19188000.0,
        "EBIT": -20968000.0,
        "Net Interest Income": 1550000.0,
        "Interest Expense": 286000.0,
        "Interest Income": 1836000.0,
        "Normalized Income": -21254000.0,
        "Net Income From Continuing And Discontinued Operation": -21254000.0,
        "Total Expenses": 23541000.0,
        "Total Operating Income As Reported": -22804000.0,
        "Diluted Average Shares": 2480665.0,
        "Basic Average Shares": 2480665.0,
        "Diluted EPS": -8.57,
        "Basic EPS": -8.57,
        "Diluted NI Availto Com Stockholders": -21254000.0,
        "Net Income Common Stockholders": -21254000.0,
        "Net Income": -21254000.0,
        "Net Income Including Noncontrolling Interests": -21254000.0,
        "Net Income Continuous Operations": -21254000.0,
        "Pretax Income": -21254000.0,
        "Net Non Operating Interest Income Expense": 1550000.0,
        "Interest Expense Non Operating": 286000.0,
        "Interest Income Non Operating": 1836000.0,
        "Operating Income": -22804000.0,
        "Operating Expense": 22626000.0,
        "Research And Development": 10728000.0,
        "Selling General And Administration": 11898000.0,
        "Gross Profit": -178000.0,
        "Cost Of Revenue": 915000.0,
        "Total Revenue": 737000.0,
        "Operating Revenue": 737000.0
    },
    "2024-09-30": {
        "Tax Effect Of Unusual Items": 0.0,
        "Tax Rate For Calcs": 0.0,
        "Normalized EBITDA": -14818000.0,
        "Net Income From Continuing Operation Net Minority Interest": -16795000.0,
        "Reconciled Depreciation": 1691000.0,
        "Reconciled Cost Of Revenue": 707000.0,
        "EBITDA": -14818000.0,
        "EBIT": -16509000.0,
        "Net Interest Income": 1276000.0,
        "Interest Expense": 286000.0,
        "Interest Income": 1562000.0,
        "Normalized Income": -16795000.0,
        "Net Income From Continuing And Discontinued Operation": -16795000.0,
        "Total Expenses": 18477000.0,
        "Total Operating Income As Reported": -18071000.0,
        "Diluted Average Shares": 2501093.0,
        "Basic Average Shares": 2501093.0,
        "Diluted EPS": -6.72,
        "Basic EPS": -6.72,
        "Diluted NI Availto Com Stockholders": -16795000.0,
        "Net Income Common Stockholders": -16795000.0,
        "Net Income": -16795000.0,
        "Net Income Including Noncontrolling Interests": -16795000.0,
        "Net Income Continuous Operations": -16795000.0,
        "Pretax Income": -16795000.0,
        "Net Non Operating Interest Income Expense": 1276000.0,
        "Interest Expense Non Operating": 286000.0,
        "Interest Income Non Operating": 1562000.0,
        "Operating Income": -18071000.0,
        "Operating Expense": 17770000.0,
        "Research And Development": 9568000.0,
        "Selling General And Administration": 8202000.0,
        "Gross Profit": -301000.0,
        "Cost Of Revenue": 707000.0,
        "Total Revenue": 406000.0,
        "Operating Revenue": 406000.0
    }
}