{
    "2023-06-30": {
        "Tax Effect Of Unusual Items": NaN,
        "Tax Rate For Calcs": NaN,
        "Normalized EBITDA": NaN,
        "Total Unusual Items": NaN,
        "Total Unusual Items Excluding Goodwill": NaN,
        "Net Income From Continuing Operation Net Minority Interest": NaN,
        "Reconciled Depreciation": NaN,
        "Reconciled Cost Of Revenue": NaN,
        "EBITDA": NaN,
        "EBIT": NaN,
        "Net Interest Income": NaN,
        "Interest Expense": NaN,
        "Interest Income": NaN,
        "Normalized Income": NaN,
        "Net Income From Continuing And Discontinued Operation": NaN,
        "Total Expenses": NaN,
        "Total Operating Income As Reported": NaN,
        "Diluted Average Shares": NaN,
        "Basic Average Shares": NaN,
        "Diluted EPS": NaN,
        "Basic EPS": NaN,
        "Diluted NI Availto Com Stockholders": NaN,
        "Average Dilution Earnings": NaN,
        "Net Income Common Stockholders": NaN,
        "Net Income": NaN,
        "Minority Interests": NaN,
        "Net Income Including Noncontrolling Interests": NaN,
        "Net Income Continuous Operations": NaN,
        "Tax Provision": NaN,
        "Pretax Income": NaN,
        "Other Income Expense": NaN,
        "Other Non Operating Income Expenses": NaN,
        "Special Income Charges": NaN,
        "Gain On Sale Of Business": NaN,
        "Other Special Charges": NaN,
        "Write Off": 0.0,
        "Impairment Of Capital Assets": 0.0,
        "Restructuring And Mergern Acquisition": NaN,
        "Net Non Operating Interest Income Expense": NaN,
        "Interest Expense Non Operating": NaN,
        "Interest Income Non Operating": NaN,
        "Operating Income": NaN,
        "Operating Expense": NaN,
        "Depreciation Amortization Depletion Income Statement": NaN,
        "Depreciation And Amortization In Income Statement": NaN,
        "Amortization": NaN,
        "Amortization Of Intangibles Income Statement": NaN,
        "Research And Development": NaN,
        "Selling General And Administration": NaN,
        "Selling And Marketing Expense": NaN,
        "General And Administrative Expense": NaN,
        "Other Gand A": NaN,
        "Gross Profit": NaN,
        "Cost Of Revenue": NaN,
        "Total Revenue": NaN,
        "Operating Revenue": NaN
    },
    "2023-03-31": {
        "Tax Effect Of Unusual Items": NaN,
        "Tax Rate For Calcs": NaN,
        "Normalized EBITDA": NaN,
        "Total Unusual Items": NaN,
        "Total Unusual Items Excluding Goodwill": NaN,
        "Net Income From Continuing Operation Net Minority Interest": NaN,
        "Reconciled Depreciation": NaN,
        "Reconciled Cost Of Revenue": NaN,
        "EBITDA": NaN,
        "EBIT": NaN,
        "Net Interest Income": NaN,
        "Interest Expense": NaN,
        "Interest Income": NaN,
        "Normalized Income": NaN,
        "Net Income From Continuing And Discontinued Operation": NaN,
        "Total Expenses": NaN,
        "Total Operating Income As Reported": NaN,
        "Diluted Average Shares": NaN,
        "Basic Average Shares": NaN,
        "Diluted EPS": NaN,
        "Basic EPS": NaN,
        "Diluted NI Availto Com Stockholders": NaN,
        "Average Dilution Earnings": NaN,
        "Net Income Common Stockholders": NaN,
        "Net Income": NaN,
        "Minority Interests": NaN,
        "Net Income Including Noncontrolling Interests": NaN,
        "Net Income Continuous Operations": NaN,
        "Tax Provision": NaN,
        "Pretax Income": NaN,
        "Other Income Expense": NaN,
        "Other Non Operating Income Expenses": NaN,
        "Special Income Charges": NaN,
        "Gain On Sale Of Business": NaN,
        "Other Special Charges": 13300000.0,
        "Write Off": 12700000.0,
        "Impairment Of Capital Assets": NaN,
        "Restructuring And Mergern Acquisition": NaN,
        "Net Non Operating Interest Income Expense": NaN,
        "Interest Expense Non Operating": NaN,
        "Interest Income Non Operating": NaN,
        "Operating Income": NaN,
        "Operating Expense": NaN,
        "Depreciation Amortization Depletion Income Statement": NaN,
        "Depreciation And Amortization In Income Statement": NaN,
        "Amortization": NaN,
        "Amortization Of Intangibles Income Statement": NaN,
        "Research And Development": NaN,
        "Selling General And Administration": NaN,
        "Selling And Marketing Expense": NaN,
        "General And Administrative Expense": NaN,
        "Other Gand A": NaN,
        "Gross Profit": NaN,
        "Cost Of Revenue": NaN,
        "Total Revenue": NaN,
        "Operating Revenue": NaN
    },
    "2022-12-31": {
        "Tax Effect Of Unusual Items": NaN,
        "Tax Rate For Calcs": NaN,
        "Normalized EBITDA": NaN,
        "Total Unusual Items": NaN,
        "Total Unusual Items Excluding Goodwill": NaN,
        "Net Income From Continuing Operation Net Minority Interest": NaN,
        "Reconciled Depreciation": NaN,
        "Reconciled Cost Of Revenue": NaN,
        "EBITDA": NaN,
        "EBIT": NaN,
        "Net Interest Income": NaN,
        "Interest Expense": NaN,
        "Interest Income": NaN,
        "Normalized Income": NaN,
        "Net Income From Continuing And Discontinued Operation": NaN,
        "Total Expenses": NaN,
        "Total Operating Income As Reported": NaN,
        "Diluted Average Shares": NaN,
        "Basic Average Shares": NaN,
        "Diluted EPS": NaN,
        "Basic EPS": NaN,
        "Diluted NI Availto Com Stockholders": NaN,
        "Average Dilution Earnings": NaN,
        "Net Income Common Stockholders": NaN,
        "Net Income": NaN,
        "Minority Interests": NaN,
        "Net Income Including Noncontrolling Interests": NaN,
        "Net Income Continuous Operations": NaN,
        "Tax Provision": NaN,
        "Pretax Income": NaN,
        "Other Income Expense": NaN,
        "Other Non Operating Income Expenses": NaN,
        "Special Income Charges": NaN,
        "Gain On Sale Of Business": NaN,
        "Other Special Charges": -200000.0,
        "Write Off": NaN,
        "Impairment Of Capital Assets": 0.0,
        "Restructuring And Mergern Acquisition": NaN,
        "Net Non Operating Interest Income Expense": NaN,
        "Interest Expense Non Operating": NaN,
        "Interest Income Non Operating": NaN,
        "Operating Income": NaN,
        "Operating Expense": NaN,
        "Depreciation Amortization Depletion Income Statement": NaN,
        "Depreciation And Amortization In Income Statement": NaN,
        "Amortization": NaN,
        "Amortization Of Intangibles Income Statement": NaN,
        "Research And Development": NaN,
        "Selling General And Administration": NaN,
        "Selling And Marketing Expense": NaN,
        "General And Administrative Expense": NaN,
        "Other Gand A": NaN,
        "Gross Profit": NaN,
        "Cost Of Revenue": NaN,
        "Total Revenue": NaN,
        "Operating Revenue": NaN
    },
    "2022-09-30": {
        "Tax Effect Of Unusual Items": NaN,
        "Tax Rate For Calcs": NaN,
        "Normalized EBITDA": NaN,
        "Total Unusual Items": NaN,
        "Total Unusual Items Excluding Goodwill": NaN,
        "Net Income From Continuing Operation Net Minority Interest": NaN,
        "Reconciled Depreciation": NaN,
        "Reconciled Cost Of Revenue": NaN,
        "EBITDA": NaN,
        "EBIT": NaN,
        "Net Interest Income": NaN,
        "Interest Expense": NaN,
        "Interest Income": NaN,
        "Normalized Income": NaN,
        "Net Income From Continuing And Discontinued Operation": NaN,
        "Total Expenses": NaN,
        "Total Operating Income As Reported": NaN,
        "Diluted Average Shares": NaN,
        "Basic Average Shares": NaN,
        "Diluted EPS": NaN,
        "Basic EPS": NaN,
        "Diluted NI Availto Com Stockholders": NaN,
        "Average Dilution Earnings": NaN,
        "Net Income Common Stockholders": NaN,
        "Net Income": NaN,
        "Minority Interests": NaN,
        "Net Income Including Noncontrolling Interests": NaN,
        "Net Income Continuous Operations": NaN,
        "Tax Provision": NaN,
        "Pretax Income": NaN,
        "Other Income Expense": NaN,
        "Other Non Operating Income Expenses": NaN,
        "Special Income Charges": NaN,
        "Gain On Sale Of Business": NaN,
        "Other Special Charges": NaN,
        "Write Off": 18600000.0,
        "Impairment Of Capital Assets": 271800000.0,
        "Restructuring And Mergern Acquisition": NaN,
        "Net Non Operating Interest Income Expense": NaN,
        "Interest Expense Non Operating": NaN,
        "Interest Income Non Operating": NaN,
        "Operating Income": NaN,
        "Operating Expense": NaN,
        "Depreciation Amortization Depletion Income Statement": NaN,
        "Depreciation And Amortization In Income Statement": NaN,
        "Amortization": NaN,
        "Amortization Of Intangibles Income Statement": NaN,
        "Research And Development": NaN,
        "Selling General And Administration": NaN,
        "Selling And Marketing Expense": NaN,
        "General And Administrative Expense": NaN,
        "Other Gand A": NaN,
        "Gross Profit": NaN,
        "Cost Of Revenue": NaN,
        "Total Revenue": NaN,
        "Operating Revenue": NaN
    },
    "2022-06-30": {
        "Tax Effect Of Unusual Items": -22743000.0,
        "Tax Rate For Calcs": 0.19,
        "Normalized EBITDA": 844200000.0,
        "Total Unusual Items": -119700000.0,
        "Total Unusual Items Excluding Goodwill": -119700000.0,
        "Net Income From Continuing Operation Net Minority Interest": 455800000.0,
        "Reconciled Depreciation": 138400000.0,
        "Reconciled Cost Of Revenue": 931400000.0,
        "EBITDA": 724500000.0,
        "EBIT": 586100000.0,
        "Net Interest Income": -21000000.0,
        "Interest Expense": 22100000.0,
        "Interest Income": 1100000.0,
        "Normalized Income": 552757000.0,
        "Net Income From Continuing And Discontinued Operation": 455800000.0,
        "Total Expenses": 1387700000.0,
        "Total Operating Income As Reported": 584000000.0,
        "Diluted Average Shares": 447000000.0,
        "Basic Average Shares": 434200000.0,
        "Diluted EPS": 1.02,
        "Basic EPS": 1.05,
        "Diluted NI Availto Com Stockholders": 456300000.0,
        "Average Dilution Earnings": 500000.0,
        "Net Income Common Stockholders": 455800000.0,
        "Net Income": 455800000.0,
        "Minority Interests": -800000.0,
        "Net Income Including Noncontrolling Interests": 456600000.0,
        "Net Income Continuous Operations": 456600000.0,
        "Tax Provision": 107400000.0,
        "Pretax Income": 564000000.0,
        "Other Income Expense": -112300000.0,
        "Other Non Operating Income Expenses": 7400000.0,
        "Special Income Charges": -119700000.0,
        "Gain On Sale Of Business": 1900000.0,
        "Other Special Charges": 7300000.0,
        "Write Off": NaN,
        "Impairment Of Capital Assets": 115000000.0,
        "Restructuring And Mergern Acquisition": -700000.0,
        "Net Non Operating Interest Income Expense": -21000000.0,
        "Interest Expense Non Operating": 22100000.0,
        "Interest Income Non Operating": 1100000.0,
        "Operating Income": 697300000.0,
        "Operating Expense": 339800000.0,
        "Depreciation Amortization Depletion Income Statement": 21900000.0,
        "Depreciation And Amortization In Income Statement": 21900000.0,
        "Amortization": 21900000.0,
        "Amortization Of Intangibles Income Statement": 21900000.0,
        "Research And Development": 161600000.0,
        "Selling General And Administration": 156300000.0,
        "Selling And Marketing Expense": 73100000.0,
        "General And Administrative Expense": 83200000.0,
        "Other Gand A": 83200000.0,
        "Gross Profit": 1037100000.0,
        "Cost Of Revenue": 1047900000.0,
        "Total Revenue": 2085000000.0,
        "Operating Revenue": 2085000000.0
    },
    "2023-09-30": {
        "Tax Effect Of Unusual Items": NaN,
        "Tax Rate For Calcs": NaN,
        "Normalized EBITDA": NaN,
        "Total Unusual Items": NaN,
        "Total Unusual Items Excluding Goodwill": NaN,
        "Net Income From Continuing Operation Net Minority Interest": NaN,
        "Reconciled Depreciation": NaN,
        "Reconciled Cost Of Revenue": NaN,
        "EBITDA": NaN,
        "EBIT": NaN,
        "Net Interest Income": NaN,
        "Interest Expense": NaN,
        "Interest Income": NaN,
        "Normalized Income": NaN,
        "Net Income From Continuing And Discontinued Operation": NaN,
        "Total Expenses": NaN,
        "Total Operating Income As Reported": NaN,
        "Diluted Average Shares": NaN,
        "Basic Average Shares": NaN,
        "Diluted EPS": NaN,
        "Basic EPS": NaN,
        "Diluted NI Availto Com Stockholders": NaN,
        "Average Dilution Earnings": NaN,
        "Net Income Common Stockholders": NaN,
        "Net Income": NaN,
        "Minority Interests": NaN,
        "Net Income Including Noncontrolling Interests": NaN,
        "Net Income Continuous Operations": NaN,
        "Tax Provision": NaN,
        "Pretax Income": NaN,
        "Other Income Expense": NaN,
        "Other Non Operating Income Expenses": NaN,
        "Special Income Charges": NaN,
        "Gain On Sale Of Business": NaN,
        "Other Special Charges": NaN,
        "Write Off": 0.0,
        "Impairment Of Capital Assets": 0.0,
        "Restructuring And Mergern Acquisition": NaN,
        "Net Non Operating Interest Income Expense": NaN,
        "Interest Expense Non Operating": NaN,
        "Interest Income Non Operating": NaN,
        "Operating Income": NaN,
        "Operating Expense": NaN,
        "Depreciation Amortization Depletion Income Statement": NaN,
        "Depreciation And Amortization In Income Statement": NaN,
        "Amortization": NaN,
        "Amortization Of Intangibles Income Statement": NaN,
        "Research And Development": NaN,
        "Selling General And Administration": NaN,
        "Selling And Marketing Expense": NaN,
        "General And Administrative Expense": NaN,
        "Other Gand A": NaN,
        "Gross Profit": NaN,
        "Cost Of Revenue": NaN,
        "Total Revenue": NaN,
        "Operating Revenue": NaN
    },
    "2023-12-31": {
        "Tax Effect Of Unusual Items": NaN,
        "Tax Rate For Calcs": NaN,
        "Normalized EBITDA": NaN,
        "Total Unusual Items": NaN,
        "Total Unusual Items Excluding Goodwill": NaN,
        "Net Income From Continuing Operation Net Minority Interest": NaN,
        "Reconciled Depreciation": NaN,
        "Reconciled Cost Of Revenue": NaN,
        "EBITDA": NaN,
        "EBIT": NaN,
        "Net Interest Income": NaN,
        "Interest Expense": NaN,
        "Interest Income": NaN,
        "Normalized Income": NaN,
        "Net Income From Continuing And Discontinued Operation": NaN,
        "Total Expenses": NaN,
        "Total Operating Income As Reported": NaN,
        "Diluted Average Shares": NaN,
        "Basic Average Shares": NaN,
        "Diluted EPS": NaN,
        "Basic EPS": NaN,
        "Diluted NI Availto Com Stockholders": NaN,
        "Average Dilution Earnings": 100000.0,
        "Net Income Common Stockholders": NaN,
        "Net Income": NaN,
        "Minority Interests": NaN,
        "Net Income Including Noncontrolling Interests": NaN,
        "Net Income Continuous Operations": NaN,
        "Tax Provision": NaN,
        "Pretax Income": NaN,
        "Other Income Expense": NaN,
        "Other Non Operating Income Expenses": NaN,
        "Special Income Charges": NaN,
        "Gain On Sale Of Business": 0.0,
        "Other Special Charges": 0.0,
        "Write Off": NaN,
        "Impairment Of Capital Assets": 19500000.0,
        "Restructuring And Mergern Acquisition": NaN,
        "Net Non Operating Interest Income Expense": NaN,
        "Interest Expense Non Operating": NaN,
        "Interest Income Non Operating": NaN,
        "Operating Income": NaN,
        "Operating Expense": NaN,
        "Depreciation Amortization Depletion Income Statement": NaN,
        "Depreciation And Amortization In Income Statement": NaN,
        "Amortization": NaN,
        "Amortization Of Intangibles Income Statement": NaN,
        "Research And Development": NaN,
        "Selling General And Administration": NaN,
        "Selling And Marketing Expense": NaN,
        "General And Administrative Expense": NaN,
        "Other Gand A": NaN,
        "Gross Profit": NaN,
        "Cost Of Revenue": NaN,
        "Total Revenue": NaN,
        "Operating Revenue": NaN
    },
    "2024-03-31": {
        "Tax Effect Of Unusual Items": -219800.0,
        "Tax Rate For Calcs": 0.157,
        "Normalized EBITDA": 710100000.0,
        "Total Unusual Items": -1400000.0,
        "Total Unusual Items Excluding Goodwill": -1400000.0,
        "Net Income From Continuing Operation Net Minority Interest": 453000000.0,
        "Reconciled Depreciation": 154900000.0,
        "Reconciled Cost Of Revenue": 866800000.0,
        "EBITDA": 708700000.0,
        "EBIT": 553800000.0,
        "Net Interest Income": 12000000.0,
        "Interest Expense": 15600000.0,
        "Interest Income": 27600000.0,
        "Normalized Income": 454180200.0,
        "Net Income From Continuing And Discontinued Operation": 453000000.0,
        "Total Expenses": 1336100000.0,
        "Total Operating Income As Reported": 525200000.0,
        "Diluted Average Shares": 436500000.0,
        "Basic Average Shares": 428100000.0,
        "Diluted EPS": 1.04,
        "Basic EPS": 1.06,
        "Diluted NI Availto Com Stockholders": 453000000.0,
        "Average Dilution Earnings": 0.0,
        "Net Income Common Stockholders": 453000000.0,
        "Net Income": 453000000.0,
        "Minority Interests": -700000.0,
        "Net Income Including Noncontrolling Interests": 453700000.0,
        "Net Income Continuous Operations": 453700000.0,
        "Tax Provision": 84500000.0,
        "Pretax Income": 538200000.0,
        "Other Income Expense": -400000.0,
        "Other Non Operating Income Expenses": 1000000.0,
        "Special Income Charges": -1400000.0,
        "Gain On Sale Of Business": 0.0,
        "Other Special Charges": NaN,
        "Write Off": NaN,
        "Impairment Of Capital Assets": NaN,
        "Restructuring And Mergern Acquisition": 1400000.0,
        "Net Non Operating Interest Income Expense": 12000000.0,
        "Interest Expense Non Operating": 15600000.0,
        "Interest Income Non Operating": 27600000.0,
        "Operating Income": 526600000.0,
        "Operating Expense": 327000000.0,
        "Depreciation Amortization Depletion Income Statement": 12600000.0,
        "Depreciation And Amortization In Income Statement": 12600000.0,
        "Amortization": 12600000.0,
        "Amortization Of Intangibles Income Statement": 12600000.0,
        "Research And Development": 150000000.0,
        "Selling General And Administration": 164400000.0,
        "Selling And Marketing Expense": 69100000.0,
        "General And Administrative Expense": 95300000.0,
        "Other Gand A": 95300000.0,
        "Gross Profit": 853600000.0,
        "Cost Of Revenue": 1009100000.0,
        "Total Revenue": 1862700000.0,
        "Operating Revenue": 1862700000.0
    },
    "2024-06-30": {
        "Tax Effect Of Unusual Items": -11455000.0,
        "Tax Rate For Calcs": 0.158,
        "Normalized EBITDA": 649900000.0,
        "Total Unusual Items": -72500000.0,
        "Total Unusual Items Excluding Goodwill": -72500000.0,
        "Net Income From Continuing Operation Net Minority Interest": 338200000.0,
        "Reconciled Depreciation": 159600000.0,
        "Reconciled Cost Of Revenue": 804500000.0,
        "EBITDA": 577400000.0,
        "EBIT": 417800000.0,
        "Net Interest Income": 11700000.0,
        "Interest Expense": 15700000.0,
        "Interest Income": 27400000.0,
        "Normalized Income": 399245000.0,
        "Net Income From Continuing And Discontinued Operation": 338200000.0,
        "Total Expenses": 1274200000.0,
        "Total Operating Income As Reported": 388500000.0,
        "Diluted Average Shares": 433200000.0,
        "Basic Average Shares": 429100000.0,
        "Diluted EPS": 0.78,
        "Basic EPS": 0.79,
        "Diluted NI Availto Com Stockholders": 338200000.0,
        "Average Dilution Earnings": 0.0,
        "Net Income Common Stockholders": 338200000.0,
        "Net Income": 338200000.0,
        "Minority Interests": -200000.0,
        "Net Income Including Noncontrolling Interests": 338400000.0,
        "Net Income Continuous Operations": 338400000.0,
        "Tax Provision": 63700000.0,
        "Pretax Income": 402100000.0,
        "Other Income Expense": -70600000.0,
        "Other Non Operating Income Expenses": 1900000.0,
        "Special Income Charges": -72500000.0,
        "Gain On Sale Of Business": 0.0,
        "Other Special Charges": NaN,
        "Write Off": NaN,
        "Impairment Of Capital Assets": 15700000.0,
        "Restructuring And Mergern Acquisition": 56800000.0,
        "Net Non Operating Interest Income Expense": 11700000.0,
        "Interest Expense Non Operating": 15700000.0,
        "Interest Income Non Operating": 27400000.0,
        "Operating Income": 461000000.0,
        "Operating Expense": 323000000.0,
        "Depreciation Amortization Depletion Income Statement": 12900000.0,
        "Depreciation And Amortization In Income Statement": 12900000.0,
        "Amortization": 12900000.0,
        "Amortization Of Intangibles Income Statement": 12900000.0,
        "Research And Development": 156500000.0,
        "Selling General And Administration": 153600000.0,
        "Selling And Marketing Expense": 68600000.0,
        "General And Administrative Expense": 85000000.0,
        "Other Gand A": 85000000.0,
        "Gross Profit": 784000000.0,
        "Cost Of Revenue": 951200000.0,
        "Total Revenue": 1735200000.0,
        "Operating Revenue": 1735200000.0
    },
    "2024-09-30": {
        "Tax Effect Of Unusual Items": -3317400.0,
        "Tax Rate For Calcs": 0.114,
        "Normalized EBITDA": 661200000.0,
        "Total Unusual Items": -29100000.0,
        "Total Unusual Items Excluding Goodwill": -29100000.0,
        "Net Income From Continuing Operation Net Minority Interest": 401700000.0,
        "Reconciled Depreciation": 161800000.0,
        "Reconciled Cost Of Revenue": 813700000.0,
        "EBITDA": 632100000.0,
        "EBIT": 470300000.0,
        "Net Interest Income": 12900000.0,
        "Interest Expense": 15700000.0,
        "Interest Income": 28600000.0,
        "Normalized Income": 427482600.0,
        "Net Income From Continuing And Discontinued Operation": 401700000.0,
        "Total Expenses": 1287400000.0,
        "Total Operating Income As Reported": 445400000.0,
        "Diluted Average Shares": 431700000.0,
        "Basic Average Shares": 427000000.0,
        "Diluted EPS": 0.93,
        "Basic EPS": 0.94,
        "Diluted NI Availto Com Stockholders": 401700000.0,
        "Average Dilution Earnings": 0.0,
        "Net Income Common Stockholders": 401700000.0,
        "Net Income": 401700000.0,
        "Minority Interests": -1000000.0,
        "Net Income Including Noncontrolling Interests": 402700000.0,
        "Net Income Continuous Operations": 402700000.0,
        "Tax Provision": 51900000.0,
        "Pretax Income": 454600000.0,
        "Other Income Expense": -32800000.0,
        "Other Non Operating Income Expenses": -3700000.0,
        "Special Income Charges": -29100000.0,
        "Gain On Sale Of Business": 0.0,
        "Other Special Charges": NaN,
        "Write Off": NaN,
        "Impairment Of Capital Assets": NaN,
        "Restructuring And Mergern Acquisition": 29100000.0,
        "Net Non Operating Interest Income Expense": 12900000.0,
        "Interest Expense Non Operating": 15700000.0,
        "Interest Income Non Operating": 28600000.0,
        "Operating Income": 474500000.0,
        "Operating Expense": 324900000.0,
        "Depreciation Amortization Depletion Income Statement": 13000000.0,
        "Depreciation And Amortization In Income Statement": 13000000.0,
        "Amortization": 13000000.0,
        "Amortization Of Intangibles Income Statement": 13000000.0,
        "Research And Development": 151000000.0,
        "Selling General And Administration": 160900000.0,
        "Selling And Marketing Expense": 65400000.0,
        "General And Administrative Expense": 95500000.0,
        "Other Gand A": 95500000.0,
        "Gross Profit": 799400000.0,
        "Cost Of Revenue": 962500000.0,
        "Total Revenue": 1761900000.0,
        "Operating Revenue": 1761900000.0
    },
    "2024-12-31": {
        "Tax Effect Of Unusual Items": -4378372.881356,
        "Tax Rate For Calcs": 0.141695,
        "Normalized EBITDA": 655300000.0,
        "Total Unusual Items": -30900000.0,
        "Total Unusual Items Excluding Goodwill": -30900000.0,
        "Net Income From Continuing Operation Net Minority Interest": 379900000.0,
        "Reconciled Depreciation": 166600000.0,
        "Reconciled Cost Of Revenue": 790300000.0,
        "EBITDA": 624400000.0,
        "EBIT": 457800000.0,
        "Net Interest Income": 12500000.0,
        "Interest Expense": 15300000.0,
        "Interest Income": 27800000.0,
        "Normalized Income": 406421627.118644,
        "Net Income From Continuing And Discontinued Operation": 379900000.0,
        "Total Expenses": 1283000000.0,
        "Total Operating Income As Reported": 408600000.0,
        "Diluted Average Shares": 429600000.0,
        "Basic Average Shares": 425400000.0,
        "Diluted EPS": 0.88,
        "Basic EPS": 0.89,
        "Diluted NI Availto Com Stockholders": 379900000.0,
        "Average Dilution Earnings": 0.0,
        "Net Income Common Stockholders": 379900000.0,
        "Net Income": 379900000.0,
        "Minority Interests": 100000.0,
        "Net Income Including Noncontrolling Interests": 379800000.0,
        "Net Income Continuous Operations": 379800000.0,
        "Tax Provision": 62700000.0,
        "Pretax Income": 442500000.0,
        "Other Income Expense": -9500000.0,
        "Other Non Operating Income Expenses": 21400000.0,
        "Special Income Charges": -30900000.0,
        "Gain On Sale Of Business": 0.0,
        "Other Special Charges": NaN,
        "Write Off": NaN,
        "Impairment Of Capital Assets": NaN,
        "Restructuring And Mergern Acquisition": -6900000.0,
        "Net Non Operating Interest Income Expense": 12500000.0,
        "Interest Expense Non Operating": 15300000.0,
        "Interest Income Non Operating": 27800000.0,
        "Operating Income": 439500000.0,
        "Operating Expense": 339600000.0,
        "Depreciation Amortization Depletion Income Statement": 13500000.0,
        "Depreciation And Amortization In Income Statement": 13500000.0,
        "Amortization": 13500000.0,
        "Amortization Of Intangibles Income Statement": 13500000.0,
        "Research And Development": 155200000.0,
        "Selling General And Administration": 170900000.0,
        "Selling And Marketing Expense": 70400000.0,
        "General And Administrative Expense": 100500000.0,
        "Other Gand A": 100500000.0,
        "Gross Profit": 779100000.0,
        "Cost Of Revenue": 943400000.0,
        "Total Revenue": 1722500000.0,
        "Operating Revenue": 1722500000.0
    },
    "2025-03-31": {
        "Tax Effect Of Unusual Items": -72805500.0,
        "Tax Rate For Calcs": 0.135,
        "Normalized EBITDA": 164500000.0,
        "Total Unusual Items": -539300000.0,
        "Total Unusual Items Excluding Goodwill": -539300000.0,
        "Net Income From Continuing Operation Net Minority Interest": -486100000.0,
        "Reconciled Depreciation": 168200000.0,
        "Reconciled Cost Of Revenue": 995100000.0,
        "EBITDA": -374800000.0,
        "EBIT": -543000000.0,
        "Net Interest Income": 8600000.0,
        "Interest Expense": 18000000.0,
        "Interest Income": 26600000.0,
        "Normalized Income": -19605500.0,
        "Net Income From Continuing And Discontinued Operation": -486100000.0,
        "Total Expenses": 1480100000.0,
        "Total Operating Income As Reported": -573700000.0,
        "Diluted Average Shares": 421300000.0,
        "Basic Average Shares": 421300000.0,
        "Diluted EPS": -1.15,
        "Basic EPS": -1.15,
        "Diluted NI Availto Com Stockholders": -486100000.0,
        "Average Dilution Earnings": NaN,
        "Net Income Common Stockholders": -486100000.0,
        "Net Income": -486100000.0,
        "Minority Interests": -900000.0,
        "Net Income Including Noncontrolling Interests": -485200000.0,
        "Net Income Continuous Operations": -485200000.0,
        "Tax Provision": -75800000.0,
        "Pretax Income": -561000000.0,
        "Other Income Expense": -535200000.0,
        "Other Non Operating Income Expenses": 4100000.0,
        "Special Income Charges": -539300000.0,
        "Gain On Sale Of Business": NaN,
        "Other Special Charges": NaN,
        "Write Off": NaN,
        "Impairment Of Capital Assets": NaN,
        "Restructuring And Mergern Acquisition": 539300000.0,
        "Net Non Operating Interest Income Expense": 8600000.0,
        "Interest Expense Non Operating": 18000000.0,
        "Interest Income Non Operating": 26600000.0,
        "Operating Income": -34400000.0,
        "Operating Expense": 328200000.0,
        "Depreciation Amortization Depletion Income Statement": 11400000.0,
        "Depreciation And Amortization In Income Statement": 11400000.0,
        "Amortization": 11400000.0,
        "Amortization Of Intangibles Income Statement": 11400000.0,
        "Research And Development": 164100000.0,
        "Selling General And Administration": 152700000.0,
        "Selling And Marketing Expense": 68300000.0,
        "General And Administrative Expense": 84400000.0,
        "Other Gand A": 84400000.0,
        "Gross Profit": 293800000.0,
        "Cost Of Revenue": 1151900000.0,
        "Total Revenue": 1445700000.0,
        "Operating Revenue": 1445700000.0
    }
}