{
    "2024-09-30": {
        "Tax Effect Of Unusual Items": 0.0,
        "Tax Rate For Calcs": 0.21,
        "Normalized EBITDA": -48973000.0,
        "Net Income From Continuing Operation Net Minority Interest": -121350000.0,
        "Reconciled Depreciation": 71292000.0,
        "Reconciled Cost Of Revenue": 170462000.0,
        "EBITDA": -48973000.0,
        "EBIT": -120265000.0,
        "Net Interest Income": 10643000.0,
        "Interest Income": 10643000.0,
        "Normalized Income": -121350000.0,
        "Net Income From Continuing And Discontinued Operation": -121350000.0,
        "Total Expenses": 1121864000.0,
        "Total Operating Income As Reported": -120265000.0,
        "Diluted Average Shares": 105903990.0,
        "Basic Average Shares": 105903990.0,
        "Diluted EPS": -1.17,
        "Basic EPS": -1.17,
        "Diluted NI Availto Com Stockholders": -121350000.0,
        "Net Income Common Stockholders": -121350000.0,
        "Net Income": -121350000.0,
        "Net Income Including Noncontrolling Interests": -121350000.0,
        "Net Income Continuous Operations": -121350000.0,
        "Tax Provision": 23046000.0,
        "Pretax Income": -98304000.0,
        "Other Income Expense": 11318000.0,
        "Other Non Operating Income Expenses": 11318000.0,
        "Net Non Operating Interest Income Expense": 10643000.0,
        "Interest Income Non Operating": 10643000.0,
        "Operating Income": -120265000.0,
        "Operating Expense": 951402000.0,
        "Depreciation Amortization Depletion Income Statement": NaN,
        "Depreciation And Amortization In Income Statement": NaN,
        "Amortization": NaN,
        "Amortization Of Intangibles Income Statement": NaN,
        "Research And Development": 496179000.0,
        "Selling General And Administration": 455223000.0,
        "Gross Profit": 831137000.0,
        "Cost Of Revenue": 170462000.0,
        "Total Revenue": 1001599000.0,
        "Operating Revenue": 1245589000.0
    },
    "2024-06-30": {
        "Tax Effect Of Unusual Items": 0.0,
        "Tax Rate For Calcs": 0.21,
        "Normalized EBITDA": -82230000.0,
        "Net Income From Continuing Operation Net Minority Interest": -120405000.0,
        "Reconciled Depreciation": 24931000.0,
        "Reconciled Cost Of Revenue": 138132000.0,
        "EBITDA": -82230000.0,
        "EBIT": -107161000.0,
        "Net Interest Income": 13225000.0,
        "Interest Income": 13225000.0,
        "Normalized Income": -120405000.0,
        "Net Income From Continuing And Discontinued Operation": -120405000.0,
        "Total Expenses": 1036327000.0,
        "Total Operating Income As Reported": -107161000.0,
        "Diluted Average Shares": 104698659.0,
        "Basic Average Shares": 104698659.0,
        "Diluted EPS": -1.17,
        "Basic EPS": -1.17,
        "Diluted NI Availto Com Stockholders": -120405000.0,
        "Net Income Common Stockholders": -120405000.0,
        "Net Income": -120405000.0,
        "Net Income Including Noncontrolling Interests": -120405000.0,
        "Net Income Continuous Operations": -120405000.0,
        "Tax Provision": 14485000.0,
        "Pretax Income": -105920000.0,
        "Other Income Expense": -11984000.0,
        "Other Non Operating Income Expenses": -11984000.0,
        "Net Non Operating Interest Income Expense": 13225000.0,
        "Interest Income Non Operating": 13225000.0,
        "Operating Income": -107161000.0,
        "Operating Expense": 898195000.0,
        "Depreciation Amortization Depletion Income Statement": 0.0,
        "Depreciation And Amortization In Income Statement": 0.0,
        "Amortization": 0.0,
        "Amortization Of Intangibles Income Statement": 0.0,
        "Research And Development": 454466000.0,
        "Selling General And Administration": 443729000.0,
        "Gross Profit": 791034000.0,
        "Cost Of Revenue": 138132000.0,
        "Total Revenue": 929166000.0,
        "Operating Revenue": 1172145000.0
    },
    "2024-03-31": {
        "Tax Effect Of Unusual Items": NaN,
        "Tax Rate For Calcs": NaN,
        "Normalized EBITDA": NaN,
        "Net Income From Continuing Operation Net Minority Interest": NaN,
        "Reconciled Depreciation": NaN,
        "Reconciled Cost Of Revenue": NaN,
        "EBITDA": NaN,
        "EBIT": NaN,
        "Net Interest Income": NaN,
        "Interest Income": NaN,
        "Normalized Income": NaN,
        "Net Income From Continuing And Discontinued Operation": NaN,
        "Total Expenses": NaN,
        "Total Operating Income As Reported": NaN,
        "Diluted Average Shares": NaN,
        "Basic Average Shares": NaN,
        "Diluted EPS": NaN,
        "Basic EPS": NaN,
        "Diluted NI Availto Com Stockholders": NaN,
        "Net Income Common Stockholders": NaN,
        "Net Income": NaN,
        "Net Income Including Noncontrolling Interests": NaN,
        "Net Income Continuous Operations": NaN,
        "Tax Provision": NaN,
        "Pretax Income": NaN,
        "Other Income Expense": NaN,
        "Other Non Operating Income Expenses": NaN,
        "Net Non Operating Interest Income Expense": NaN,
        "Interest Income Non Operating": NaN,
        "Operating Income": NaN,
        "Operating Expense": NaN,
        "Depreciation Amortization Depletion Income Statement": 0.0,
        "Depreciation And Amortization In Income Statement": 0.0,
        "Amortization": 0.0,
        "Amortization Of Intangibles Income Statement": 0.0,
        "Research And Development": NaN,
        "Selling General And Administration": NaN,
        "Gross Profit": NaN,
        "Cost Of Revenue": NaN,
        "Total Revenue": NaN,
        "Operating Revenue": NaN
    },
    "2023-12-31": {
        "Tax Effect Of Unusual Items": NaN,
        "Tax Rate For Calcs": NaN,
        "Normalized EBITDA": NaN,
        "Net Income From Continuing Operation Net Minority Interest": NaN,
        "Reconciled Depreciation": NaN,
        "Reconciled Cost Of Revenue": NaN,
        "EBITDA": NaN,
        "EBIT": NaN,
        "Net Interest Income": NaN,
        "Interest Income": NaN,
        "Normalized Income": NaN,
        "Net Income From Continuing And Discontinued Operation": NaN,
        "Total Expenses": NaN,
        "Total Operating Income As Reported": NaN,
        "Diluted Average Shares": NaN,
        "Basic Average Shares": NaN,
        "Diluted EPS": NaN,
        "Basic EPS": NaN,
        "Diluted NI Availto Com Stockholders": NaN,
        "Net Income Common Stockholders": NaN,
        "Net Income": NaN,
        "Net Income Including Noncontrolling Interests": NaN,
        "Net Income Continuous Operations": NaN,
        "Tax Provision": NaN,
        "Pretax Income": NaN,
        "Other Income Expense": NaN,
        "Other Non Operating Income Expenses": NaN,
        "Net Non Operating Interest Income Expense": NaN,
        "Interest Income Non Operating": NaN,
        "Operating Income": NaN,
        "Operating Expense": NaN,
        "Depreciation Amortization Depletion Income Statement": 1838000.0,
        "Depreciation And Amortization In Income Statement": 1838000.0,
        "Amortization": 1838000.0,
        "Amortization Of Intangibles Income Statement": 1838000.0,
        "Research And Development": NaN,
        "Selling General And Administration": NaN,
        "Gross Profit": NaN,
        "Cost Of Revenue": NaN,
        "Total Revenue": NaN,
        "Operating Revenue": NaN
    },
    "2023-09-30": {
        "Tax Effect Of Unusual Items": NaN,
        "Tax Rate For Calcs": NaN,
        "Normalized EBITDA": NaN,
        "Net Income From Continuing Operation Net Minority Interest": NaN,
        "Reconciled Depreciation": NaN,
        "Reconciled Cost Of Revenue": NaN,
        "EBITDA": NaN,
        "EBIT": NaN,
        "Net Interest Income": NaN,
        "Interest Income": NaN,
        "Normalized Income": NaN,
        "Net Income From Continuing And Discontinued Operation": NaN,
        "Total Expenses": NaN,
        "Total Operating Income As Reported": NaN,
        "Diluted Average Shares": NaN,
        "Basic Average Shares": NaN,
        "Diluted EPS": NaN,
        "Basic EPS": NaN,
        "Diluted NI Availto Com Stockholders": NaN,
        "Net Income Common Stockholders": NaN,
        "Net Income": NaN,
        "Net Income Including Noncontrolling Interests": NaN,
        "Net Income Continuous Operations": NaN,
        "Tax Provision": NaN,
        "Pretax Income": NaN,
        "Other Income Expense": NaN,
        "Other Non Operating Income Expenses": NaN,
        "Net Non Operating Interest Income Expense": NaN,
        "Interest Income Non Operating": NaN,
        "Operating Income": NaN,
        "Operating Expense": NaN,
        "Depreciation Amortization Depletion Income Statement": 1287000.0,
        "Depreciation And Amortization In Income Statement": 1287000.0,
        "Amortization": 1287000.0,
        "Amortization Of Intangibles Income Statement": 1287000.0,
        "Research And Development": NaN,
        "Selling General And Administration": NaN,
        "Gross Profit": NaN,
        "Cost Of Revenue": NaN,
        "Total Revenue": NaN,
        "Operating Revenue": NaN
    },
    "2023-06-30": {
        "Tax Effect Of Unusual Items": NaN,
        "Tax Rate For Calcs": NaN,
        "Normalized EBITDA": NaN,
        "Net Income From Continuing Operation Net Minority Interest": NaN,
        "Reconciled Depreciation": NaN,
        "Reconciled Cost Of Revenue": NaN,
        "EBITDA": NaN,
        "EBIT": NaN,
        "Net Interest Income": NaN,
        "Interest Income": NaN,
        "Normalized Income": NaN,
        "Net Income From Continuing And Discontinued Operation": NaN,
        "Total Expenses": NaN,
        "Total Operating Income As Reported": NaN,
        "Diluted Average Shares": NaN,
        "Basic Average Shares": NaN,
        "Diluted EPS": NaN,
        "Basic EPS": NaN,
        "Diluted NI Availto Com Stockholders": NaN,
        "Net Income Common Stockholders": NaN,
        "Net Income": NaN,
        "Net Income Including Noncontrolling Interests": NaN,
        "Net Income Continuous Operations": NaN,
        "Tax Provision": NaN,
        "Pretax Income": NaN,
        "Other Income Expense": NaN,
        "Other Non Operating Income Expenses": NaN,
        "Net Non Operating Interest Income Expense": NaN,
        "Interest Income Non Operating": NaN,
        "Operating Income": NaN,
        "Operating Expense": NaN,
        "Depreciation Amortization Depletion Income Statement": 188000.0,
        "Depreciation And Amortization In Income Statement": 188000.0,
        "Amortization": 188000.0,
        "Amortization Of Intangibles Income Statement": 188000.0,
        "Research And Development": NaN,
        "Selling General And Administration": NaN,
        "Gross Profit": NaN,
        "Cost Of Revenue": NaN,
        "Total Revenue": NaN,
        "Operating Revenue": NaN
    },
    "2024-12-31": {
        "Tax Effect Of Unusual Items": 0.0,
        "Tax Rate For Calcs": 0.21,
        "Normalized EBITDA": -29179000.0,
        "Net Income From Continuing Operation Net Minority Interest": -151881000.0,
        "Reconciled Depreciation": 50246000.0,
        "Reconciled Cost Of Revenue": 160560000.0,
        "EBITDA": -29179000.0,
        "EBIT": -79425000.0,
        "Net Interest Income": 7808000.0,
        "Interest Income": 7808000.0,
        "Normalized Income": -151881000.0,
        "Net Income From Continuing And Discontinued Operation": -151881000.0,
        "Total Expenses": 1207249000.0,
        "Total Operating Income As Reported": -79425000.0,
        "Diluted Average Shares": 106259864.0,
        "Basic Average Shares": 106259864.0,
        "Diluted EPS": -1.43,
        "Basic EPS": -1.43,
        "Diluted NI Availto Com Stockholders": -151881000.0,
        "Net Income Common Stockholders": -151881000.0,
        "Net Income": -151881000.0,
        "Net Income Including Noncontrolling Interests": -151881000.0,
        "Net Income Continuous Operations": -151881000.0,
        "Tax Provision": 66530000.0,
        "Pretax Income": -85351000.0,
        "Other Income Expense": -13734000.0,
        "Other Non Operating Income Expenses": -13734000.0,
        "Net Non Operating Interest Income Expense": 7808000.0,
        "Interest Income Non Operating": 7808000.0,
        "Operating Income": -79425000.0,
        "Operating Expense": 1046689000.0,
        "Depreciation Amortization Depletion Income Statement": NaN,
        "Depreciation And Amortization In Income Statement": NaN,
        "Amortization": NaN,
        "Amortization Of Intangibles Income Statement": NaN,
        "Research And Development": 542012000.0,
        "Selling General And Administration": 504677000.0,
        "Gross Profit": 967264000.0,
        "Cost Of Revenue": 160560000.0,
        "Total Revenue": 1127824000.0,
        "Operating Revenue": 1429536000.0
    },
    "2025-03-31": {
        "Tax Effect Of Unusual Items": 0.0,
        "Tax Rate For Calcs": 0.21,
        "Normalized EBITDA": 43906000.0,
        "Net Income From Continuing Operation Net Minority Interest": 1270000.0,
        "Reconciled Depreciation": 32804000.0,
        "Reconciled Cost Of Revenue": 132215000.0,
        "EBITDA": 43906000.0,
        "EBIT": 11102000.0,
        "Net Interest Income": 5848000.0,
        "Interest Income": 5848000.0,
        "Normalized Income": 1270000.0,
        "Net Income From Continuing And Discontinued Operation": 1270000.0,
        "Total Expenses": 1106177000.0,
        "Total Operating Income As Reported": 11102000.0,
        "Diluted Average Shares": 111173325.0,
        "Basic Average Shares": 106927151.0,
        "Diluted EPS": 0.0,
        "Basic EPS": 0.0,
        "Diluted NI Availto Com Stockholders": 1270000.0,
        "Net Income Common Stockholders": 1270000.0,
        "Net Income": 1270000.0,
        "Net Income Including Noncontrolling Interests": 1270000.0,
        "Net Income Continuous Operations": 1270000.0,
        "Tax Provision": 19630000.0,
        "Pretax Income": 20900000.0,
        "Other Income Expense": 3950000.0,
        "Other Non Operating Income Expenses": 3950000.0,
        "Net Non Operating Interest Income Expense": 5848000.0,
        "Interest Income Non Operating": 5848000.0,
        "Operating Income": 11102000.0,
        "Operating Expense": 941175000.0,
        "Depreciation Amortization Depletion Income Statement": 17000.0,
        "Depreciation And Amortization In Income Statement": 17000.0,
        "Amortization": 17000.0,
        "Amortization Of Intangibles Income Statement": 17000.0,
        "Research And Development": 481887000.0,
        "Selling General And Administration": 459271000.0,
        "Gross Profit": 952277000.0,
        "Cost Of Revenue": 165002000.0,
        "Total Revenue": 1117279000.0,
        "Operating Revenue": 1408815000.0
    },
    "2025-06-30": {
        "Tax Effect Of Unusual Items": 0.0,
        "Tax Rate For Calcs": 0.052527,
        "Normalized EBITDA": 123499000.0,
        "Net Income From Continuing Operation Net Minority Interest": 94320000.0,
        "Reconciled Depreciation": 35614000.0,
        "Reconciled Cost Of Revenue": 164606000.0,
        "EBITDA": 123499000.0,
        "EBIT": 87885000.0,
        "Net Interest Income": 3497000.0,
        "Interest Income": 3497000.0,
        "Normalized Income": 94320000.0,
        "Net Income From Continuing And Discontinued Operation": 94320000.0,
        "Total Expenses": 1227415000.0,
        "Total Operating Income As Reported": 87885000.0,
        "Diluted Average Shares": 112559800.0,
        "Basic Average Shares": 108320520.0,
        "Diluted EPS": 0.78,
        "Basic EPS": 0.91,
        "Diluted NI Availto Com Stockholders": 94320000.0,
        "Net Income Common Stockholders": 94320000.0,
        "Net Income": 94320000.0,
        "Net Income Including Noncontrolling Interests": 94320000.0,
        "Net Income Continuous Operations": 94320000.0,
        "Tax Provision": 5229000.0,
        "Pretax Income": 99549000.0,
        "Other Income Expense": 8167000.0,
        "Other Non Operating Income Expenses": 8167000.0,
        "Net Non Operating Interest Income Expense": 3497000.0,
        "Interest Income Non Operating": 3497000.0,
        "Operating Income": 87885000.0,
        "Operating Expense": 1062809000.0,
        "Depreciation Amortization Depletion Income Statement": NaN,
        "Depreciation And Amortization In Income Statement": NaN,
        "Amortization": NaN,
        "Amortization Of Intangibles Income Statement": NaN,
        "Research And Development": 524896000.0,
        "Selling General And Administration": 537913000.0,
        "Gross Profit": 1150694000.0,
        "Cost Of Revenue": 164606000.0,
        "Total Revenue": 1315300000.0,
        "Operating Revenue": 1670191000.0
    }
}