{
    "2023-03-31": {
        "Tax Effect Of Unusual Items": NaN,
        "Tax Rate For Calcs": NaN,
        "Normalized EBITDA": NaN,
        "Net Income From Continuing Operation Net Minority Interest": NaN,
        "EBITDA": NaN,
        "EBIT": NaN,
        "Net Interest Income": NaN,
        "Interest Income": NaN,
        "Normalized Income": NaN,
        "Net Income From Continuing And Discontinued Operation": NaN,
        "Total Expenses": NaN,
        "Total Operating Income As Reported": NaN,
        "Diluted Average Shares": 2926000.0,
        "Basic Average Shares": 2926000.0,
        "Diluted EPS": -3.93,
        "Basic EPS": -3.93,
        "Diluted NI Availto Com Stockholders": NaN,
        "Net Income Common Stockholders": NaN,
        "Net Income": NaN,
        "Net Income Including Noncontrolling Interests": NaN,
        "Net Income Continuous Operations": NaN,
        "Pretax Income": NaN,
        "Net Non Operating Interest Income Expense": NaN,
        "Interest Income Non Operating": NaN,
        "Operating Income": NaN,
        "Operating Expense": NaN,
        "Other Operating Expenses": NaN,
        "Research And Development": NaN,
        "Selling General And Administration": NaN,
        "General And Administrative Expense": NaN,
        "Other Gand A": NaN,
        "Total Revenue": NaN,
        "Operating Revenue": NaN
    },
    "2022-12-31": {
        "Tax Effect Of Unusual Items": NaN,
        "Tax Rate For Calcs": NaN,
        "Normalized EBITDA": NaN,
        "Net Income From Continuing Operation Net Minority Interest": NaN,
        "EBITDA": NaN,
        "EBIT": NaN,
        "Net Interest Income": NaN,
        "Interest Income": NaN,
        "Normalized Income": NaN,
        "Net Income From Continuing And Discontinued Operation": NaN,
        "Total Expenses": NaN,
        "Total Operating Income As Reported": NaN,
        "Diluted Average Shares": 2828800.0,
        "Basic Average Shares": 2828800.0,
        "Diluted EPS": -4.0,
        "Basic EPS": -4.0,
        "Diluted NI Availto Com Stockholders": NaN,
        "Net Income Common Stockholders": NaN,
        "Net Income": NaN,
        "Net Income Including Noncontrolling Interests": NaN,
        "Net Income Continuous Operations": NaN,
        "Pretax Income": NaN,
        "Net Non Operating Interest Income Expense": NaN,
        "Interest Income Non Operating": NaN,
        "Operating Income": NaN,
        "Operating Expense": NaN,
        "Other Operating Expenses": NaN,
        "Research And Development": NaN,
        "Selling General And Administration": NaN,
        "General And Administrative Expense": NaN,
        "Other Gand A": NaN,
        "Total Revenue": NaN,
        "Operating Revenue": NaN
    },
    "2022-09-30": {
        "Tax Effect Of Unusual Items": 0.0,
        "Tax Rate For Calcs": 0.0,
        "Normalized EBITDA": -11325000.0,
        "Net Income From Continuing Operation Net Minority Interest": -11125000.0,
        "EBITDA": -11325000.0,
        "EBIT": -11325000.0,
        "Net Interest Income": 200000.0,
        "Interest Income": 200000.0,
        "Normalized Income": -11125000.0,
        "Net Income From Continuing And Discontinued Operation": -11125000.0,
        "Total Expenses": 11325000.0,
        "Total Operating Income As Reported": -11325000.0,
        "Diluted Average Shares": 54212000.0,
        "Basic Average Shares": 54212000.0,
        "Diluted EPS": -0.21,
        "Basic EPS": -0.21,
        "Diluted NI Availto Com Stockholders": -11125000.0,
        "Net Income Common Stockholders": -11125000.0,
        "Net Income": -11125000.0,
        "Net Income Including Noncontrolling Interests": -11125000.0,
        "Net Income Continuous Operations": -11125000.0,
        "Pretax Income": -11125000.0,
        "Net Non Operating Interest Income Expense": 200000.0,
        "Interest Income Non Operating": 200000.0,
        "Operating Income": -11325000.0,
        "Operating Expense": 11325000.0,
        "Other Operating Expenses": -382000.0,
        "Research And Development": 8442000.0,
        "Selling General And Administration": 3265000.0,
        "General And Administrative Expense": 3265000.0,
        "Other Gand A": 3265000.0,
        "Total Revenue": 0.0,
        "Operating Revenue": 0.0
    },
    "2022-06-30": {
        "Tax Effect Of Unusual Items": 0.0,
        "Tax Rate For Calcs": 0.0,
        "Normalized EBITDA": -11795000.0,
        "Net Income From Continuing Operation Net Minority Interest": -11741000.0,
        "EBITDA": -11795000.0,
        "EBIT": -11795000.0,
        "Net Interest Income": 54000.0,
        "Interest Income": 54000.0,
        "Normalized Income": -11741000.0,
        "Net Income From Continuing And Discontinued Operation": -11741000.0,
        "Total Expenses": 11795000.0,
        "Total Operating Income As Reported": -11795000.0,
        "Diluted Average Shares": 50064000.0,
        "Basic Average Shares": 50064000.0,
        "Diluted EPS": -0.23,
        "Basic EPS": -0.23,
        "Diluted NI Availto Com Stockholders": -11741000.0,
        "Net Income Common Stockholders": -11741000.0,
        "Net Income": -11741000.0,
        "Net Income Including Noncontrolling Interests": -11741000.0,
        "Net Income Continuous Operations": -11741000.0,
        "Pretax Income": -11741000.0,
        "Net Non Operating Interest Income Expense": 54000.0,
        "Interest Income Non Operating": 54000.0,
        "Operating Income": -11795000.0,
        "Operating Expense": 11795000.0,
        "Other Operating Expenses": -191000.0,
        "Research And Development": 8761000.0,
        "Selling General And Administration": 3225000.0,
        "General And Administrative Expense": 3225000.0,
        "Other Gand A": 3225000.0,
        "Total Revenue": 0.0,
        "Operating Revenue": 0.0
    },
    "2022-03-31": {
        "Diluted EPS": -0.2,
        "Total Revenue": 1,
        "Gross Profit": 1,
        "Operating Income": -10,
        "EBIT": -10,
        "Net Income": -10
    },
    "2021-12-31": {
        "Diluted EPS": -0.17,
        "Total Revenue": 1,
        "Gross Profit": 1,
        "Operating Income": -8,
        "EBIT": -8,
        "Net Income": -8
    },
    "2021-09-30": {
        "Diluted EPS": -0.19,
        "Total Revenue": 2,
        "Gross Profit": 2,
        "Operating Income": -10,
        "EBIT": -10,
        "Net Income": -10
    },
    "2021-06-30": {
        "Diluted EPS": -0.16,
        "Total Revenue": 1,
        "Gross Profit": 1,
        "Operating Income": -8,
        "EBIT": -8,
        "Net Income": -8
    },
    "2021-03-31": {
        "Diluted EPS": -0.12,
        "Total Revenue": 1,
        "Gross Profit": 1,
        "Operating Income": -6,
        "EBIT": -6,
        "Net Income": -6
    },
    "2020-12-31": {
        "Diluted EPS": 0.02,
        "Total Revenue": 2,
        "Gross Profit": 2,
        "Operating Income": -3,
        "EBIT": -3,
        "Net Income": -3
    },
    "2020-09-30": {
        "Diluted EPS": -0.22,
        "Total Revenue": 1,
        "Gross Profit": 1,
        "Operating Income": -4,
        "EBIT": -4,
        "Net Income": -4
    },
    "2020-06-30": {
        "Diluted EPS": -0.34,
        "Total Revenue": 1,
        "Gross Profit": 1,
        "Operating Income": -6,
        "EBIT": -6,
        "Net Income": -6
    },
    "2020-03-31": {
        "Diluted EPS": -0.31,
        "Total Revenue": 1,
        "Gross Profit": 1,
        "Operating Income": -5,
        "EBIT": -5,
        "Net Income": -5
    },
    "2019-12-31": {
        "Diluted EPS": 1.01,
        "Total Revenue": 1,
        "Gross Profit": 1,
        "Operating Income": -4,
        "EBIT": -4,
        "Net Income": -4
    },
    "2019-09-30": {
        "Diluted EPS": -0.32,
        "Total Revenue": 1,
        "Gross Profit": 1,
        "Operating Income": -5,
        "EBIT": -5,
        "Net Income": -5
    },
    "2019-06-30": {
        "Diluted EPS": -3.38,
        "Total Revenue": 1,
        "Gross Profit": 1,
        "Operating Income": -22,
        "EBIT": -22,
        "Net Income": -23
    },
    "2019-03-31": {
        "Diluted EPS": -0.62,
        "Total Revenue": 0,
        "Gross Profit": 0,
        "Operating Income": -2,
        "EBIT": -2,
        "Net Income": -2
    },
    "2018-12-31": {
        "Diluted EPS": 3.72,
        "Total Revenue": 1,
        "Gross Profit": 1,
        "Operating Income": 11,
        "EBIT": 11,
        "Net Income": 11
    },
    "2018-09-30": {
        "Diluted EPS": -0.53,
        "Total Revenue": 0,
        "Gross Profit": 0,
        "Operating Income": -2,
        "EBIT": -2,
        "Net Income": -2
    },
    "2018-06-30": {
        "Diluted EPS": -0.68,
        "Total Revenue": 2,
        "Gross Profit": 2,
        "Operating Income": -3,
        "EBIT": -3,
        "Net Income": -2
    },
    "2018-03-31": {
        "Diluted EPS": -4.34,
        "Total Revenue": NaN,
        "Gross Profit": NaN,
        "Operating Income": -14,
        "EBIT": -14,
        "Net Income": -14
    },
    "2017-12-31": {
        "Diluted EPS": -3.01,
        "Total Revenue": NaN,
        "Gross Profit": NaN,
        "Operating Income": -9,
        "EBIT": -9,
        "Net Income": -9
    },
    "2017-09-30": {
        "Diluted EPS": -3.71,
        "Total Revenue": NaN,
        "Gross Profit": NaN,
        "Operating Income": -9,
        "EBIT": -9,
        "Net Income": -9
    },
    "2017-06-30": {
        "Diluted EPS": -2.8,
        "Total Revenue": NaN,
        "Gross Profit": NaN,
        "Operating Income": -6,
        "EBIT": -6,
        "Net Income": -6
    },
    "2017-03-31": {
        "Diluted EPS": -2.73,
        "Total Revenue": NaN,
        "Gross Profit": NaN,
        "Operating Income": -6,
        "EBIT": -6,
        "Net Income": -6
    },
    "2016-12-31": {
        "Diluted EPS": -3.15,
        "Total Revenue": NaN,
        "Gross Profit": NaN,
        "Operating Income": -7,
        "EBIT": -7,
        "Net Income": -7
    },
    "2016-09-30": {
        "Diluted EPS": -3.43,
        "Total Revenue": NaN,
        "Gross Profit": NaN,
        "Operating Income": -7,
        "EBIT": -7,
        "Net Income": -7
    },
    "2016-06-30": {
        "Diluted EPS": -3.01,
        "Total Revenue": NaN,
        "Gross Profit": NaN,
        "Operating Income": -6,
        "EBIT": -6,
        "Net Income": -6
    },
    "2016-03-31": {
        "Diluted EPS": 1.05,
        "Total Revenue": NaN,
        "Gross Profit": NaN,
        "Operating Income": -6,
        "EBIT": -6,
        "Net Income": 2
    },
    "2015-12-31": {
        "Diluted EPS": 17.71,
        "Total Revenue": NaN,
        "Gross Profit": NaN,
        "Operating Income": -6,
        "EBIT": -6,
        "Net Income": -3
    },
    "2015-09-30": {
        "Diluted EPS": -2.8,
        "Total Revenue": NaN,
        "Gross Profit": NaN,
        "Operating Income": -6,
        "EBIT": -6,
        "Net Income": 35
    },
    "2015-06-30": {
        "Diluted EPS": -23.79,
        "Total Revenue": NaN,
        "Gross Profit": NaN,
        "Operating Income": -5,
        "EBIT": -5,
        "Net Income": -48
    },
    "2015-03-31": {
        "Diluted EPS": -1.4,
        "Total Revenue": NaN,
        "Gross Profit": NaN,
        "Operating Income": -5,
        "EBIT": -5,
        "Net Income": -2
    },
    "2014-12-31": {
        "Diluted EPS": -9.24,
        "Total Revenue": NaN,
        "Gross Profit": NaN,
        "Operating Income": -5,
        "EBIT": -5,
        "Net Income": -15
    },
    "2014-09-30": {
        "Diluted EPS": -4.2,
        "Total Revenue": NaN,
        "Gross Profit": NaN,
        "Operating Income": -5,
        "EBIT": -5,
        "Net Income": -5
    },
    "2014-06-30": {
        "Diluted EPS": -10.5,
        "Total Revenue": NaN,
        "Gross Profit": NaN,
        "Operating Income": -11,
        "EBIT": -11,
        "Net Income": -11
    },
    "2014-03-31": {
        "Diluted EPS": -9.8,
        "Total Revenue": NaN,
        "Gross Profit": NaN,
        "Operating Income": -9,
        "EBIT": -9,
        "Net Income": -9
    },
    "2013-12-31": {
        "Diluted EPS": -9.1,
        "Total Revenue": NaN,
        "Gross Profit": NaN,
        "Operating Income": -9,
        "EBIT": -9,
        "Net Income": -8
    },
    "2013-09-30": {
        "Diluted EPS": -9.8,
        "Total Revenue": NaN,
        "Gross Profit": NaN,
        "Operating Income": -9,
        "EBIT": -9,
        "Net Income": -9
    },
    "2013-06-30": {
        "Diluted EPS": -14.0,
        "Total Revenue": NaN,
        "Gross Profit": NaN,
        "Operating Income": -13,
        "EBIT": -13,
        "Net Income": -13
    },
    "2013-03-31": {
        "Diluted EPS": -14.0,
        "Total Revenue": NaN,
        "Gross Profit": NaN,
        "Operating Income": -13,
        "EBIT": -12,
        "Net Income": -13
    },
    "2012-12-31": {
        "Diluted EPS": -11.2,
        "Total Revenue": NaN,
        "Gross Profit": NaN,
        "Operating Income": -13,
        "EBIT": -13,
        "Net Income": -11
    },
    "2012-09-30": {
        "Diluted EPS": 5.6,
        "Total Revenue": NaN,
        "Gross Profit": NaN,
        "Operating Income": -13,
        "EBIT": -13,
        "Net Income": 5
    },
    "2012-06-30": {
        "Diluted EPS": -11.9,
        "Total Revenue": NaN,
        "Gross Profit": NaN,
        "Operating Income": -12,
        "EBIT": -11,
        "Net Income": -10
    },
    "2012-03-31": {
        "Diluted EPS": -12.6,
        "Total Revenue": NaN,
        "Gross Profit": NaN,
        "Operating Income": -12,
        "EBIT": -12,
        "Net Income": -11
    },
    "2011-12-31": {
        "Diluted EPS": -11.9,
        "Total Revenue": 2,
        "Gross Profit": 1,
        "Operating Income": -11,
        "EBIT": -11,
        "Net Income": -11
    },
    "2011-09-30": {
        "Diluted EPS": -10.5,
        "Total Revenue": NaN,
        "Gross Profit": NaN,
        "Operating Income": -11,
        "EBIT": -11,
        "Net Income": -9
    },
    "2011-06-30": {
        "Diluted EPS": -14.7,
        "Total Revenue": 2,
        "Gross Profit": 1,
        "Operating Income": -11,
        "EBIT": -10,
        "Net Income": -11
    },
    "2011-03-31": {
        "Diluted EPS": -3.5,
        "Total Revenue": 9,
        "Gross Profit": 9,
        "Operating Income": -3,
        "EBIT": -11,
        "Net Income": -3
    },
    "2010-12-31": {
        "Diluted EPS": -11.2,
        "Total Revenue": 2,
        "Gross Profit": 2,
        "Operating Income": -9,
        "EBIT": -9,
        "Net Income": -8
    },
    "2010-09-30": {
        "Diluted EPS": -16.8,
        "Total Revenue": 1,
        "Gross Profit": 1,
        "Operating Income": -9,
        "EBIT": -9,
        "Net Income": -9
    },
    "2010-06-30": {
        "Diluted EPS": -25.19,
        "Total Revenue": 1,
        "Gross Profit": 1,
        "Operating Income": -13,
        "EBIT": -13,
        "Net Income": -13
    },
    "2010-03-31": {
        "Diluted EPS": 85.37,
        "Total Revenue": 57,
        "Gross Profit": 56,
        "Operating Income": 44,
        "EBIT": -6,
        "Net Income": 44
    },
    "2009-12-31": {
        "Diluted EPS": -20.99,
        "Total Revenue": 4,
        "Gross Profit": 4,
        "Operating Income": -11,
        "EBIT": -13,
        "Net Income": -11
    },
    "2009-09-30": {
        "Diluted EPS": -24.49,
        "Total Revenue": 4,
        "Gross Profit": 3,
        "Operating Income": -13,
        "EBIT": -15,
        "Net Income": -13
    },
    "2009-06-30": {
        "Diluted EPS": -21.69,
        "Total Revenue": 4,
        "Gross Profit": 3,
        "Operating Income": -11,
        "EBIT": -14,
        "Net Income": -11
    },
    "2009-03-31": {
        "Diluted EPS": -21.69,
        "Total Revenue": 4,
        "Gross Profit": 3,
        "Operating Income": -12,
        "EBIT": -14,
        "Net Income": -11
    },
    "2023-06-30": {
        "Tax Effect Of Unusual Items": NaN,
        "Tax Rate For Calcs": NaN,
        "Normalized EBITDA": NaN,
        "Net Income From Continuing Operation Net Minority Interest": NaN,
        "EBITDA": NaN,
        "EBIT": NaN,
        "Net Interest Income": NaN,
        "Interest Income": NaN,
        "Normalized Income": NaN,
        "Net Income From Continuing And Discontinued Operation": NaN,
        "Total Expenses": NaN,
        "Total Operating Income As Reported": NaN,
        "Diluted Average Shares": 2936000.0,
        "Basic Average Shares": 2936000.0,
        "Diluted EPS": -3.05,
        "Basic EPS": -3.05,
        "Diluted NI Availto Com Stockholders": NaN,
        "Net Income Common Stockholders": NaN,
        "Net Income": NaN,
        "Net Income Including Noncontrolling Interests": NaN,
        "Net Income Continuous Operations": NaN,
        "Pretax Income": NaN,
        "Net Non Operating Interest Income Expense": NaN,
        "Interest Income Non Operating": NaN,
        "Operating Income": NaN,
        "Operating Expense": NaN,
        "Other Operating Expenses": NaN,
        "Research And Development": NaN,
        "Selling General And Administration": NaN,
        "General And Administrative Expense": NaN,
        "Other Gand A": NaN,
        "Total Revenue": NaN,
        "Operating Revenue": NaN
    },
    "2023-09-30": {
        "Tax Effect Of Unusual Items": 0.0,
        "Tax Rate For Calcs": 0.0,
        "Normalized EBITDA": -10390000.0,
        "Net Income From Continuing Operation Net Minority Interest": -9862000.0,
        "EBITDA": -10390000.0,
        "EBIT": -10390000.0,
        "Net Interest Income": 528000.0,
        "Interest Income": 528000.0,
        "Normalized Income": -9862000.0,
        "Net Income From Continuing And Discontinued Operation": -9862000.0,
        "Total Expenses": 10390000.0,
        "Total Operating Income As Reported": -10390000.0,
        "Diluted Average Shares": 2948000.0,
        "Basic Average Shares": 2948000.0,
        "Diluted EPS": -3.35,
        "Basic EPS": -3.35,
        "Diluted NI Availto Com Stockholders": -9862000.0,
        "Net Income Common Stockholders": -9862000.0,
        "Net Income": -9862000.0,
        "Net Income Including Noncontrolling Interests": -9862000.0,
        "Net Income Continuous Operations": -9862000.0,
        "Pretax Income": -9862000.0,
        "Net Non Operating Interest Income Expense": 528000.0,
        "Interest Income Non Operating": 528000.0,
        "Operating Income": -10390000.0,
        "Operating Expense": 10390000.0,
        "Other Operating Expenses": -179000.0,
        "Research And Development": 7475000.0,
        "Selling General And Administration": 3094000.0,
        "General And Administrative Expense": 3094000.0,
        "Other Gand A": 3094000.0,
        "Total Revenue": 0.0,
        "Operating Revenue": 0.0
    },
    "2023-12-31": {
        "Tax Effect Of Unusual Items": 0.0,
        "Tax Rate For Calcs": 0.0,
        "Normalized EBITDA": -9636000.0,
        "Net Income From Continuing Operation Net Minority Interest": -9164000.0,
        "EBITDA": -9636000.0,
        "EBIT": -9636000.0,
        "Net Interest Income": 472000.0,
        "Interest Income": 472000.0,
        "Normalized Income": -9164000.0,
        "Net Income From Continuing And Discontinued Operation": -9164000.0,
        "Total Expenses": 9636000.0,
        "Total Operating Income As Reported": -9636000.0,
        "Diluted Average Shares": NaN,
        "Basic Average Shares": NaN,
        "Diluted EPS": NaN,
        "Basic EPS": NaN,
        "Diluted NI Availto Com Stockholders": -9164000.0,
        "Net Income Common Stockholders": -9164000.0,
        "Net Income": -9164000.0,
        "Net Income Including Noncontrolling Interests": -9164000.0,
        "Net Income Continuous Operations": -9164000.0,
        "Pretax Income": -9164000.0,
        "Net Non Operating Interest Income Expense": 472000.0,
        "Interest Income Non Operating": 472000.0,
        "Operating Income": -9636000.0,
        "Operating Expense": 9636000.0,
        "Other Operating Expenses": -297000.0,
        "Research And Development": 6670000.0,
        "Selling General And Administration": 3263000.0,
        "General And Administrative Expense": 3263000.0,
        "Other Gand A": 3263000.0,
        "Total Revenue": 0.0,
        "Operating Revenue": 0.0
    },
    "2024-03-31": {
        "Tax Effect Of Unusual Items": 0.0,
        "Tax Rate For Calcs": 0.0,
        "Normalized EBITDA": -8779000.0,
        "Net Income From Continuing Operation Net Minority Interest": -8388000.0,
        "EBITDA": -8779000.0,
        "EBIT": -8779000.0,
        "Net Interest Income": 391000.0,
        "Interest Income": 391000.0,
        "Normalized Income": -8388000.0,
        "Net Income From Continuing And Discontinued Operation": -8388000.0,
        "Total Expenses": 8779000.0,
        "Total Operating Income As Reported": -8779000.0,
        "Diluted Average Shares": 2959000.0,
        "Basic Average Shares": 2959000.0,
        "Diluted EPS": -2.83,
        "Basic EPS": -2.83,
        "Diluted NI Availto Com Stockholders": -8388000.0,
        "Net Income Common Stockholders": -8388000.0,
        "Net Income": -8388000.0,
        "Net Income Including Noncontrolling Interests": -8388000.0,
        "Net Income Continuous Operations": -8388000.0,
        "Pretax Income": -8388000.0,
        "Net Non Operating Interest Income Expense": 391000.0,
        "Interest Income Non Operating": 391000.0,
        "Operating Income": -8779000.0,
        "Operating Expense": 8779000.0,
        "Other Operating Expenses": -569000.0,
        "Research And Development": 6059000.0,
        "Selling General And Administration": 3289000.0,
        "General And Administrative Expense": 3289000.0,
        "Other Gand A": 3289000.0,
        "Total Revenue": 0.0,
        "Operating Revenue": 0.0
    },
    "2024-06-30": {
        "Tax Effect Of Unusual Items": 0.0,
        "Tax Rate For Calcs": 0.0,
        "Normalized EBITDA": -8863000.0,
        "Net Income From Continuing Operation Net Minority Interest": -8559000.0,
        "EBITDA": -8863000.0,
        "EBIT": -8863000.0,
        "Net Interest Income": 304000.0,
        "Interest Income": 304000.0,
        "Normalized Income": -8559000.0,
        "Net Income From Continuing And Discontinued Operation": -8559000.0,
        "Total Expenses": 8863000.0,
        "Total Operating Income As Reported": -8863000.0,
        "Diluted Average Shares": 2960000.0,
        "Basic Average Shares": 2960000.0,
        "Diluted EPS": -2.89,
        "Basic EPS": -2.89,
        "Diluted NI Availto Com Stockholders": -8559000.0,
        "Net Income Common Stockholders": -8559000.0,
        "Net Income": -8559000.0,
        "Net Income Including Noncontrolling Interests": -8559000.0,
        "Net Income Continuous Operations": -8559000.0,
        "Pretax Income": -8559000.0,
        "Net Non Operating Interest Income Expense": 304000.0,
        "Interest Income Non Operating": 304000.0,
        "Operating Income": -8863000.0,
        "Operating Expense": 8863000.0,
        "Other Operating Expenses": -801000.0,
        "Research And Development": 6612000.0,
        "Selling General And Administration": 3052000.0,
        "General And Administrative Expense": 3052000.0,
        "Other Gand A": 3052000.0,
        "Total Revenue": 0.0,
        "Operating Revenue": 0.0
    },
    "2024-09-30": {
        "Tax Effect Of Unusual Items": 0.0,
        "Tax Rate For Calcs": 0.0,
        "Normalized EBITDA": -8681000.0,
        "Net Income From Continuing Operation Net Minority Interest": -8464000.0,
        "EBITDA": -8681000.0,
        "EBIT": -8681000.0,
        "Net Interest Income": 217000.0,
        "Interest Income": 217000.0,
        "Normalized Income": -8464000.0,
        "Net Income From Continuing And Discontinued Operation": -8464000.0,
        "Total Expenses": 8681000.0,
        "Total Operating Income As Reported": -8681000.0,
        "Diluted Average Shares": 2960000.0,
        "Basic Average Shares": 2960000.0,
        "Diluted EPS": -2.86,
        "Basic EPS": -2.86,
        "Diluted NI Availto Com Stockholders": -8464000.0,
        "Net Income Common Stockholders": -8464000.0,
        "Net Income": -8464000.0,
        "Net Income Including Noncontrolling Interests": -8464000.0,
        "Net Income Continuous Operations": -8464000.0,
        "Pretax Income": -8464000.0,
        "Net Non Operating Interest Income Expense": 217000.0,
        "Interest Income Non Operating": 217000.0,
        "Operating Income": -8681000.0,
        "Operating Expense": 8681000.0,
        "Other Operating Expenses": -494000.0,
        "Research And Development": 6448000.0,
        "Selling General And Administration": 2727000.0,
        "General And Administrative Expense": 2727000.0,
        "Other Gand A": 2727000.0,
        "Total Revenue": 0.0,
        "Operating Revenue": 0.0
    }
}