{
    "2024-03-31": {
        "Tax Effect Of Unusual Items": NaN,
        "Tax Rate For Calcs": NaN,
        "Normalized EBITDA": NaN,
        "Total Unusual Items": NaN,
        "Total Unusual Items Excluding Goodwill": NaN,
        "Net Income From Continuing Operation Net Minority Interest": NaN,
        "Reconciled Depreciation": NaN,
        "Reconciled Cost Of Revenue": NaN,
        "EBITDA": NaN,
        "EBIT": NaN,
        "Normalized Income": NaN,
        "Net Income From Continuing And Discontinued Operation": NaN,
        "Total Expenses": NaN,
        "Rent Expense Supplemental": NaN,
        "Diluted Average Shares": NaN,
        "Basic Average Shares": NaN,
        "Diluted EPS": NaN,
        "Basic EPS": NaN,
        "Diluted NI Availto Com Stockholders": NaN,
        "Net Income Common Stockholders": NaN,
        "Preferred Stock Dividends": NaN,
        "Net Income": NaN,
        "Net Income Including Noncontrolling Interests": NaN,
        "Net Income Continuous Operations": NaN,
        "Tax Provision": NaN,
        "Pretax Income": NaN,
        "Other Income Expense": NaN,
        "Other Non Operating Income Expenses": NaN,
        "Special Income Charges": NaN,
        "Other Special Charges": -1400000.0,
        "Earnings From Equity Interest": NaN,
        "Operating Income": NaN,
        "Operating Expense": NaN,
        "Other Operating Expenses": NaN,
        "Selling General And Administration": NaN,
        "General And Administrative Expense": NaN,
        "Other Gand A": NaN,
        "Rent And Landing Fees": NaN,
        "Gross Profit": NaN,
        "Cost Of Revenue": NaN,
        "Total Revenue": NaN,
        "Operating Revenue": NaN
    },
    "2023-12-31": {
        "Tax Effect Of Unusual Items": NaN,
        "Tax Rate For Calcs": NaN,
        "Normalized EBITDA": NaN,
        "Total Unusual Items": NaN,
        "Total Unusual Items Excluding Goodwill": NaN,
        "Net Income From Continuing Operation Net Minority Interest": NaN,
        "Reconciled Depreciation": NaN,
        "Reconciled Cost Of Revenue": NaN,
        "EBITDA": NaN,
        "EBIT": NaN,
        "Normalized Income": NaN,
        "Net Income From Continuing And Discontinued Operation": NaN,
        "Total Expenses": NaN,
        "Rent Expense Supplemental": NaN,
        "Diluted Average Shares": NaN,
        "Basic Average Shares": NaN,
        "Diluted EPS": NaN,
        "Basic EPS": NaN,
        "Diluted NI Availto Com Stockholders": NaN,
        "Net Income Common Stockholders": NaN,
        "Preferred Stock Dividends": NaN,
        "Net Income": NaN,
        "Net Income Including Noncontrolling Interests": NaN,
        "Net Income Continuous Operations": NaN,
        "Tax Provision": NaN,
        "Pretax Income": NaN,
        "Other Income Expense": NaN,
        "Other Non Operating Income Expenses": NaN,
        "Special Income Charges": NaN,
        "Other Special Charges": -100000.0,
        "Earnings From Equity Interest": NaN,
        "Operating Income": NaN,
        "Operating Expense": NaN,
        "Other Operating Expenses": NaN,
        "Selling General And Administration": NaN,
        "General And Administrative Expense": NaN,
        "Other Gand A": NaN,
        "Rent And Landing Fees": NaN,
        "Gross Profit": NaN,
        "Cost Of Revenue": NaN,
        "Total Revenue": NaN,
        "Operating Revenue": NaN
    },
    "2023-09-30": {
        "Tax Effect Of Unusual Items": NaN,
        "Tax Rate For Calcs": NaN,
        "Normalized EBITDA": NaN,
        "Total Unusual Items": NaN,
        "Total Unusual Items Excluding Goodwill": NaN,
        "Net Income From Continuing Operation Net Minority Interest": NaN,
        "Reconciled Depreciation": NaN,
        "Reconciled Cost Of Revenue": NaN,
        "EBITDA": NaN,
        "EBIT": NaN,
        "Normalized Income": NaN,
        "Net Income From Continuing And Discontinued Operation": NaN,
        "Total Expenses": NaN,
        "Rent Expense Supplemental": NaN,
        "Diluted Average Shares": 8060078.0,
        "Basic Average Shares": 7677008.0,
        "Diluted EPS": 1.05,
        "Basic EPS": 1.1,
        "Diluted NI Availto Com Stockholders": NaN,
        "Net Income Common Stockholders": NaN,
        "Preferred Stock Dividends": NaN,
        "Net Income": NaN,
        "Net Income Including Noncontrolling Interests": NaN,
        "Net Income Continuous Operations": NaN,
        "Tax Provision": NaN,
        "Pretax Income": NaN,
        "Other Income Expense": NaN,
        "Other Non Operating Income Expenses": NaN,
        "Special Income Charges": NaN,
        "Other Special Charges": -1200000.0,
        "Earnings From Equity Interest": NaN,
        "Operating Income": NaN,
        "Operating Expense": NaN,
        "Other Operating Expenses": NaN,
        "Selling General And Administration": NaN,
        "General And Administrative Expense": NaN,
        "Other Gand A": NaN,
        "Rent And Landing Fees": NaN,
        "Gross Profit": NaN,
        "Cost Of Revenue": NaN,
        "Total Revenue": NaN,
        "Operating Revenue": NaN
    },
    "2023-06-30": {
        "Tax Effect Of Unusual Items": NaN,
        "Tax Rate For Calcs": NaN,
        "Normalized EBITDA": NaN,
        "Total Unusual Items": NaN,
        "Total Unusual Items Excluding Goodwill": NaN,
        "Net Income From Continuing Operation Net Minority Interest": NaN,
        "Reconciled Depreciation": NaN,
        "Reconciled Cost Of Revenue": NaN,
        "EBITDA": NaN,
        "EBIT": NaN,
        "Normalized Income": NaN,
        "Net Income From Continuing And Discontinued Operation": NaN,
        "Total Expenses": NaN,
        "Rent Expense Supplemental": NaN,
        "Diluted Average Shares": 7919587.0,
        "Basic Average Shares": 7652563.0,
        "Diluted EPS": 1.95,
        "Basic EPS": 2.02,
        "Diluted NI Availto Com Stockholders": NaN,
        "Net Income Common Stockholders": NaN,
        "Net Income": NaN,
        "Net Income Including Noncontrolling Interests": NaN,
        "Net Income Continuous Operations": NaN,
        "Tax Provision": NaN,
        "Pretax Income": NaN,
        "Other Income Expense": NaN,
        "Other Non Operating Income Expenses": NaN,
        "Special Income Charges": NaN,
        "Other Special Charges": NaN,
        "Earnings From Equity Interest": NaN,
        "Operating Income": NaN,
        "Operating Expense": NaN,
        "Other Operating Expenses": NaN,
        "Selling General And Administration": NaN,
        "General And Administrative Expense": NaN,
        "Other Gand A": NaN,
        "Rent And Landing Fees": NaN,
        "Gross Profit": NaN,
        "Cost Of Revenue": NaN,
        "Total Revenue": NaN,
        "Operating Revenue": NaN
    },
    "2023-03-31": {
        "Tax Effect Of Unusual Items": NaN,
        "Tax Rate For Calcs": NaN,
        "Normalized EBITDA": NaN,
        "Total Unusual Items": NaN,
        "Total Unusual Items Excluding Goodwill": NaN,
        "Net Income From Continuing Operation Net Minority Interest": NaN,
        "Reconciled Depreciation": NaN,
        "Reconciled Cost Of Revenue": NaN,
        "EBITDA": NaN,
        "EBIT": NaN,
        "Normalized Income": NaN,
        "Net Income From Continuing And Discontinued Operation": NaN,
        "Total Expenses": NaN,
        "Rent Expense Supplemental": NaN,
        "Diluted Average Shares": 7533561.0,
        "Basic Average Shares": 7533561.0,
        "Diluted EPS": -5.34,
        "Basic EPS": -5.34,
        "Diluted NI Availto Com Stockholders": NaN,
        "Net Income Common Stockholders": NaN,
        "Net Income": NaN,
        "Net Income Including Noncontrolling Interests": NaN,
        "Net Income Continuous Operations": NaN,
        "Tax Provision": NaN,
        "Pretax Income": NaN,
        "Other Income Expense": NaN,
        "Other Non Operating Income Expenses": NaN,
        "Special Income Charges": NaN,
        "Other Special Charges": NaN,
        "Earnings From Equity Interest": NaN,
        "Operating Income": NaN,
        "Operating Expense": NaN,
        "Other Operating Expenses": NaN,
        "Selling General And Administration": NaN,
        "General And Administrative Expense": NaN,
        "Other Gand A": NaN,
        "Rent And Landing Fees": NaN,
        "Gross Profit": NaN,
        "Cost Of Revenue": NaN,
        "Total Revenue": NaN,
        "Operating Revenue": NaN
    },
    "2022-12-31": {
        "Tax Effect Of Unusual Items": NaN,
        "Tax Rate For Calcs": NaN,
        "Normalized EBITDA": NaN,
        "Total Unusual Items": NaN,
        "Total Unusual Items Excluding Goodwill": NaN,
        "Net Income From Continuing Operation Net Minority Interest": NaN,
        "Reconciled Depreciation": NaN,
        "Reconciled Cost Of Revenue": NaN,
        "EBITDA": NaN,
        "EBIT": NaN,
        "Normalized Income": NaN,
        "Net Income From Continuing And Discontinued Operation": NaN,
        "Total Expenses": NaN,
        "Rent Expense Supplemental": NaN,
        "Diluted Average Shares": NaN,
        "Basic Average Shares": NaN,
        "Diluted EPS": NaN,
        "Basic EPS": NaN,
        "Diluted NI Availto Com Stockholders": NaN,
        "Net Income Common Stockholders": NaN,
        "Net Income": NaN,
        "Net Income Including Noncontrolling Interests": NaN,
        "Net Income Continuous Operations": NaN,
        "Tax Provision": NaN,
        "Pretax Income": NaN,
        "Other Income Expense": NaN,
        "Other Non Operating Income Expenses": NaN,
        "Special Income Charges": NaN,
        "Other Special Charges": 14000.0,
        "Earnings From Equity Interest": NaN,
        "Operating Income": NaN,
        "Operating Expense": NaN,
        "Other Operating Expenses": NaN,
        "Selling General And Administration": NaN,
        "General And Administrative Expense": NaN,
        "Other Gand A": NaN,
        "Rent And Landing Fees": NaN,
        "Gross Profit": NaN,
        "Cost Of Revenue": NaN,
        "Total Revenue": NaN,
        "Operating Revenue": NaN
    },
    "2022-09-30": {
        "Tax Effect Of Unusual Items": NaN,
        "Tax Rate For Calcs": NaN,
        "Normalized EBITDA": NaN,
        "Total Unusual Items": NaN,
        "Total Unusual Items Excluding Goodwill": NaN,
        "Net Income From Continuing Operation Net Minority Interest": NaN,
        "Reconciled Depreciation": NaN,
        "Reconciled Cost Of Revenue": NaN,
        "EBITDA": NaN,
        "EBIT": NaN,
        "Normalized Income": NaN,
        "Net Income From Continuing And Discontinued Operation": NaN,
        "Total Expenses": NaN,
        "Rent Expense Supplemental": NaN,
        "Diluted Average Shares": 8866925.0,
        "Basic Average Shares": 8530209.0,
        "Diluted EPS": 4.17,
        "Basic EPS": 4.33,
        "Diluted NI Availto Com Stockholders": NaN,
        "Net Income Common Stockholders": NaN,
        "Net Income": NaN,
        "Net Income Including Noncontrolling Interests": NaN,
        "Net Income Continuous Operations": NaN,
        "Tax Provision": NaN,
        "Pretax Income": NaN,
        "Other Income Expense": NaN,
        "Other Non Operating Income Expenses": NaN,
        "Special Income Charges": NaN,
        "Other Special Charges": NaN,
        "Earnings From Equity Interest": NaN,
        "Operating Income": NaN,
        "Operating Expense": NaN,
        "Other Operating Expenses": NaN,
        "Selling General And Administration": NaN,
        "General And Administrative Expense": NaN,
        "Other Gand A": NaN,
        "Rent And Landing Fees": NaN,
        "Gross Profit": NaN,
        "Cost Of Revenue": NaN,
        "Total Revenue": NaN,
        "Operating Revenue": NaN
    },
    "2024-06-30": {
        "Tax Effect Of Unusual Items": NaN,
        "Tax Rate For Calcs": NaN,
        "Normalized EBITDA": NaN,
        "Total Unusual Items": NaN,
        "Total Unusual Items Excluding Goodwill": NaN,
        "Net Income From Continuing Operation Net Minority Interest": NaN,
        "Reconciled Depreciation": NaN,
        "Reconciled Cost Of Revenue": NaN,
        "EBITDA": NaN,
        "EBIT": NaN,
        "Normalized Income": NaN,
        "Net Income From Continuing And Discontinued Operation": NaN,
        "Total Expenses": NaN,
        "Rent Expense Supplemental": NaN,
        "Diluted Average Shares": 7918672.0,
        "Basic Average Shares": 7821128.0,
        "Diluted EPS": 1.33,
        "Basic EPS": 1.34,
        "Diluted NI Availto Com Stockholders": NaN,
        "Net Income Common Stockholders": NaN,
        "Preferred Stock Dividends": NaN,
        "Net Income": NaN,
        "Net Income Including Noncontrolling Interests": NaN,
        "Net Income Continuous Operations": NaN,
        "Tax Provision": NaN,
        "Pretax Income": NaN,
        "Other Income Expense": NaN,
        "Other Non Operating Income Expenses": NaN,
        "Special Income Charges": NaN,
        "Other Special Charges": NaN,
        "Earnings From Equity Interest": NaN,
        "Operating Income": NaN,
        "Operating Expense": NaN,
        "Other Operating Expenses": NaN,
        "Selling General And Administration": NaN,
        "General And Administrative Expense": NaN,
        "Other Gand A": NaN,
        "Rent And Landing Fees": NaN,
        "Gross Profit": NaN,
        "Cost Of Revenue": NaN,
        "Total Revenue": NaN,
        "Operating Revenue": NaN
    },
    "2024-09-30": {
        "Tax Effect Of Unusual Items": 68478.26087,
        "Tax Rate For Calcs": 0.228261,
        "Normalized EBITDA": 73700000.0,
        "Total Unusual Items": 300000.0,
        "Total Unusual Items Excluding Goodwill": 300000.0,
        "Net Income From Continuing Operation Net Minority Interest": 21400000.0,
        "Reconciled Depreciation": 1900000.0,
        "Reconciled Cost Of Revenue": 144800000.0,
        "EBITDA": 74000000.0,
        "EBIT": 72100000.0,
        "Normalized Income": 21168478.26087,
        "Net Income From Continuing And Discontinued Operation": 21400000.0,
        "Total Expenses": 218100000.0,
        "Rent Expense Supplemental": 7900000.0,
        "Diluted Average Shares": 8055393.0,
        "Basic Average Shares": 7860572.0,
        "Diluted EPS": 2.65,
        "Basic EPS": 2.72,
        "Diluted NI Availto Com Stockholders": 21400000.0,
        "Net Income Common Stockholders": 21400000.0,
        "Preferred Stock Dividends": NaN,
        "Net Income": 21400000.0,
        "Net Income Including Noncontrolling Interests": 21400000.0,
        "Net Income Continuous Operations": 21400000.0,
        "Tax Provision": 6300000.0,
        "Pretax Income": 27600000.0,
        "Other Income Expense": -44500000.0,
        "Other Non Operating Income Expenses": -45600000.0,
        "Special Income Charges": 300000.0,
        "Other Special Charges": -300000.0,
        "Earnings From Equity Interest": 800000.0,
        "Operating Income": 72100000.0,
        "Operating Expense": 73300000.0,
        "Other Operating Expenses": 34900000.0,
        "Selling General And Administration": 38400000.0,
        "General And Administrative Expense": 38400000.0,
        "Other Gand A": 30500000.0,
        "Rent And Landing Fees": 7900000.0,
        "Gross Profit": 145400000.0,
        "Cost Of Revenue": 144800000.0,
        "Total Revenue": 290200000.0,
        "Operating Revenue": 279400000.0
    },
    "2024-12-31": {
        "Tax Effect Of Unusual Items": -8533333.333333,
        "Tax Rate For Calcs": 0.166667,
        "Normalized EBITDA": 96400000.0,
        "Total Unusual Items": -51200000.0,
        "Total Unusual Items Excluding Goodwill": -51200000.0,
        "Net Income From Continuing Operation Net Minority Interest": -28100000.0,
        "Reconciled Depreciation": 1900000.0,
        "Reconciled Cost Of Revenue": 151000000.0,
        "EBITDA": 45200000.0,
        "EBIT": 43300000.0,
        "Normalized Income": 14566666.666667,
        "Net Income From Continuing And Discontinued Operation": -28100000.0,
        "Total Expenses": 210300000.0,
        "Rent Expense Supplemental": 8300000.0,
        "Diluted Average Shares": NaN,
        "Basic Average Shares": NaN,
        "Diluted EPS": NaN,
        "Basic EPS": NaN,
        "Diluted NI Availto Com Stockholders": -28600000.0,
        "Net Income Common Stockholders": -28100000.0,
        "Preferred Stock Dividends": NaN,
        "Net Income": -28100000.0,
        "Net Income Including Noncontrolling Interests": -28100000.0,
        "Net Income Continuous Operations": -28100000.0,
        "Tax Provision": -5600000.0,
        "Pretax Income": -33600000.0,
        "Other Income Expense": -77000000.0,
        "Other Non Operating Income Expenses": -42000000.0,
        "Special Income Charges": -51200000.0,
        "Other Special Charges": 51200000.0,
        "Earnings From Equity Interest": 16200000.0,
        "Operating Income": 43300000.0,
        "Operating Expense": 59300000.0,
        "Other Operating Expenses": 24500000.0,
        "Selling General And Administration": 34800000.0,
        "General And Administrative Expense": 34800000.0,
        "Other Gand A": 26500000.0,
        "Rent And Landing Fees": 8300000.0,
        "Gross Profit": 102600000.0,
        "Cost Of Revenue": 151000000.0,
        "Total Revenue": 253600000.0,
        "Operating Revenue": 241200000.0
    },
    "2025-03-31": {
        "Tax Effect Of Unusual Items": 0.0,
        "Tax Rate For Calcs": 0.21,
        "Normalized EBITDA": 51800000.0,
        "Total Unusual Items": 0.0,
        "Total Unusual Items Excluding Goodwill": 0.0,
        "Net Income From Continuing Operation Net Minority Interest": 22100000.0,
        "Reconciled Depreciation": 1500000.0,
        "Reconciled Cost Of Revenue": 137400000.0,
        "EBITDA": 51800000.0,
        "EBIT": 50300000.0,
        "Normalized Income": 22100000.0,
        "Net Income From Continuing And Discontinued Operation": 22100000.0,
        "Total Expenses": 225700000.0,
        "Rent Expense Supplemental": 8200000.0,
        "Diluted Average Shares": 8436874.0,
        "Basic Average Shares": 7873989.0,
        "Diluted EPS": 2.5,
        "Basic EPS": 2.68,
        "Diluted NI Availto Com Stockholders": 21100000.0,
        "Net Income Common Stockholders": 21100000.0,
        "Preferred Stock Dividends": 1000000.0,
        "Net Income": 22100000.0,
        "Net Income Including Noncontrolling Interests": 22100000.0,
        "Net Income Continuous Operations": 22100000.0,
        "Tax Provision": -13000000.0,
        "Pretax Income": 9100000.0,
        "Other Income Expense": -41000000.0,
        "Other Non Operating Income Expenses": -41000000.0,
        "Special Income Charges": 0.0,
        "Other Special Charges": NaN,
        "Earnings From Equity Interest": 0.0,
        "Operating Income": 50300000.0,
        "Operating Expense": 88300000.0,
        "Other Operating Expenses": 42500000.0,
        "Selling General And Administration": 45800000.0,
        "General And Administrative Expense": 45800000.0,
        "Other Gand A": 37600000.0,
        "Rent And Landing Fees": 8200000.0,
        "Gross Profit": 138600000.0,
        "Cost Of Revenue": 137400000.0,
        "Total Revenue": 276000000.0,
        "Operating Revenue": 265100000.0
    },
    "2025-06-30": {
        "Tax Effect Of Unusual Items": 0.0,
        "Tax Rate For Calcs": 0.057018,
        "Normalized EBITDA": 67500000.0,
        "Total Unusual Items": 0.0,
        "Total Unusual Items Excluding Goodwill": 0.0,
        "Net Income From Continuing Operation Net Minority Interest": 21500000.0,
        "Reconciled Depreciation": 1300000.0,
        "Reconciled Cost Of Revenue": 149500000.0,
        "EBITDA": 67500000.0,
        "EBIT": 66200000.0,
        "Normalized Income": 21500000.0,
        "Net Income From Continuing And Discontinued Operation": 21500000.0,
        "Total Expenses": 212500000.0,
        "Rent Expense Supplemental": 8100000.0,
        "Diluted Average Shares": 8534627.0,
        "Basic Average Shares": 8021182.0,
        "Diluted EPS": 2.4,
        "Basic EPS": 2.55,
        "Diluted NI Availto Com Stockholders": 20500000.0,
        "Net Income Common Stockholders": 20500000.0,
        "Preferred Stock Dividends": 1000000.0,
        "Net Income": 21500000.0,
        "Net Income Including Noncontrolling Interests": 21500000.0,
        "Net Income Continuous Operations": 21500000.0,
        "Tax Provision": 1300000.0,
        "Pretax Income": 22800000.0,
        "Other Income Expense": -43400000.0,
        "Other Non Operating Income Expenses": -43400000.0,
        "Special Income Charges": 0.0,
        "Other Special Charges": NaN,
        "Earnings From Equity Interest": 0.0,
        "Operating Income": 66200000.0,
        "Operating Expense": 63000000.0,
        "Other Operating Expenses": 31000000.0,
        "Selling General And Administration": 32000000.0,
        "General And Administrative Expense": 32000000.0,
        "Other Gand A": 23900000.0,
        "Rent And Landing Fees": 8100000.0,
        "Gross Profit": 129200000.0,
        "Cost Of Revenue": 149500000.0,
        "Total Revenue": 278700000.0,
        "Operating Revenue": 265700000.0
    },
    "2025-09-30": {
        "Tax Effect Of Unusual Items": 0.0,
        "Tax Rate For Calcs": 0.190476,
        "Normalized EBITDA": 65400000.0,
        "Total Unusual Items": 0.0,
        "Total Unusual Items Excluding Goodwill": 0.0,
        "Net Income From Continuing Operation Net Minority Interest": 18700000.0,
        "Reconciled Depreciation": 1200000.0,
        "Reconciled Cost Of Revenue": 161800000.0,
        "EBITDA": 65400000.0,
        "EBIT": 64200000.0,
        "Normalized Income": 18700000.0,
        "Net Income From Continuing And Discontinued Operation": 18700000.0,
        "Total Expenses": 253700000.0,
        "Rent Expense Supplemental": 9100000.0,
        "Diluted Average Shares": 8717597.0,
        "Basic Average Shares": 8055262.0,
        "Diluted EPS": 2.03,
        "Basic EPS": 2.19,
        "Diluted NI Availto Com Stockholders": 17700000.0,
        "Net Income Common Stockholders": 17700000.0,
        "Preferred Stock Dividends": 1000000.0,
        "Net Income": 18700000.0,
        "Net Income Including Noncontrolling Interests": 18700000.0,
        "Net Income Continuous Operations": 18700000.0,
        "Tax Provision": 4400000.0,
        "Pretax Income": 23100000.0,
        "Other Income Expense": -41200000.0,
        "Other Non Operating Income Expenses": -41200000.0,
        "Special Income Charges": 0.0,
        "Other Special Charges": NaN,
        "Earnings From Equity Interest": 0.0,
        "Operating Income": 64200000.0,
        "Operating Expense": 91900000.0,
        "Other Operating Expenses": 48600000.0,
        "Selling General And Administration": 43300000.0,
        "General And Administrative Expense": 43300000.0,
        "Other Gand A": 34200000.0,
        "Rent And Landing Fees": 9100000.0,
        "Gross Profit": 156100000.0,
        "Cost Of Revenue": 161800000.0,
        "Total Revenue": 317900000.0,
        "Operating Revenue": 302200000.0
    }
}