{
    "2023-03-31": {
        "Tax Effect Of Unusual Items": 0.0,
        "Tax Rate For Calcs": 0.0,
        "Normalized EBITDA": -6134000.0,
        "Net Income From Continuing Operation Net Minority Interest": -5775000.0,
        "Reconciled Depreciation": 3000.0,
        "EBITDA": -6134000.0,
        "EBIT": -6137000.0,
        "Normalized Income": -5775000.0,
        "Net Income From Continuing And Discontinued Operation": -5775000.0,
        "Total Expenses": 6193000.0,
        "Total Operating Income As Reported": -6137000.0,
        "Diluted Average Shares": 20960171.0,
        "Basic Average Shares": 20960171.0,
        "Diluted EPS": -0.28,
        "Basic EPS": -0.28,
        "Diluted NI Availto Com Stockholders": -5775000.0,
        "Net Income Common Stockholders": -5775000.0,
        "Net Income": -5775000.0,
        "Net Income Including Noncontrolling Interests": -5775000.0,
        "Net Income Continuous Operations": -5775000.0,
        "Pretax Income": -5775000.0,
        "Other Income Expense": 362000.0,
        "Other Non Operating Income Expenses": 362000.0,
        "Operating Income": -6137000.0,
        "Operating Expense": 6193000.0,
        "Research And Development": 4080000.0,
        "Selling General And Administration": 2113000.0,
        "General And Administrative Expense": 2113000.0,
        "Other Gand A": 781000.0,
        "Insurance And Claims": 256000.0,
        "Salaries And Wages": 1076000.0,
        "Total Revenue": 56000.0,
        "Operating Revenue": 56000.0
    },
    "2022-12-31": {
        "Tax Effect Of Unusual Items": 0.0,
        "Tax Rate For Calcs": 0.0,
        "Normalized EBITDA": -5730000.0,
        "Net Income From Continuing Operation Net Minority Interest": -5420000.0,
        "Reconciled Depreciation": 4000.0,
        "EBITDA": -5730000.0,
        "EBIT": -5734000.0,
        "Normalized Income": -5420000.0,
        "Net Income From Continuing And Discontinued Operation": -5420000.0,
        "Total Expenses": 5790000.0,
        "Total Operating Income As Reported": -5734000.0,
        "Diluted Average Shares": NaN,
        "Basic Average Shares": NaN,
        "Diluted EPS": NaN,
        "Basic EPS": NaN,
        "Diluted NI Availto Com Stockholders": -5420000.0,
        "Net Income Common Stockholders": -5420000.0,
        "Net Income": -5420000.0,
        "Net Income Including Noncontrolling Interests": -5420000.0,
        "Net Income Continuous Operations": -5420000.0,
        "Pretax Income": -5420000.0,
        "Other Income Expense": 314000.0,
        "Other Non Operating Income Expenses": 314000.0,
        "Operating Income": -5734000.0,
        "Operating Expense": 5790000.0,
        "Research And Development": 3773000.0,
        "Selling General And Administration": 2017000.0,
        "General And Administrative Expense": 2017000.0,
        "Other Gand A": 802000.0,
        "Insurance And Claims": 237000.0,
        "Salaries And Wages": 978000.0,
        "Total Revenue": 56000.0,
        "Operating Revenue": 56000.0
    },
    "2022-09-30": {
        "Tax Effect Of Unusual Items": 0.0,
        "Tax Rate For Calcs": 0.0,
        "Normalized EBITDA": -5638000.0,
        "Net Income From Continuing Operation Net Minority Interest": -5398000.0,
        "Reconciled Depreciation": 3000.0,
        "EBITDA": -5638000.0,
        "EBIT": -5641000.0,
        "Normalized Income": -5398000.0,
        "Net Income From Continuing And Discontinued Operation": -5398000.0,
        "Total Expenses": 5698000.0,
        "Total Operating Income As Reported": -5641000.0,
        "Diluted Average Shares": 20915408.0,
        "Basic Average Shares": 20915408.0,
        "Diluted EPS": -0.26,
        "Basic EPS": -0.26,
        "Diluted NI Availto Com Stockholders": -5398000.0,
        "Net Income Common Stockholders": -5398000.0,
        "Net Income": -5398000.0,
        "Net Income Including Noncontrolling Interests": -5398000.0,
        "Net Income Continuous Operations": -5398000.0,
        "Pretax Income": -5398000.0,
        "Other Income Expense": 243000.0,
        "Other Non Operating Income Expenses": 243000.0,
        "Operating Income": -5641000.0,
        "Operating Expense": 5698000.0,
        "Research And Development": 3593000.0,
        "Selling General And Administration": 2105000.0,
        "General And Administrative Expense": 2105000.0,
        "Other Gand A": 949000.0,
        "Insurance And Claims": 364000.0,
        "Salaries And Wages": 792000.0,
        "Total Revenue": 57000.0,
        "Operating Revenue": 57000.0
    },
    "2022-06-30": {
        "Tax Effect Of Unusual Items": 0.0,
        "Tax Rate For Calcs": 0.0,
        "Normalized EBITDA": -4120000.0,
        "Net Income From Continuing Operation Net Minority Interest": -4024000.0,
        "Reconciled Depreciation": 4000.0,
        "EBITDA": -4120000.0,
        "EBIT": -4120000.0,
        "Normalized Income": -4024000.0,
        "Net Income From Continuing And Discontinued Operation": -4024000.0,
        "Total Expenses": 4177000.0,
        "Total Operating Income As Reported": -4120000.0,
        "Diluted Average Shares": 20904085.0,
        "Basic Average Shares": 20904085.0,
        "Diluted EPS": -0.19,
        "Basic EPS": -0.19,
        "Diluted NI Availto Com Stockholders": -4024000.0,
        "Net Income Common Stockholders": -4024000.0,
        "Net Income": -4024000.0,
        "Net Income Including Noncontrolling Interests": -4024000.0,
        "Net Income Continuous Operations": -4024000.0,
        "Pretax Income": -4024000.0,
        "Other Income Expense": 96000.0,
        "Other Non Operating Income Expenses": 96000.0,
        "Operating Income": -4120000.0,
        "Operating Expense": 4177000.0,
        "Research And Development": 2038000.0,
        "Selling General And Administration": 2139000.0,
        "General And Administrative Expense": 2139000.0,
        "Other Gand A": 2139000.0,
        "Insurance And Claims": 359000.0,
        "Salaries And Wages": 991000.0,
        "Total Revenue": 57000.0,
        "Operating Revenue": 57000.0
    },
    "2022-03-31": {
        "Diluted EPS": -0.2,
        "Total Revenue": 0,
        "Gross Profit": 0,
        "Operating Income": -4,
        "EBIT": -4,
        "Net Income": -4
    },
    "2021-12-31": {
        "Diluted EPS": -0.15,
        "Total Revenue": 0,
        "Gross Profit": 0,
        "Operating Income": -4,
        "EBIT": -4,
        "Net Income": -4
    },
    "2021-09-30": {
        "Diluted EPS": -0.22,
        "Total Revenue": 0,
        "Gross Profit": 0,
        "Operating Income": -4,
        "EBIT": -4,
        "Net Income": -3
    },
    "2021-06-30": {
        "Diluted EPS": -0.27,
        "Total Revenue": 0,
        "Gross Profit": 0,
        "Operating Income": -5,
        "EBIT": -5,
        "Net Income": -4
    },
    "2021-03-31": {
        "Diluted EPS": -0.32,
        "Total Revenue": 0,
        "Gross Profit": 0,
        "Operating Income": -4,
        "EBIT": -4,
        "Net Income": -5
    },
    "2020-12-31": {
        "Diluted EPS": -0.55,
        "Total Revenue": 0,
        "Gross Profit": 0,
        "Operating Income": -6,
        "EBIT": -6,
        "Net Income": -6
    },
    "2020-09-30": {
        "Diluted EPS": -0.52,
        "Total Revenue": 0,
        "Gross Profit": 0,
        "Operating Income": -6,
        "EBIT": -6,
        "Net Income": -6
    },
    "2020-06-30": {
        "Diluted EPS": -0.65,
        "Total Revenue": 0,
        "Gross Profit": 0,
        "Operating Income": -7,
        "EBIT": -7,
        "Net Income": -7
    },
    "2020-03-31": {
        "Diluted EPS": -0.45,
        "Total Revenue": 0,
        "Gross Profit": 0,
        "Operating Income": -5,
        "EBIT": -5,
        "Net Income": -5
    },
    "2019-12-31": {
        "Diluted EPS": 17.24,
        "Total Revenue": 0,
        "Gross Profit": 0,
        "Operating Income": -6,
        "EBIT": -6,
        "Net Income": -6
    },
    "2019-09-30": {
        "Diluted EPS": -11.24,
        "Total Revenue": 0,
        "Gross Profit": 0,
        "Operating Income": -5,
        "EBIT": -5,
        "Net Income": -5
    },
    "2019-06-30": {
        "Diluted EPS": -9.0,
        "Total Revenue": 2,
        "Gross Profit": 2,
        "Operating Income": -4,
        "EBIT": -4,
        "Net Income": -4
    },
    "2019-03-31": {
        "Diluted EPS": -19.34,
        "Total Revenue": 0,
        "Gross Profit": 0,
        "Operating Income": -7,
        "EBIT": -7,
        "Net Income": -8
    },
    "2018-12-31": {
        "Diluted EPS": 31.33,
        "Total Revenue": 0,
        "Gross Profit": 0,
        "Operating Income": -6,
        "EBIT": -6,
        "Net Income": -6
    },
    "2018-09-30": {
        "Diluted EPS": -14.09,
        "Total Revenue": 0,
        "Gross Profit": 0,
        "Operating Income": -6,
        "EBIT": -6,
        "Net Income": -5
    },
    "2018-06-30": {
        "Diluted EPS": -16.49,
        "Total Revenue": 0,
        "Gross Profit": 0,
        "Operating Income": -6,
        "EBIT": -6,
        "Net Income": -4
    },
    "2018-03-31": {
        "Diluted EPS": -75.56,
        "Total Revenue": 1,
        "Gross Profit": 1,
        "Operating Income": -6,
        "EBIT": -6,
        "Net Income": -5
    },
    "2017-12-31": {
        "Diluted EPS": -101.37,
        "Total Revenue": 0,
        "Gross Profit": 0,
        "Operating Income": -6,
        "EBIT": -6,
        "Net Income": -6
    },
    "2017-09-30": {
        "Diluted EPS": -158.92,
        "Total Revenue": 0,
        "Gross Profit": 0,
        "Operating Income": -7,
        "EBIT": -7,
        "Net Income": -7
    },
    "2017-06-30": {
        "Diluted EPS": -65.19,
        "Total Revenue": 0,
        "Gross Profit": 0,
        "Operating Income": -6,
        "EBIT": -6,
        "Net Income": -3
    },
    "2017-03-31": {
        "Diluted EPS": -276.47,
        "Total Revenue": 0,
        "Gross Profit": 0,
        "Operating Income": -7,
        "EBIT": -7,
        "Net Income": -8
    },
    "2016-12-31": {
        "Diluted EPS": 103.4,
        "Total Revenue": 0,
        "Gross Profit": 0,
        "Operating Income": -6,
        "EBIT": -6,
        "Net Income": -5
    },
    "2016-09-30": {
        "Diluted EPS": -65.19,
        "Total Revenue": 2,
        "Gross Profit": 2,
        "Operating Income": -4,
        "EBIT": -4,
        "Net Income": -2
    },
    "2016-06-30": {
        "Diluted EPS": -440.56,
        "Total Revenue": 2,
        "Gross Profit": 2,
        "Operating Income": -5,
        "EBIT": -5,
        "Net Income": -5
    },
    "2016-03-31": {
        "Diluted EPS": -595.65,
        "Total Revenue": 1,
        "Gross Profit": 1,
        "Operating Income": -8,
        "EBIT": -7,
        "Net Income": -7
    },
    "2015-12-31": {
        "Diluted EPS": 424.83,
        "Total Revenue": 10,
        "Gross Profit": 10,
        "Operating Income": 3,
        "EBIT": 3,
        "Net Income": 3
    },
    "2015-09-30": {
        "Diluted EPS": -584.42,
        "Total Revenue": 2,
        "Gross Profit": 2,
        "Operating Income": -6,
        "EBIT": -6,
        "Net Income": -6
    },
    "2015-06-30": {
        "Diluted EPS": -928.32,
        "Total Revenue": 0,
        "Gross Profit": 0,
        "Operating Income": -9,
        "EBIT": -9,
        "Net Income": -9
    },
    "2015-03-31": {
        "Diluted EPS": NaN,
        "Total Revenue": 0,
        "Gross Profit": 0,
        "Operating Income": -12,
        "EBIT": -12,
        "Net Income": -12
    },
    "2014-12-31": {
        "Diluted EPS": NaN,
        "Total Revenue": 0,
        "Gross Profit": 0,
        "Operating Income": -13,
        "EBIT": -13,
        "Net Income": -13
    },
    "2014-09-30": {
        "Diluted EPS": NaN,
        "Total Revenue": 0,
        "Gross Profit": 0,
        "Operating Income": -15,
        "EBIT": -15,
        "Net Income": -15
    },
    "2014-06-30": {
        "Diluted EPS": NaN,
        "Total Revenue": 0,
        "Gross Profit": 0,
        "Operating Income": -17,
        "EBIT": -17,
        "Net Income": -17
    },
    "2014-03-31": {
        "Diluted EPS": NaN,
        "Total Revenue": 0,
        "Gross Profit": 0,
        "Operating Income": -19,
        "EBIT": -19,
        "Net Income": -19
    },
    "2013-12-31": {
        "Diluted EPS": NaN,
        "Total Revenue": 2,
        "Gross Profit": 2,
        "Operating Income": -15,
        "EBIT": -14,
        "Net Income": -15
    },
    "2013-09-30": {
        "Diluted EPS": NaN,
        "Total Revenue": 1,
        "Gross Profit": 1,
        "Operating Income": -20,
        "EBIT": -20,
        "Net Income": -21
    },
    "2013-06-30": {
        "Diluted EPS": NaN,
        "Total Revenue": 1,
        "Gross Profit": 1,
        "Operating Income": -13,
        "EBIT": -12,
        "Net Income": -14
    },
    "2013-03-31": {
        "Diluted EPS": NaN,
        "Total Revenue": 1,
        "Gross Profit": 1,
        "Operating Income": -15,
        "EBIT": -15,
        "Net Income": -16
    },
    "2012-12-31": {
        "Diluted EPS": 0.0,
        "Total Revenue": NaN,
        "Gross Profit": NaN,
        "Operating Income": NaN,
        "EBIT": NaN,
        "Net Income": NaN
    },
    "2012-09-30": {
        "Diluted EPS": NaN,
        "Total Revenue": 43,
        "Gross Profit": 43,
        "Operating Income": 7,
        "EBIT": 15,
        "Net Income": -2
    },
    "2012-06-30": {
        "Diluted EPS": NaN,
        "Total Revenue": 0,
        "Gross Profit": 0,
        "Operating Income": -8,
        "EBIT": -8,
        "Net Income": -8
    },
    "2011-12-31": {
        "Diluted EPS": 0.0,
        "Total Revenue": NaN,
        "Gross Profit": NaN,
        "Operating Income": NaN,
        "EBIT": NaN,
        "Net Income": NaN
    },
    "2023-06-30": {
        "Tax Effect Of Unusual Items": 0.0,
        "Tax Rate For Calcs": 0.0,
        "Normalized EBITDA": -4606000.0,
        "Net Income From Continuing Operation Net Minority Interest": -4250000.0,
        "Reconciled Depreciation": 4000.0,
        "EBITDA": -4606000.0,
        "EBIT": -4610000.0,
        "Normalized Income": -4250000.0,
        "Net Income From Continuing And Discontinued Operation": -4250000.0,
        "Total Expenses": 4667000.0,
        "Total Operating Income As Reported": -4610000.0,
        "Diluted Average Shares": 20979766.0,
        "Basic Average Shares": 20979766.0,
        "Diluted EPS": -0.2,
        "Basic EPS": -0.2,
        "Diluted NI Availto Com Stockholders": -4250000.0,
        "Net Income Common Stockholders": -4250000.0,
        "Net Income": -4250000.0,
        "Net Income Including Noncontrolling Interests": -4250000.0,
        "Net Income Continuous Operations": -4250000.0,
        "Pretax Income": -4250000.0,
        "Other Income Expense": 360000.0,
        "Other Non Operating Income Expenses": 360000.0,
        "Operating Income": -4610000.0,
        "Operating Expense": 4667000.0,
        "Research And Development": 2456000.0,
        "Selling General And Administration": 2211000.0,
        "General And Administrative Expense": 2211000.0,
        "Other Gand A": 899000.0,
        "Insurance And Claims": 275000.0,
        "Salaries And Wages": 1037000.0,
        "Total Revenue": 57000.0,
        "Operating Revenue": 57000.0
    },
    "2023-09-30": {
        "Tax Effect Of Unusual Items": 0.0,
        "Tax Rate For Calcs": 0.0,
        "Normalized EBITDA": -5084000.0,
        "Net Income From Continuing Operation Net Minority Interest": -4739000.0,
        "Reconciled Depreciation": 5000.0,
        "EBITDA": -5084000.0,
        "EBIT": -5089000.0,
        "Normalized Income": -4739000.0,
        "Net Income From Continuing And Discontinued Operation": -4739000.0,
        "Total Expenses": 5146000.0,
        "Total Operating Income As Reported": -5089000.0,
        "Diluted Average Shares": 21002937.0,
        "Basic Average Shares": 21002937.0,
        "Diluted EPS": -0.23,
        "Basic EPS": -0.23,
        "Diluted NI Availto Com Stockholders": -4739000.0,
        "Net Income Common Stockholders": -4739000.0,
        "Net Income": -4739000.0,
        "Net Income Including Noncontrolling Interests": -4739000.0,
        "Net Income Continuous Operations": -4739000.0,
        "Pretax Income": -4739000.0,
        "Other Income Expense": 350000.0,
        "Other Non Operating Income Expenses": 350000.0,
        "Operating Income": -5089000.0,
        "Operating Expense": 5146000.0,
        "Research And Development": 2460000.0,
        "Selling General And Administration": 2686000.0,
        "General And Administrative Expense": 2686000.0,
        "Other Gand A": 1522000.0,
        "Insurance And Claims": 235000.0,
        "Salaries And Wages": 929000.0,
        "Total Revenue": 57000.0,
        "Operating Revenue": 57000.0
    }
}