{
    "2023-03-31": {
        "Tax Effect Of Unusual Items": NaN,
        "Tax Rate For Calcs": NaN,
        "Normalized EBITDA": NaN,
        "Total Unusual Items": 143000.0,
        "Total Unusual Items Excluding Goodwill": 143000.0,
        "Net Income From Continuing Operation Net Minority Interest": NaN,
        "Reconciled Depreciation": NaN,
        "Reconciled Cost Of Revenue": NaN,
        "EBITDA": NaN,
        "EBIT": NaN,
        "Net Interest Income": NaN,
        "Interest Income": NaN,
        "Normalized Income": NaN,
        "Net Income From Continuing And Discontinued Operation": NaN,
        "Total Expenses": NaN,
        "Total Operating Income As Reported": NaN,
        "Diluted Average Shares": NaN,
        "Basic Average Shares": NaN,
        "Diluted EPS": NaN,
        "Basic EPS": NaN,
        "Diluted NI Availto Com Stockholders": NaN,
        "Net Income Common Stockholders": NaN,
        "Net Income": NaN,
        "Net Income Including Noncontrolling Interests": NaN,
        "Net Income Continuous Operations": NaN,
        "Tax Provision": NaN,
        "Pretax Income": NaN,
        "Other Income Expense": 143000.0,
        "Gain On Sale Of Security": 152000.0,
        "Net Non Operating Interest Income Expense": NaN,
        "Interest Income Non Operating": NaN,
        "Operating Income": NaN,
        "Operating Expense": NaN,
        "Depreciation Amortization Depletion Income Statement": NaN,
        "Depreciation And Amortization In Income Statement": NaN,
        "Research And Development": NaN,
        "Selling General And Administration": NaN,
        "General And Administrative Expense": NaN,
        "Other Gand A": NaN,
        "Salaries And Wages": NaN,
        "Gross Profit": NaN,
        "Cost Of Revenue": NaN,
        "Total Revenue": NaN,
        "Operating Revenue": NaN
    },
    "2022-12-31": {
        "Tax Effect Of Unusual Items": NaN,
        "Tax Rate For Calcs": NaN,
        "Normalized EBITDA": NaN,
        "Total Unusual Items": -48000.0,
        "Total Unusual Items Excluding Goodwill": -48000.0,
        "Net Income From Continuing Operation Net Minority Interest": NaN,
        "Reconciled Depreciation": NaN,
        "Reconciled Cost Of Revenue": NaN,
        "EBITDA": NaN,
        "EBIT": NaN,
        "Net Interest Income": NaN,
        "Interest Income": NaN,
        "Normalized Income": NaN,
        "Net Income From Continuing And Discontinued Operation": NaN,
        "Total Expenses": NaN,
        "Total Operating Income As Reported": NaN,
        "Diluted Average Shares": 8713617.0,
        "Basic Average Shares": 8713617.0,
        "Diluted EPS": -0.37,
        "Basic EPS": -0.37,
        "Diluted NI Availto Com Stockholders": NaN,
        "Net Income Common Stockholders": NaN,
        "Net Income": NaN,
        "Net Income Including Noncontrolling Interests": NaN,
        "Net Income Continuous Operations": NaN,
        "Tax Provision": NaN,
        "Pretax Income": NaN,
        "Other Income Expense": -48000.0,
        "Gain On Sale Of Security": -48000.0,
        "Net Non Operating Interest Income Expense": NaN,
        "Interest Income Non Operating": NaN,
        "Operating Income": NaN,
        "Operating Expense": NaN,
        "Depreciation Amortization Depletion Income Statement": NaN,
        "Depreciation And Amortization In Income Statement": NaN,
        "Research And Development": NaN,
        "Selling General And Administration": NaN,
        "General And Administrative Expense": NaN,
        "Other Gand A": NaN,
        "Salaries And Wages": NaN,
        "Gross Profit": NaN,
        "Cost Of Revenue": NaN,
        "Total Revenue": NaN,
        "Operating Revenue": NaN
    },
    "2022-09-30": {
        "Tax Effect Of Unusual Items": NaN,
        "Tax Rate For Calcs": NaN,
        "Normalized EBITDA": NaN,
        "Total Unusual Items": -70000.0,
        "Total Unusual Items Excluding Goodwill": -70000.0,
        "Net Income From Continuing Operation Net Minority Interest": NaN,
        "Reconciled Depreciation": NaN,
        "EBITDA": NaN,
        "EBIT": NaN,
        "Net Interest Income": NaN,
        "Interest Income": NaN,
        "Normalized Income": NaN,
        "Net Income From Continuing And Discontinued Operation": NaN,
        "Total Expenses": NaN,
        "Total Operating Income As Reported": NaN,
        "Diluted Average Shares": 8712284.0,
        "Basic Average Shares": 8712284.0,
        "Diluted EPS": -0.38,
        "Basic EPS": -0.38,
        "Diluted NI Availto Com Stockholders": NaN,
        "Net Income Common Stockholders": NaN,
        "Net Income": NaN,
        "Net Income Including Noncontrolling Interests": NaN,
        "Net Income Continuous Operations": NaN,
        "Tax Provision": NaN,
        "Pretax Income": NaN,
        "Other Income Expense": -70000.0,
        "Gain On Sale Of Security": -70000.0,
        "Net Non Operating Interest Income Expense": NaN,
        "Interest Income Non Operating": NaN,
        "Operating Income": NaN,
        "Operating Expense": NaN,
        "Depreciation Amortization Depletion Income Statement": NaN,
        "Depreciation And Amortization In Income Statement": NaN,
        "Research And Development": NaN,
        "Selling General And Administration": NaN,
        "General And Administrative Expense": NaN,
        "Other Gand A": NaN,
        "Salaries And Wages": NaN,
        "Total Revenue": NaN,
        "Operating Revenue": NaN
    },
    "2022-06-30": {
        "Tax Effect Of Unusual Items": -2000.0,
        "Tax Rate For Calcs": 0.4,
        "Normalized EBITDA": -3184000.0,
        "Total Unusual Items": -5000.0,
        "Total Unusual Items Excluding Goodwill": -5000.0,
        "Net Income From Continuing Operation Net Minority Interest": -3215000.0,
        "Reconciled Depreciation": 50000.0,
        "EBITDA": -3189000.0,
        "EBIT": -3239000.0,
        "Net Interest Income": 31000.0,
        "Interest Income": 31000.0,
        "Normalized Income": -3212000.0,
        "Net Income From Continuing And Discontinued Operation": -3215000.0,
        "Total Expenses": 3239000.0,
        "Total Operating Income As Reported": -3239000.0,
        "Diluted Average Shares": 8710968.0,
        "Basic Average Shares": 8710968.0,
        "Diluted EPS": -0.37,
        "Basic EPS": -0.37,
        "Diluted NI Availto Com Stockholders": -3215000.0,
        "Net Income Common Stockholders": -3215000.0,
        "Net Income": -3215000.0,
        "Net Income Including Noncontrolling Interests": -3215000.0,
        "Net Income Continuous Operations": -3215000.0,
        "Tax Provision": 2000.0,
        "Pretax Income": -3213000.0,
        "Other Income Expense": -5000.0,
        "Gain On Sale Of Security": -5000.0,
        "Net Non Operating Interest Income Expense": 31000.0,
        "Interest Income Non Operating": 31000.0,
        "Operating Income": -3239000.0,
        "Operating Expense": 3239000.0,
        "Depreciation Amortization Depletion Income Statement": 14000.0,
        "Depreciation And Amortization In Income Statement": 14000.0,
        "Research And Development": 1020000.0,
        "Selling General And Administration": 2205000.0,
        "General And Administrative Expense": 2205000.0,
        "Other Gand A": 1666000.0,
        "Salaries And Wages": 539000.0,
        "Total Revenue": 0.0,
        "Operating Revenue": 0.0
    },
    "2022-03-31": {
        "Diluted EPS": -0.23,
        "Total Revenue": NaN,
        "Gross Profit": NaN,
        "Operating Income": -3,
        "EBIT": -3,
        "Net Income": -2
    },
    "2021-12-31": {
        "Diluted EPS": -0.4,
        "Total Revenue": NaN,
        "Gross Profit": NaN,
        "Operating Income": -4,
        "EBIT": -3,
        "Net Income": -4
    },
    "2021-09-30": {
        "Diluted EPS": -0.4,
        "Total Revenue": NaN,
        "Gross Profit": NaN,
        "Operating Income": -4,
        "EBIT": -3,
        "Net Income": -4
    },
    "2021-06-30": {
        "Diluted EPS": -0.29,
        "Total Revenue": NaN,
        "Gross Profit": NaN,
        "Operating Income": -3,
        "EBIT": -3,
        "Net Income": -3
    },
    "2021-03-31": {
        "Diluted EPS": -0.31,
        "Total Revenue": NaN,
        "Gross Profit": NaN,
        "Operating Income": -3,
        "EBIT": -3,
        "Net Income": -3
    },
    "2020-12-31": {
        "Diluted EPS": -0.37,
        "Total Revenue": NaN,
        "Gross Profit": NaN,
        "Operating Income": -2,
        "EBIT": -2,
        "Net Income": -3
    },
    "2020-09-30": {
        "Diluted EPS": -1.36,
        "Total Revenue": NaN,
        "Gross Profit": NaN,
        "Operating Income": -9,
        "EBIT": -9,
        "Net Income": -9
    },
    "2020-06-30": {
        "Diluted EPS": -0.4,
        "Total Revenue": NaN,
        "Gross Profit": NaN,
        "Operating Income": -3,
        "EBIT": -3,
        "Net Income": -3
    },
    "2020-03-31": {
        "Diluted EPS": -0.2,
        "Total Revenue": 0,
        "Gross Profit": 0,
        "Operating Income": -3,
        "EBIT": -3,
        "Net Income": -3
    },
    "2019-12-31": {
        "Diluted EPS": -0.6,
        "Total Revenue": 0,
        "Gross Profit": 0,
        "Operating Income": -5,
        "EBIT": -4,
        "Net Income": -3
    },
    "2019-09-30": {
        "Diluted EPS": -1.0,
        "Total Revenue": 1,
        "Gross Profit": 1,
        "Operating Income": -7,
        "EBIT": -7,
        "Net Income": -6
    },
    "2019-06-30": {
        "Diluted EPS": -1.0,
        "Total Revenue": 1,
        "Gross Profit": 1,
        "Operating Income": -7,
        "EBIT": -6,
        "Net Income": -6
    },
    "2019-03-31": {
        "Diluted EPS": -1.0,
        "Total Revenue": 1,
        "Gross Profit": 1,
        "Operating Income": -7,
        "EBIT": -7,
        "Net Income": -7
    },
    "2018-12-31": {
        "Diluted EPS": -1.2,
        "Total Revenue": 1,
        "Gross Profit": 1,
        "Operating Income": -7,
        "EBIT": -6,
        "Net Income": -6
    },
    "2018-09-30": {
        "Diluted EPS": -1.0,
        "Total Revenue": 1,
        "Gross Profit": 1,
        "Operating Income": -6,
        "EBIT": -6,
        "Net Income": -6
    },
    "2018-06-30": {
        "Diluted EPS": -1.4,
        "Total Revenue": 1,
        "Gross Profit": 1,
        "Operating Income": -8,
        "EBIT": -7,
        "Net Income": -7
    },
    "2018-03-31": {
        "Diluted EPS": -1.2,
        "Total Revenue": 1,
        "Gross Profit": 1,
        "Operating Income": -8,
        "EBIT": -7,
        "Net Income": -7
    },
    "2017-12-31": {
        "Diluted EPS": -1.4,
        "Total Revenue": 1,
        "Gross Profit": 1,
        "Operating Income": -8,
        "EBIT": -8,
        "Net Income": -8
    },
    "2017-09-30": {
        "Diluted EPS": -1.8,
        "Total Revenue": 1,
        "Gross Profit": 1,
        "Operating Income": -10,
        "EBIT": -9,
        "Net Income": -9
    },
    "2017-06-30": {
        "Diluted EPS": -2.0,
        "Total Revenue": 1,
        "Gross Profit": 1,
        "Operating Income": -10,
        "EBIT": -10,
        "Net Income": -10
    },
    "2017-03-31": {
        "Diluted EPS": -2.2,
        "Total Revenue": 1,
        "Gross Profit": 1,
        "Operating Income": -11,
        "EBIT": -10,
        "Net Income": -11
    },
    "2016-12-31": {
        "Diluted EPS": -1.8,
        "Total Revenue": 1,
        "Gross Profit": 1,
        "Operating Income": -10,
        "EBIT": -9,
        "Net Income": -10
    },
    "2016-09-30": {
        "Diluted EPS": -2.0,
        "Total Revenue": 1,
        "Gross Profit": 1,
        "Operating Income": -9,
        "EBIT": -9,
        "Net Income": -9
    },
    "2016-06-30": {
        "Diluted EPS": -1.8,
        "Total Revenue": 1,
        "Gross Profit": 1,
        "Operating Income": -9,
        "EBIT": -9,
        "Net Income": -9
    },
    "2016-03-31": {
        "Diluted EPS": -2.0,
        "Total Revenue": 1,
        "Gross Profit": 1,
        "Operating Income": -8,
        "EBIT": -8,
        "Net Income": -8
    },
    "2015-12-31": {
        "Diluted EPS": -2.2,
        "Total Revenue": 0,
        "Gross Profit": 0,
        "Operating Income": -10,
        "EBIT": -10,
        "Net Income": -10
    },
    "2015-09-30": {
        "Diluted EPS": -2.4,
        "Total Revenue": 0,
        "Gross Profit": 0,
        "Operating Income": -11,
        "EBIT": -11,
        "Net Income": -11
    },
    "2015-06-30": {
        "Diluted EPS": -2.0,
        "Total Revenue": 0,
        "Gross Profit": 0,
        "Operating Income": -8,
        "EBIT": -8,
        "Net Income": -8
    },
    "2015-03-31": {
        "Diluted EPS": -2.0,
        "Total Revenue": 0,
        "Gross Profit": 0,
        "Operating Income": -8,
        "EBIT": -8,
        "Net Income": -8
    },
    "2014-12-31": {
        "Diluted EPS": -1.8,
        "Total Revenue": 0,
        "Gross Profit": 0,
        "Operating Income": -7,
        "EBIT": -7,
        "Net Income": -7
    },
    "2014-09-30": {
        "Diluted EPS": -2.2,
        "Total Revenue": 0,
        "Gross Profit": 0,
        "Operating Income": -9,
        "EBIT": -9,
        "Net Income": -9
    },
    "2014-06-30": {
        "Diluted EPS": -1.6,
        "Total Revenue": 0,
        "Gross Profit": 0,
        "Operating Income": -6,
        "EBIT": -6,
        "Net Income": -6
    },
    "2014-03-31": {
        "Diluted EPS": -1.6,
        "Total Revenue": 0,
        "Gross Profit": 0,
        "Operating Income": -7,
        "EBIT": -6,
        "Net Income": -6
    },
    "2013-12-31": {
        "Diluted EPS": -1.4,
        "Total Revenue": 0,
        "Gross Profit": 0,
        "Operating Income": -5,
        "EBIT": -4,
        "Net Income": -5
    },
    "2013-09-30": {
        "Diluted EPS": -2.8,
        "Total Revenue": 0,
        "Gross Profit": 0,
        "Operating Income": -6,
        "EBIT": -6,
        "Net Income": -10
    },
    "2013-06-30": {
        "Diluted EPS": -1.2,
        "Total Revenue": 0,
        "Gross Profit": 0,
        "Operating Income": -4,
        "EBIT": -4,
        "Net Income": -4
    },
    "2013-03-31": {
        "Diluted EPS": 0.0,
        "Total Revenue": NaN,
        "Gross Profit": NaN,
        "Operating Income": NaN,
        "EBIT": NaN,
        "Net Income": NaN
    },
    "2012-12-31": {
        "Diluted EPS": 0.0,
        "Total Revenue": NaN,
        "Gross Profit": NaN,
        "Operating Income": NaN,
        "EBIT": NaN,
        "Net Income": NaN
    },
    "2012-09-30": {
        "Diluted EPS": 13.8,
        "Total Revenue": 0,
        "Gross Profit": 0,
        "Operating Income": -4,
        "EBIT": -4,
        "Net Income": 38
    },
    "2012-06-30": {
        "Diluted EPS": -16.4,
        "Total Revenue": 0,
        "Gross Profit": 0,
        "Operating Income": -1,
        "EBIT": -1,
        "Net Income": -35
    },
    "2012-03-31": {
        "Diluted EPS": -23.4,
        "Total Revenue": 0,
        "Gross Profit": 0,
        "Operating Income": 0,
        "EBIT": 0,
        "Net Income": -37
    },
    "2011-12-31": {
        "Diluted EPS": 0.0,
        "Total Revenue": NaN,
        "Gross Profit": NaN,
        "Operating Income": NaN,
        "EBIT": NaN,
        "Net Income": NaN
    },
    "2011-09-30": {
        "Diluted EPS": -1.4,
        "Total Revenue": 0,
        "Gross Profit": 0,
        "Operating Income": -1,
        "EBIT": -1,
        "Net Income": -1
    },
    "2011-06-30": {
        "Diluted EPS": 0.0,
        "Total Revenue": NaN,
        "Gross Profit": NaN,
        "Operating Income": NaN,
        "EBIT": NaN,
        "Net Income": NaN
    },
    "2011-03-31": {
        "Diluted EPS": -0.8,
        "Total Revenue": 0,
        "Gross Profit": 0,
        "Operating Income": 0,
        "EBIT": 0,
        "Net Income": -1
    },
    "2010-09-30": {
        "Diluted EPS": 0.0,
        "Total Revenue": NaN,
        "Gross Profit": NaN,
        "Operating Income": 0,
        "EBIT": 0,
        "Net Income": 0
    },
    "2010-06-30": {
        "Diluted EPS": 0.0,
        "Total Revenue": NaN,
        "Gross Profit": NaN,
        "Operating Income": NaN,
        "EBIT": NaN,
        "Net Income": NaN
    },
    "2010-03-31": {
        "Diluted EPS": 0.0,
        "Total Revenue": NaN,
        "Gross Profit": NaN,
        "Operating Income": NaN,
        "EBIT": NaN,
        "Net Income": 0
    },
    "2023-06-30": {
        "Tax Effect Of Unusual Items": NaN,
        "Tax Rate For Calcs": NaN,
        "Normalized EBITDA": NaN,
        "Total Unusual Items": 12000.0,
        "Total Unusual Items Excluding Goodwill": 12000.0,
        "Net Income From Continuing Operation Net Minority Interest": NaN,
        "Reconciled Depreciation": NaN,
        "Reconciled Cost Of Revenue": NaN,
        "EBITDA": NaN,
        "EBIT": NaN,
        "Net Interest Income": NaN,
        "Interest Expense": NaN,
        "Interest Income": NaN,
        "Normalized Income": NaN,
        "Net Income From Continuing And Discontinued Operation": NaN,
        "Total Expenses": NaN,
        "Total Operating Income As Reported": NaN,
        "Diluted Average Shares": NaN,
        "Basic Average Shares": NaN,
        "Diluted EPS": NaN,
        "Basic EPS": NaN,
        "Diluted NI Availto Com Stockholders": NaN,
        "Net Income Common Stockholders": NaN,
        "Net Income": NaN,
        "Net Income Including Noncontrolling Interests": NaN,
        "Net Income Continuous Operations": NaN,
        "Tax Provision": NaN,
        "Pretax Income": NaN,
        "Other Income Expense": 12000.0,
        "Gain On Sale Of Security": 12000.0,
        "Net Non Operating Interest Income Expense": NaN,
        "Interest Expense Non Operating": NaN,
        "Interest Income Non Operating": NaN,
        "Operating Income": NaN,
        "Operating Expense": NaN,
        "Depreciation Amortization Depletion Income Statement": NaN,
        "Depreciation And Amortization In Income Statement": NaN,
        "Research And Development": NaN,
        "Selling General And Administration": NaN,
        "General And Administrative Expense": NaN,
        "Other Gand A": NaN,
        "Salaries And Wages": NaN,
        "Gross Profit": NaN,
        "Cost Of Revenue": NaN,
        "Total Revenue": NaN,
        "Operating Revenue": NaN
    },
    "2023-09-30": {
        "Tax Effect Of Unusual Items": NaN,
        "Tax Rate For Calcs": NaN,
        "Normalized EBITDA": NaN,
        "Total Unusual Items": NaN,
        "Total Unusual Items Excluding Goodwill": NaN,
        "Net Income From Continuing Operation Net Minority Interest": NaN,
        "Reconciled Depreciation": NaN,
        "Reconciled Cost Of Revenue": 0.0,
        "EBITDA": NaN,
        "EBIT": NaN,
        "Net Interest Income": NaN,
        "Interest Expense": NaN,
        "Interest Income": NaN,
        "Normalized Income": NaN,
        "Net Income From Continuing And Discontinued Operation": NaN,
        "Total Expenses": NaN,
        "Total Operating Income As Reported": NaN,
        "Diluted Average Shares": 8718502.0,
        "Basic Average Shares": 8718502.0,
        "Diluted EPS": -0.46,
        "Basic EPS": -0.46,
        "Diluted NI Availto Com Stockholders": NaN,
        "Net Income Common Stockholders": NaN,
        "Net Income": NaN,
        "Net Income Including Noncontrolling Interests": NaN,
        "Net Income Continuous Operations": NaN,
        "Tax Provision": NaN,
        "Pretax Income": NaN,
        "Other Income Expense": NaN,
        "Gain On Sale Of Security": NaN,
        "Net Non Operating Interest Income Expense": NaN,
        "Interest Expense Non Operating": NaN,
        "Interest Income Non Operating": NaN,
        "Operating Income": NaN,
        "Operating Expense": NaN,
        "Depreciation Amortization Depletion Income Statement": 13000.0,
        "Depreciation And Amortization In Income Statement": 13000.0,
        "Research And Development": NaN,
        "Selling General And Administration": NaN,
        "General And Administrative Expense": 2767000.0,
        "Other Gand A": 2033000.0,
        "Salaries And Wages": 734000.0,
        "Gross Profit": 0.0,
        "Cost Of Revenue": 0.0,
        "Total Revenue": NaN,
        "Operating Revenue": NaN
    },
    "2023-12-31": {
        "Tax Effect Of Unusual Items": 0.0,
        "Tax Rate For Calcs": 0.0,
        "Normalized EBITDA": -3533000.0,
        "Total Unusual Items": NaN,
        "Total Unusual Items Excluding Goodwill": NaN,
        "Net Income From Continuing Operation Net Minority Interest": -3604000.0,
        "Reconciled Depreciation": 71000.0,
        "Reconciled Cost Of Revenue": 0.0,
        "EBITDA": -3533000.0,
        "EBIT": -3604000.0,
        "Net Interest Income": 76000.0,
        "Interest Expense": 0.0,
        "Interest Income": 76000.0,
        "Normalized Income": -3604000.0,
        "Net Income From Continuing And Discontinued Operation": -3604000.0,
        "Total Expenses": 3685000.0,
        "Total Operating Income As Reported": -3680000.0,
        "Diluted Average Shares": 9115455.0,
        "Basic Average Shares": 9115455.0,
        "Diluted EPS": -0.4,
        "Basic EPS": -0.4,
        "Diluted NI Availto Com Stockholders": -3604000.0,
        "Net Income Common Stockholders": -3604000.0,
        "Net Income": -3604000.0,
        "Net Income Including Noncontrolling Interests": -3604000.0,
        "Net Income Continuous Operations": -3604000.0,
        "Tax Provision": 0.0,
        "Pretax Income": -3604000.0,
        "Other Income Expense": NaN,
        "Gain On Sale Of Security": NaN,
        "Net Non Operating Interest Income Expense": 76000.0,
        "Interest Expense Non Operating": 0.0,
        "Interest Income Non Operating": 76000.0,
        "Operating Income": -3680000.0,
        "Operating Expense": 3685000.0,
        "Depreciation Amortization Depletion Income Statement": 14000.0,
        "Depreciation And Amortization In Income Statement": 14000.0,
        "Research And Development": 1434000.0,
        "Selling General And Administration": 2237000.0,
        "General And Administrative Expense": 2237000.0,
        "Other Gand A": 2120000.0,
        "Salaries And Wages": 117000.0,
        "Gross Profit": 5000.0,
        "Cost Of Revenue": 0.0,
        "Total Revenue": 5000.0,
        "Operating Revenue": 5000.0
    },
    "2024-03-31": {
        "Tax Effect Of Unusual Items": 0.0,
        "Tax Rate For Calcs": 0.0,
        "Normalized EBITDA": -3025000.0,
        "Total Unusual Items": 0.0,
        "Total Unusual Items Excluding Goodwill": 0.0,
        "Net Income From Continuing Operation Net Minority Interest": -3045000.0,
        "Reconciled Depreciation": 71000.0,
        "Reconciled Cost Of Revenue": NaN,
        "EBITDA": -3025000.0,
        "EBIT": -3096000.0,
        "Net Interest Income": 51000.0,
        "Interest Expense": NaN,
        "Interest Income": 51000.0,
        "Normalized Income": -3045000.0,
        "Net Income From Continuing And Discontinued Operation": -3045000.0,
        "Total Expenses": 3125000.0,
        "Total Operating Income As Reported": -3096000.0,
        "Diluted Average Shares": NaN,
        "Basic Average Shares": NaN,
        "Diluted EPS": NaN,
        "Basic EPS": NaN,
        "Diluted NI Availto Com Stockholders": -3045000.0,
        "Net Income Common Stockholders": -3045000.0,
        "Net Income": -3045000.0,
        "Net Income Including Noncontrolling Interests": -3045000.0,
        "Net Income Continuous Operations": -3045000.0,
        "Tax Provision": 0.0,
        "Pretax Income": -3045000.0,
        "Other Income Expense": 0.0,
        "Gain On Sale Of Security": 0.0,
        "Net Non Operating Interest Income Expense": 51000.0,
        "Interest Expense Non Operating": NaN,
        "Interest Income Non Operating": 51000.0,
        "Operating Income": -3096000.0,
        "Operating Expense": 3125000.0,
        "Depreciation Amortization Depletion Income Statement": 12000.0,
        "Depreciation And Amortization In Income Statement": 12000.0,
        "Research And Development": 1063000.0,
        "Selling General And Administration": 2050000.0,
        "General And Administrative Expense": 2050000.0,
        "Other Gand A": 1900000.0,
        "Salaries And Wages": 150000.0,
        "Gross Profit": NaN,
        "Cost Of Revenue": NaN,
        "Total Revenue": 29000.0,
        "Operating Revenue": 29000.0
    },
    "2024-06-30": {
        "Tax Effect Of Unusual Items": 0.0,
        "Tax Rate For Calcs": 0.21,
        "Normalized EBITDA": -3316000.0,
        "Total Unusual Items": NaN,
        "Total Unusual Items Excluding Goodwill": NaN,
        "Net Income From Continuing Operation Net Minority Interest": -3344000.0,
        "Reconciled Depreciation": 70000.0,
        "Reconciled Cost Of Revenue": 2000.0,
        "EBITDA": -3316000.0,
        "EBIT": -3386000.0,
        "Net Interest Income": 44000.0,
        "Interest Expense": NaN,
        "Interest Income": 44000.0,
        "Normalized Income": -3344000.0,
        "Net Income From Continuing And Discontinued Operation": -3344000.0,
        "Total Expenses": 3425000.0,
        "Total Operating Income As Reported": -3386000.0,
        "Diluted Average Shares": 14663693.0,
        "Basic Average Shares": 14663693.0,
        "Diluted EPS": -0.23,
        "Basic EPS": -0.23,
        "Diluted NI Availto Com Stockholders": -3344000.0,
        "Net Income Common Stockholders": -3344000.0,
        "Net Income": -3344000.0,
        "Net Income Including Noncontrolling Interests": -3344000.0,
        "Net Income Continuous Operations": -3344000.0,
        "Tax Provision": 2000.0,
        "Pretax Income": -3342000.0,
        "Other Income Expense": NaN,
        "Gain On Sale Of Security": NaN,
        "Net Non Operating Interest Income Expense": 44000.0,
        "Interest Expense Non Operating": NaN,
        "Interest Income Non Operating": 44000.0,
        "Operating Income": -3386000.0,
        "Operating Expense": 3423000.0,
        "Depreciation Amortization Depletion Income Statement": NaN,
        "Depreciation And Amortization In Income Statement": NaN,
        "Research And Development": 1402000.0,
        "Selling General And Administration": 2021000.0,
        "General And Administrative Expense": NaN,
        "Other Gand A": NaN,
        "Salaries And Wages": NaN,
        "Gross Profit": 37000.0,
        "Cost Of Revenue": 2000.0,
        "Total Revenue": 39000.0,
        "Operating Revenue": 39000.0
    },
    "2024-09-30": {
        "Tax Effect Of Unusual Items": 0.0,
        "Tax Rate For Calcs": 0.0,
        "Normalized EBITDA": -2540000.0,
        "Total Unusual Items": NaN,
        "Total Unusual Items Excluding Goodwill": NaN,
        "Net Income From Continuing Operation Net Minority Interest": -2549000.0,
        "Reconciled Depreciation": 68000.0,
        "Reconciled Cost Of Revenue": 1000.0,
        "EBITDA": -2540000.0,
        "EBIT": -2608000.0,
        "Net Interest Income": 59000.0,
        "Interest Expense": NaN,
        "Interest Income": 59000.0,
        "Normalized Income": -2549000.0,
        "Net Income From Continuing And Discontinued Operation": -2549000.0,
        "Total Expenses": 2638000.0,
        "Total Operating Income As Reported": -2608000.0,
        "Diluted Average Shares": 17994538.0,
        "Basic Average Shares": 17994538.0,
        "Diluted EPS": -0.14,
        "Basic EPS": -0.14,
        "Diluted NI Availto Com Stockholders": -2549000.0,
        "Net Income Common Stockholders": -2549000.0,
        "Net Income": -2549000.0,
        "Net Income Including Noncontrolling Interests": -2549000.0,
        "Net Income Continuous Operations": -2549000.0,
        "Tax Provision": 0.0,
        "Pretax Income": -2549000.0,
        "Other Income Expense": NaN,
        "Gain On Sale Of Security": NaN,
        "Net Non Operating Interest Income Expense": 59000.0,
        "Interest Expense Non Operating": NaN,
        "Interest Income Non Operating": 59000.0,
        "Operating Income": -2608000.0,
        "Operating Expense": 2637000.0,
        "Depreciation Amortization Depletion Income Statement": 12000.0,
        "Depreciation And Amortization In Income Statement": 12000.0,
        "Research And Development": 984000.0,
        "Selling General And Administration": 1641000.0,
        "General And Administrative Expense": 1641000.0,
        "Other Gand A": 1511000.0,
        "Salaries And Wages": 130000.0,
        "Gross Profit": 29000.0,
        "Cost Of Revenue": 1000.0,
        "Total Revenue": 30000.0,
        "Operating Revenue": 30000.0
    },
    "2024-12-31": {
        "Tax Effect Of Unusual Items": 0.0,
        "Tax Rate For Calcs": 0.0,
        "Normalized EBITDA": -3375000.0,
        "Total Unusual Items": NaN,
        "Total Unusual Items Excluding Goodwill": NaN,
        "Net Income From Continuing Operation Net Minority Interest": -3447000.0,
        "Reconciled Depreciation": 67000.0,
        "Reconciled Cost Of Revenue": 2000.0,
        "EBITDA": -3375000.0,
        "EBIT": -3442000.0,
        "Net Interest Income": 21000.0,
        "Interest Expense": 5000.0,
        "Interest Income": 26000.0,
        "Normalized Income": -3447000.0,
        "Net Income From Continuing And Discontinued Operation": -3447000.0,
        "Total Expenses": 3492000.0,
        "Total Operating Income As Reported": -3468000.0,
        "Diluted Average Shares": 18056561.0,
        "Basic Average Shares": 18056561.0,
        "Diluted EPS": -0.19,
        "Basic EPS": -0.19,
        "Diluted NI Availto Com Stockholders": -3447000.0,
        "Net Income Common Stockholders": -3447000.0,
        "Net Income": -3447000.0,
        "Net Income Including Noncontrolling Interests": -3447000.0,
        "Net Income Continuous Operations": -3447000.0,
        "Tax Provision": 0.0,
        "Pretax Income": -3447000.0,
        "Other Income Expense": NaN,
        "Gain On Sale Of Security": NaN,
        "Net Non Operating Interest Income Expense": 21000.0,
        "Interest Expense Non Operating": 5000.0,
        "Interest Income Non Operating": 26000.0,
        "Operating Income": -3468000.0,
        "Operating Expense": 3490000.0,
        "Depreciation Amortization Depletion Income Statement": 11000.0,
        "Depreciation And Amortization In Income Statement": 11000.0,
        "Research And Development": 1780000.0,
        "Selling General And Administration": 1699000.0,
        "General And Administrative Expense": 1699000.0,
        "Other Gand A": 1588000.0,
        "Salaries And Wages": 111000.0,
        "Gross Profit": 22000.0,
        "Cost Of Revenue": 2000.0,
        "Total Revenue": 24000.0,
        "Operating Revenue": 24000.0
    }
}