{
    "2023-03-31": {
        "Tax Effect Of Unusual Items": NaN,
        "Tax Rate For Calcs": NaN,
        "Normalized EBITDA": NaN,
        "Total Unusual Items": NaN,
        "Total Unusual Items Excluding Goodwill": NaN,
        "Net Income From Continuing Operation Net Minority Interest": NaN,
        "Reconciled Cost Of Revenue": NaN,
        "EBITDA": NaN,
        "EBIT": NaN,
        "Net Interest Income": NaN,
        "Interest Expense": NaN,
        "Interest Income": NaN,
        "Normalized Income": NaN,
        "Net Income From Continuing And Discontinued Operation": NaN,
        "Total Expenses": NaN,
        "Total Operating Income As Reported": NaN,
        "Diluted Average Shares": NaN,
        "Basic Average Shares": NaN,
        "Diluted EPS": NaN,
        "Basic EPS": NaN,
        "Diluted NI Availto Com Stockholders": NaN,
        "Net Income Common Stockholders": NaN,
        "Otherunder Preferred Stock Dividend": 0.0,
        "Preferred Stock Dividends": NaN,
        "Net Income": NaN,
        "Net Income Including Noncontrolling Interests": NaN,
        "Net Income Continuous Operations": NaN,
        "Pretax Income": NaN,
        "Other Income Expense": NaN,
        "Other Non Operating Income Expenses": NaN,
        "Special Income Charges": NaN,
        "Write Off": NaN,
        "Earnings From Equity Interest": NaN,
        "Gain On Sale Of Security": 3578000.0,
        "Net Non Operating Interest Income Expense": NaN,
        "Interest Expense Non Operating": NaN,
        "Interest Income Non Operating": NaN,
        "Operating Income": NaN,
        "Operating Expense": NaN,
        "Other Operating Expenses": NaN,
        "Selling General And Administration": NaN,
        "General And Administrative Expense": NaN,
        "Other Gand A": NaN,
        "Gross Profit": NaN,
        "Cost Of Revenue": NaN,
        "Total Revenue": NaN,
        "Operating Revenue": NaN
    },
    "2022-12-31": {
        "Tax Effect Of Unusual Items": NaN,
        "Tax Rate For Calcs": NaN,
        "Normalized EBITDA": NaN,
        "Total Unusual Items": NaN,
        "Total Unusual Items Excluding Goodwill": NaN,
        "Net Income From Continuing Operation Net Minority Interest": NaN,
        "Reconciled Cost Of Revenue": NaN,
        "EBITDA": NaN,
        "EBIT": NaN,
        "Net Interest Income": NaN,
        "Interest Expense": NaN,
        "Interest Income": NaN,
        "Normalized Income": NaN,
        "Net Income From Continuing And Discontinued Operation": NaN,
        "Total Expenses": NaN,
        "Total Operating Income As Reported": NaN,
        "Diluted Average Shares": 215677.0,
        "Basic Average Shares": 215677.0,
        "Diluted EPS": -13.8,
        "Basic EPS": -13.8,
        "Diluted NI Availto Com Stockholders": NaN,
        "Net Income Common Stockholders": NaN,
        "Otherunder Preferred Stock Dividend": -106000.0,
        "Preferred Stock Dividends": NaN,
        "Net Income": NaN,
        "Net Income Including Noncontrolling Interests": NaN,
        "Net Income Continuous Operations": NaN,
        "Pretax Income": NaN,
        "Other Income Expense": NaN,
        "Other Non Operating Income Expenses": NaN,
        "Earnings From Equity Interest": NaN,
        "Gain On Sale Of Security": NaN,
        "Net Non Operating Interest Income Expense": NaN,
        "Interest Expense Non Operating": NaN,
        "Interest Income Non Operating": NaN,
        "Operating Income": NaN,
        "Operating Expense": NaN,
        "Other Operating Expenses": NaN,
        "Selling General And Administration": NaN,
        "General And Administrative Expense": NaN,
        "Other Gand A": NaN,
        "Gross Profit": NaN,
        "Cost Of Revenue": NaN,
        "Total Revenue": NaN,
        "Operating Revenue": NaN
    },
    "2022-09-30": {
        "Tax Effect Of Unusual Items": NaN,
        "Tax Rate For Calcs": NaN,
        "Normalized EBITDA": NaN,
        "Total Unusual Items": NaN,
        "Total Unusual Items Excluding Goodwill": NaN,
        "Net Income From Continuing Operation Net Minority Interest": NaN,
        "Reconciled Cost Of Revenue": NaN,
        "EBITDA": NaN,
        "EBIT": NaN,
        "Net Interest Income": 0.0,
        "Interest Expense": 0.0,
        "Interest Income": 0.0,
        "Normalized Income": NaN,
        "Net Income From Continuing And Discontinued Operation": NaN,
        "Total Expenses": NaN,
        "Total Operating Income As Reported": NaN,
        "Diluted Average Shares": 268320.0,
        "Basic Average Shares": 149145.0,
        "Diluted EPS": 1.5,
        "Basic EPS": 2.7,
        "Diluted NI Availto Com Stockholders": NaN,
        "Net Income Common Stockholders": NaN,
        "Otherunder Preferred Stock Dividend": NaN,
        "Preferred Stock Dividends": NaN,
        "Net Income": NaN,
        "Net Income Including Noncontrolling Interests": NaN,
        "Net Income Continuous Operations": NaN,
        "Pretax Income": NaN,
        "Other Income Expense": NaN,
        "Other Non Operating Income Expenses": NaN,
        "Gain On Sale Of Security": NaN,
        "Net Non Operating Interest Income Expense": 0.0,
        "Interest Expense Non Operating": 0.0,
        "Interest Income Non Operating": 0.0,
        "Operating Income": NaN,
        "Operating Expense": NaN,
        "Other Operating Expenses": NaN,
        "Selling General And Administration": NaN,
        "General And Administrative Expense": NaN,
        "Other Gand A": NaN,
        "Gross Profit": NaN,
        "Cost Of Revenue": NaN,
        "Total Revenue": NaN,
        "Operating Revenue": NaN
    },
    "2022-06-30": {
        "Tax Effect Of Unusual Items": 0.0,
        "Tax Rate For Calcs": 0.4,
        "Normalized EBITDA": 648000.0,
        "Total Unusual Items": NaN,
        "Total Unusual Items Excluding Goodwill": NaN,
        "Net Income From Continuing Operation Net Minority Interest": 648000.0,
        "Reconciled Cost Of Revenue": 3059000.0,
        "EBITDA": 648000.0,
        "EBIT": 648000.0,
        "Net Interest Income": 0.0,
        "Interest Expense": 0.0,
        "Interest Income": 0.0,
        "Normalized Income": 648000.0,
        "Net Income From Continuing And Discontinued Operation": 648000.0,
        "Total Expenses": 3918000.0,
        "Total Operating Income As Reported": 648000.0,
        "Diluted Average Shares": 149145.0,
        "Basic Average Shares": 149145.0,
        "Diluted EPS": 1.05,
        "Basic EPS": 1.05,
        "Diluted NI Availto Com Stockholders": 233000.0,
        "Net Income Common Stockholders": 233000.0,
        "Otherunder Preferred Stock Dividend": 144000.0,
        "Preferred Stock Dividends": 271000.0,
        "Net Income": 648000.0,
        "Net Income Including Noncontrolling Interests": 648000.0,
        "Net Income Continuous Operations": 648000.0,
        "Pretax Income": 648000.0,
        "Other Income Expense": NaN,
        "Gain On Sale Of Security": NaN,
        "Net Non Operating Interest Income Expense": 0.0,
        "Interest Expense Non Operating": 0.0,
        "Interest Income Non Operating": 0.0,
        "Operating Income": 648000.0,
        "Operating Expense": 859000.0,
        "Other Operating Expenses": 193000.0,
        "Selling General And Administration": 666000.0,
        "General And Administrative Expense": 666000.0,
        "Other Gand A": 666000.0,
        "Gross Profit": 1507000.0,
        "Cost Of Revenue": 3059000.0,
        "Total Revenue": 4566000.0,
        "Operating Revenue": 4566000.0
    },
    "2023-06-30": {
        "Tax Effect Of Unusual Items": NaN,
        "Tax Rate For Calcs": NaN,
        "Normalized EBITDA": NaN,
        "Total Unusual Items": 2757000.0,
        "Total Unusual Items Excluding Goodwill": 2757000.0,
        "Net Income From Continuing Operation Net Minority Interest": NaN,
        "Reconciled Cost Of Revenue": NaN,
        "EBITDA": NaN,
        "EBIT": NaN,
        "Net Interest Income": NaN,
        "Interest Expense": NaN,
        "Interest Income": NaN,
        "Normalized Income": NaN,
        "Net Income From Continuing And Discontinued Operation": NaN,
        "Total Expenses": NaN,
        "Total Operating Income As Reported": NaN,
        "Diluted Average Shares": NaN,
        "Basic Average Shares": NaN,
        "Diluted EPS": NaN,
        "Basic EPS": NaN,
        "Diluted NI Availto Com Stockholders": NaN,
        "Net Income Common Stockholders": NaN,
        "Otherunder Preferred Stock Dividend": 15000.0,
        "Preferred Stock Dividends": NaN,
        "Net Income": NaN,
        "Net Income Including Noncontrolling Interests": NaN,
        "Net Income Continuous Operations": NaN,
        "Pretax Income": NaN,
        "Other Income Expense": NaN,
        "Other Non Operating Income Expenses": NaN,
        "Special Income Charges": 0.0,
        "Write Off": 0.0,
        "Earnings From Equity Interest": 0.0,
        "Gain On Sale Of Security": 2757000.0,
        "Net Non Operating Interest Income Expense": NaN,
        "Interest Expense Non Operating": NaN,
        "Interest Income Non Operating": NaN,
        "Operating Income": NaN,
        "Operating Expense": NaN,
        "Other Operating Expenses": NaN,
        "Selling General And Administration": NaN,
        "General And Administrative Expense": NaN,
        "Other Gand A": NaN,
        "Gross Profit": NaN,
        "Cost Of Revenue": NaN,
        "Total Revenue": NaN,
        "Operating Revenue": NaN
    },
    "2023-09-30": {
        "Tax Effect Of Unusual Items": NaN,
        "Tax Rate For Calcs": NaN,
        "Normalized EBITDA": NaN,
        "Total Unusual Items": -113000.0,
        "Total Unusual Items Excluding Goodwill": -113000.0,
        "Net Income From Continuing Operation Net Minority Interest": NaN,
        "Reconciled Cost Of Revenue": NaN,
        "EBITDA": NaN,
        "EBIT": NaN,
        "Net Interest Income": NaN,
        "Interest Expense": NaN,
        "Interest Income": NaN,
        "Normalized Income": NaN,
        "Net Income From Continuing And Discontinued Operation": NaN,
        "Total Expenses": NaN,
        "Total Operating Income As Reported": NaN,
        "Diluted Average Shares": 3662049.0,
        "Basic Average Shares": 3659412.0,
        "Diluted EPS": -1.06,
        "Basic EPS": -1.06,
        "Diluted NI Availto Com Stockholders": NaN,
        "Net Income Common Stockholders": NaN,
        "Otherunder Preferred Stock Dividend": 0.0,
        "Preferred Stock Dividends": NaN,
        "Net Income": NaN,
        "Net Income Including Noncontrolling Interests": NaN,
        "Net Income Continuous Operations": NaN,
        "Pretax Income": NaN,
        "Other Income Expense": NaN,
        "Other Non Operating Income Expenses": NaN,
        "Special Income Charges": 0.0,
        "Write Off": 0.0,
        "Impairment Of Capital Assets": 0.0,
        "Earnings From Equity Interest": 0.0,
        "Gain On Sale Of Security": -113000.0,
        "Net Non Operating Interest Income Expense": NaN,
        "Interest Expense Non Operating": NaN,
        "Interest Income Non Operating": NaN,
        "Operating Income": NaN,
        "Operating Expense": NaN,
        "Other Operating Expenses": NaN,
        "Selling General And Administration": NaN,
        "General And Administrative Expense": NaN,
        "Other Gand A": NaN,
        "Gross Profit": NaN,
        "Cost Of Revenue": NaN,
        "Total Revenue": NaN,
        "Operating Revenue": NaN
    },
    "2023-12-31": {
        "Tax Effect Of Unusual Items": 0.0,
        "Tax Rate For Calcs": 0.22,
        "Normalized EBITDA": 58000.0,
        "Total Unusual Items": 0.0,
        "Total Unusual Items Excluding Goodwill": 0.0,
        "Net Income From Continuing Operation Net Minority Interest": 58000.0,
        "Reconciled Cost Of Revenue": 4091000.0,
        "EBITDA": 58000.0,
        "EBIT": 58000.0,
        "Net Interest Income": 139000.0,
        "Interest Expense": 0.0,
        "Interest Income": 139000.0,
        "Normalized Income": 58000.0,
        "Net Income From Continuing And Discontinued Operation": 58000.0,
        "Total Expenses": 5903000.0,
        "Total Operating Income As Reported": -95000.0,
        "Diluted Average Shares": 272547.0,
        "Basic Average Shares": 272547.0,
        "Diluted EPS": -10.5,
        "Basic EPS": -10.5,
        "Diluted NI Availto Com Stockholders": -9064000.0,
        "Net Income Common Stockholders": -2842000.0,
        "Otherunder Preferred Stock Dividend": 0.0,
        "Preferred Stock Dividends": 2900000.0,
        "Net Income": 58000.0,
        "Net Income Including Noncontrolling Interests": 58000.0,
        "Net Income Continuous Operations": 58000.0,
        "Pretax Income": 58000.0,
        "Other Income Expense": 14000.0,
        "Other Non Operating Income Expenses": 12000.0,
        "Special Income Charges": NaN,
        "Write Off": NaN,
        "Impairment Of Capital Assets": NaN,
        "Earnings From Equity Interest": NaN,
        "Gain On Sale Of Security": 0.0,
        "Net Non Operating Interest Income Expense": 139000.0,
        "Interest Expense Non Operating": 0.0,
        "Interest Income Non Operating": 139000.0,
        "Operating Income": -95000.0,
        "Operating Expense": 1812000.0,
        "Other Operating Expenses": 434000.0,
        "Selling General And Administration": 1378000.0,
        "General And Administrative Expense": 1378000.0,
        "Other Gand A": 1378000.0,
        "Gross Profit": 1717000.0,
        "Cost Of Revenue": 4091000.0,
        "Total Revenue": 5808000.0,
        "Operating Revenue": 5808000.0
    },
    "2024-03-31": {
        "Tax Effect Of Unusual Items": 0.0,
        "Tax Rate For Calcs": 0.0,
        "Normalized EBITDA": -1306000.0,
        "Total Unusual Items": NaN,
        "Total Unusual Items Excluding Goodwill": NaN,
        "Net Income From Continuing Operation Net Minority Interest": -1306000.0,
        "Reconciled Cost Of Revenue": 5195000.0,
        "EBITDA": -1306000.0,
        "EBIT": -1306000.0,
        "Net Interest Income": 135000.0,
        "Interest Expense": 0.0,
        "Interest Income": 135000.0,
        "Normalized Income": -1306000.0,
        "Net Income From Continuing And Discontinued Operation": -1306000.0,
        "Total Expenses": 7130000.0,
        "Total Operating Income As Reported": -1443000.0,
        "Diluted Average Shares": 298052.0,
        "Basic Average Shares": 298052.0,
        "Diluted EPS": -5.75,
        "Basic EPS": -5.75,
        "Diluted NI Availto Com Stockholders": -1698000.0,
        "Net Income Common Stockholders": -1698000.0,
        "Otherunder Preferred Stock Dividend": NaN,
        "Preferred Stock Dividends": 392000.0,
        "Net Income": -1306000.0,
        "Net Income Including Noncontrolling Interests": -1306000.0,
        "Net Income Continuous Operations": -1306000.0,
        "Pretax Income": -1306000.0,
        "Other Income Expense": 2000.0,
        "Other Non Operating Income Expenses": 7000.0,
        "Special Income Charges": NaN,
        "Write Off": NaN,
        "Impairment Of Capital Assets": NaN,
        "Earnings From Equity Interest": -5000.0,
        "Net Non Operating Interest Income Expense": 135000.0,
        "Interest Expense Non Operating": 0.0,
        "Interest Income Non Operating": 135000.0,
        "Operating Income": -1443000.0,
        "Operating Expense": 1935000.0,
        "Other Operating Expenses": 300000.0,
        "Selling General And Administration": 1635000.0,
        "General And Administrative Expense": 1635000.0,
        "Other Gand A": 1635000.0,
        "Gross Profit": 492000.0,
        "Cost Of Revenue": 5195000.0,
        "Total Revenue": 5687000.0,
        "Operating Revenue": 5687000.0
    },
    "2024-06-30": {
        "Tax Effect Of Unusual Items": 0.0,
        "Tax Rate For Calcs": 0.0,
        "Normalized EBITDA": -8205000.0,
        "Total Unusual Items": -1087000.0,
        "Total Unusual Items Excluding Goodwill": -1087000.0,
        "Net Income From Continuing Operation Net Minority Interest": -8205000.0,
        "Reconciled Cost Of Revenue": 5246000.0,
        "EBITDA": -8205000.0,
        "EBIT": -8205000.0,
        "Net Interest Income": 121000.0,
        "Interest Expense": 0.0,
        "Interest Income": 121000.0,
        "Normalized Income": -8205000.0,
        "Net Income From Continuing And Discontinued Operation": -8205000.0,
        "Total Expenses": 7224000.0,
        "Total Operating Income As Reported": -8324000.0,
        "Diluted Average Shares": 7451977.0,
        "Basic Average Shares": 7451977.0,
        "Diluted EPS": -1.16,
        "Basic EPS": -1.16,
        "Diluted NI Availto Com Stockholders": -8623000.0,
        "Net Income Common Stockholders": -8623000.0,
        "Otherunder Preferred Stock Dividend": 0.0,
        "Preferred Stock Dividends": 418000.0,
        "Net Income": -8205000.0,
        "Net Income Including Noncontrolling Interests": -8205000.0,
        "Net Income Continuous Operations": -8205000.0,
        "Pretax Income": -8205000.0,
        "Other Income Expense": -7839000.0,
        "Other Non Operating Income Expenses": -6742000.0,
        "Special Income Charges": -1087000.0,
        "Write Off": 1087000.0,
        "Impairment Of Capital Assets": NaN,
        "Earnings From Equity Interest": -10000.0,
        "Net Non Operating Interest Income Expense": 121000.0,
        "Interest Expense Non Operating": 0.0,
        "Interest Income Non Operating": 121000.0,
        "Operating Income": -487000.0,
        "Operating Expense": 1978000.0,
        "Other Operating Expenses": 326000.0,
        "Selling General And Administration": 1652000.0,
        "General And Administrative Expense": 1652000.0,
        "Other Gand A": 1652000.0,
        "Gross Profit": 1491000.0,
        "Cost Of Revenue": 5246000.0,
        "Total Revenue": 6737000.0,
        "Operating Revenue": 6737000.0
    },
    "2024-09-30": {
        "Tax Effect Of Unusual Items": 0.0,
        "Tax Rate For Calcs": 0.0,
        "Normalized EBITDA": -128000.0,
        "Total Unusual Items": 0.0,
        "Total Unusual Items Excluding Goodwill": 0.0,
        "Net Income From Continuing Operation Net Minority Interest": -162000.0,
        "Reconciled Cost Of Revenue": 5807000.0,
        "EBITDA": -128000.0,
        "EBIT": -128000.0,
        "Net Interest Income": 17000.0,
        "Interest Expense": 34000.0,
        "Interest Income": 51000.0,
        "Normalized Income": -162000.0,
        "Net Income From Continuing And Discontinued Operation": -162000.0,
        "Total Expenses": 7674000.0,
        "Total Operating Income As Reported": -177000.0,
        "Diluted Average Shares": 298079.0,
        "Basic Average Shares": 298079.0,
        "Diluted EPS": -2.0,
        "Basic EPS": -2.0,
        "Diluted NI Availto Com Stockholders": -616000.0,
        "Net Income Common Stockholders": -616000.0,
        "Otherunder Preferred Stock Dividend": NaN,
        "Preferred Stock Dividends": 454000.0,
        "Net Income": -162000.0,
        "Net Income Including Noncontrolling Interests": -162000.0,
        "Net Income Continuous Operations": -162000.0,
        "Pretax Income": -162000.0,
        "Other Income Expense": -2000.0,
        "Other Non Operating Income Expenses": 7000.0,
        "Special Income Charges": 0.0,
        "Write Off": 0.0,
        "Impairment Of Capital Assets": 0.0,
        "Earnings From Equity Interest": -9000.0,
        "Net Non Operating Interest Income Expense": 17000.0,
        "Interest Expense Non Operating": 34000.0,
        "Interest Income Non Operating": 51000.0,
        "Operating Income": -177000.0,
        "Operating Expense": 1867000.0,
        "Other Operating Expenses": 313000.0,
        "Selling General And Administration": 1554000.0,
        "General And Administrative Expense": 1554000.0,
        "Other Gand A": 1554000.0,
        "Gross Profit": 1690000.0,
        "Cost Of Revenue": 5807000.0,
        "Total Revenue": 7497000.0,
        "Operating Revenue": 7497000.0
    },
    "2024-12-31": {
        "Tax Effect Of Unusual Items": 0.0,
        "Tax Rate For Calcs": 0.0,
        "Normalized EBITDA": -3072000.0,
        "Total Unusual Items": -5042000.0,
        "Total Unusual Items Excluding Goodwill": -5042000.0,
        "Net Income From Continuing Operation Net Minority Interest": -8189000.0,
        "Reconciled Cost Of Revenue": 7146000.0,
        "EBITDA": -8114000.0,
        "EBIT": -8114000.0,
        "Net Interest Income": -70000.0,
        "Interest Expense": 75000.0,
        "Interest Income": 5000.0,
        "Normalized Income": -3147000.0,
        "Net Income From Continuing And Discontinued Operation": -8189000.0,
        "Total Expenses": 2090000.0,
        "Total Operating Income As Reported": -8101000.0,
        "Diluted Average Shares": 299991.0,
        "Basic Average Shares": 299991.0,
        "Diluted EPS": -29.25,
        "Basic EPS": -29.25,
        "Diluted NI Availto Com Stockholders": -8792000.0,
        "Net Income Common Stockholders": -8792000.0,
        "Otherunder Preferred Stock Dividend": NaN,
        "Preferred Stock Dividends": 603000.0,
        "Net Income": -8189000.0,
        "Net Income Including Noncontrolling Interests": -8189000.0,
        "Net Income Continuous Operations": -8189000.0,
        "Pretax Income": -8189000.0,
        "Other Income Expense": -11810000.0,
        "Other Non Operating Income Expenses": -6742000.0,
        "Special Income Charges": -5042000.0,
        "Write Off": 5035000.0,
        "Impairment Of Capital Assets": 5035000.0,
        "Earnings From Equity Interest": -26000.0,
        "Net Non Operating Interest Income Expense": -70000.0,
        "Interest Expense Non Operating": 75000.0,
        "Interest Income Non Operating": 5000.0,
        "Operating Income": 3691000.0,
        "Operating Expense": -5056000.0,
        "Other Operating Expenses": -6427000.0,
        "Selling General And Administration": 1371000.0,
        "General And Administrative Expense": 1371000.0,
        "Other Gand A": 1371000.0,
        "Gross Profit": -1365000.0,
        "Cost Of Revenue": 7146000.0,
        "Total Revenue": 5781000.0,
        "Operating Revenue": 5781000.0
    }
}