{
    "2023-03-31": {
        "Tax Effect Of Unusual Items": NaN,
        "Tax Rate For Calcs": NaN,
        "Normalized EBITDA": NaN,
        "Total Unusual Items": NaN,
        "Total Unusual Items Excluding Goodwill": NaN,
        "Net Income From Continuing Operation Net Minority Interest": NaN,
        "Reconciled Depreciation": NaN,
        "Reconciled Cost Of Revenue": NaN,
        "EBITDA": NaN,
        "EBIT": NaN,
        "Net Interest Income": NaN,
        "Interest Expense": NaN,
        "Interest Income": NaN,
        "Normalized Income": NaN,
        "Net Income From Continuing And Discontinued Operation": NaN,
        "Total Expenses": NaN,
        "Total Operating Income As Reported": NaN,
        "Diluted Average Shares": NaN,
        "Basic Average Shares": NaN,
        "Diluted EPS": NaN,
        "Basic EPS": NaN,
        "Diluted NI Availto Com Stockholders": NaN,
        "Net Income Common Stockholders": NaN,
        "Preferred Stock Dividends": NaN,
        "Net Income": NaN,
        "Minority Interests": NaN,
        "Net Income Including Noncontrolling Interests": NaN,
        "Net Income Continuous Operations": NaN,
        "Tax Provision": NaN,
        "Pretax Income": NaN,
        "Other Income Expense": NaN,
        "Other Non Operating Income Expenses": NaN,
        "Special Income Charges": NaN,
        "Gain On Sale Of Business": NaN,
        "Other Special Charges": NaN,
        "Restructuring And Mergern Acquisition": NaN,
        "Earnings From Equity Interest": NaN,
        "Gain On Sale Of Security": NaN,
        "Net Non Operating Interest Income Expense": NaN,
        "Total Other Finance Cost": NaN,
        "Interest Expense Non Operating": NaN,
        "Interest Income Non Operating": NaN,
        "Operating Income": NaN,
        "Operating Expense": NaN,
        "Other Operating Expenses": 154000.0,
        "Depreciation Amortization Depletion Income Statement": NaN,
        "Depreciation And Amortization In Income Statement": NaN,
        "Selling General And Administration": NaN,
        "General And Administrative Expense": 14349000.0,
        "Other Gand A": 14349000.0,
        "Gross Profit": NaN,
        "Cost Of Revenue": NaN,
        "Total Revenue": NaN,
        "Operating Revenue": NaN
    },
    "2022-12-31": {
        "Tax Effect Of Unusual Items": NaN,
        "Tax Rate For Calcs": NaN,
        "Normalized EBITDA": NaN,
        "Total Unusual Items": NaN,
        "Total Unusual Items Excluding Goodwill": NaN,
        "Net Income From Continuing Operation Net Minority Interest": NaN,
        "Reconciled Depreciation": NaN,
        "Reconciled Cost Of Revenue": NaN,
        "EBITDA": NaN,
        "EBIT": NaN,
        "Net Interest Income": NaN,
        "Interest Expense": NaN,
        "Interest Income": NaN,
        "Normalized Income": NaN,
        "Net Income From Continuing And Discontinued Operation": NaN,
        "Total Expenses": NaN,
        "Total Operating Income As Reported": NaN,
        "Diluted Average Shares": NaN,
        "Basic Average Shares": NaN,
        "Diluted EPS": NaN,
        "Basic EPS": NaN,
        "Diluted NI Availto Com Stockholders": NaN,
        "Net Income Common Stockholders": NaN,
        "Preferred Stock Dividends": NaN,
        "Net Income": NaN,
        "Minority Interests": NaN,
        "Net Income Including Noncontrolling Interests": NaN,
        "Net Income Continuous Operations": NaN,
        "Tax Provision": NaN,
        "Pretax Income": NaN,
        "Other Income Expense": NaN,
        "Other Non Operating Income Expenses": NaN,
        "Special Income Charges": NaN,
        "Gain On Sale Of Business": NaN,
        "Other Special Charges": NaN,
        "Restructuring And Mergern Acquisition": 0.0,
        "Earnings From Equity Interest": NaN,
        "Gain On Sale Of Security": NaN,
        "Net Non Operating Interest Income Expense": NaN,
        "Total Other Finance Cost": NaN,
        "Interest Expense Non Operating": NaN,
        "Interest Income Non Operating": NaN,
        "Operating Income": NaN,
        "Operating Expense": NaN,
        "Other Operating Expenses": NaN,
        "Depreciation Amortization Depletion Income Statement": NaN,
        "Depreciation And Amortization In Income Statement": NaN,
        "Selling General And Administration": NaN,
        "General And Administrative Expense": NaN,
        "Other Gand A": NaN,
        "Gross Profit": NaN,
        "Cost Of Revenue": NaN,
        "Total Revenue": NaN,
        "Operating Revenue": NaN
    },
    "2022-09-30": {
        "Tax Effect Of Unusual Items": NaN,
        "Tax Rate For Calcs": NaN,
        "Normalized EBITDA": NaN,
        "Total Unusual Items": NaN,
        "Total Unusual Items Excluding Goodwill": NaN,
        "Net Income From Continuing Operation Net Minority Interest": NaN,
        "Reconciled Depreciation": NaN,
        "Reconciled Cost Of Revenue": NaN,
        "EBITDA": NaN,
        "EBIT": NaN,
        "Net Interest Income": NaN,
        "Interest Expense": NaN,
        "Interest Income": NaN,
        "Normalized Income": NaN,
        "Net Income From Continuing And Discontinued Operation": NaN,
        "Total Expenses": NaN,
        "Total Operating Income As Reported": NaN,
        "Diluted Average Shares": 25823772.0,
        "Basic Average Shares": 25671390.0,
        "Diluted EPS": -0.06,
        "Basic EPS": -0.04,
        "Diluted NI Availto Com Stockholders": NaN,
        "Net Income Common Stockholders": NaN,
        "Otherunder Preferred Stock Dividend": 0.0,
        "Preferred Stock Dividends": NaN,
        "Net Income": NaN,
        "Minority Interests": NaN,
        "Net Income Including Noncontrolling Interests": NaN,
        "Net Income Continuous Operations": NaN,
        "Tax Provision": NaN,
        "Pretax Income": NaN,
        "Other Income Expense": NaN,
        "Other Non Operating Income Expenses": NaN,
        "Special Income Charges": NaN,
        "Gain On Sale Of Business": 0.0,
        "Other Special Charges": NaN,
        "Restructuring And Mergern Acquisition": -4365000.0,
        "Earnings From Equity Interest": NaN,
        "Gain On Sale Of Security": NaN,
        "Net Non Operating Interest Income Expense": NaN,
        "Total Other Finance Cost": NaN,
        "Interest Expense Non Operating": NaN,
        "Interest Income Non Operating": NaN,
        "Operating Income": NaN,
        "Operating Expense": NaN,
        "Other Operating Expenses": NaN,
        "Depreciation Amortization Depletion Income Statement": NaN,
        "Depreciation And Amortization In Income Statement": NaN,
        "Selling General And Administration": NaN,
        "General And Administrative Expense": NaN,
        "Other Gand A": NaN,
        "Gross Profit": NaN,
        "Cost Of Revenue": NaN,
        "Total Revenue": NaN,
        "Operating Revenue": NaN
    },
    "2022-06-30": {
        "Tax Effect Of Unusual Items": 1730016.0,
        "Tax Rate For Calcs": 0.4,
        "Normalized EBITDA": -6058683.0,
        "Total Unusual Items": 4325040.0,
        "Total Unusual Items Excluding Goodwill": 4325040.0,
        "Net Income From Continuing Operation Net Minority Interest": 3287155.0,
        "Reconciled Depreciation": 3710000.0,
        "Reconciled Cost Of Revenue": 39242000.0,
        "EBITDA": -1733643.0,
        "EBIT": -1733643.0,
        "Net Interest Income": -3365000.0,
        "Interest Expense": 3365000.0,
        "Interest Income": NaN,
        "Normalized Income": 692131.0,
        "Net Income From Continuing And Discontinued Operation": 3287155.0,
        "Total Expenses": 1733643.0,
        "Total Operating Income As Reported": -1733643.0,
        "Diluted Average Shares": 25171390.0,
        "Basic Average Shares": 25171390.0,
        "Diluted EPS": 0.0,
        "Basic EPS": 0.0,
        "Diluted NI Availto Com Stockholders": 3287155.0,
        "Net Income Common Stockholders": 3287155.0,
        "Otherunder Preferred Stock Dividend": NaN,
        "Preferred Stock Dividends": 1718000.0,
        "Net Income": 3287155.0,
        "Minority Interests": 2060000.0,
        "Net Income Including Noncontrolling Interests": 3287155.0,
        "Net Income Continuous Operations": 3287155.0,
        "Tax Provision": 0.0,
        "Pretax Income": 3287155.0,
        "Other Income Expense": 5020798.0,
        "Other Non Operating Income Expenses": 279890.0,
        "Special Income Charges": 0.0,
        "Other Special Charges": NaN,
        "Restructuring And Mergern Acquisition": NaN,
        "Earnings From Equity Interest": 415868.0,
        "Gain On Sale Of Security": 4325040.0,
        "Net Non Operating Interest Income Expense": -3365000.0,
        "Total Other Finance Cost": NaN,
        "Interest Expense Non Operating": 3365000.0,
        "Interest Income Non Operating": NaN,
        "Operating Income": -1733643.0,
        "Operating Expense": 1733643.0,
        "Depreciation Amortization Depletion Income Statement": 3325000.0,
        "Depreciation And Amortization In Income Statement": 3325000.0,
        "Selling General And Administration": 1733643.0,
        "General And Administrative Expense": 1733643.0,
        "Other Gand A": 1733643.0,
        "Gross Profit": 13590000.0,
        "Cost Of Revenue": 39627000.0,
        "Total Revenue": 0.0,
        "Operating Revenue": 0.0
    },
    "2022-03-31": {
        "Diluted EPS": 0.0,
        "Total Revenue": 49,
        "Gross Profit": 13,
        "Operating Income": -1,
        "EBIT": 3,
        "Net Income": NaN
    },
    "2021-12-31": {
        "Diluted EPS": 0.0,
        "Total Revenue": 119,
        "Gross Profit": 37,
        "Operating Income": 8,
        "EBIT": 12,
        "Net Income": 12
    },
    "2021-09-30": {
        "Diluted EPS": 0.0,
        "Total Revenue": 47,
        "Gross Profit": 14,
        "Operating Income": 3,
        "EBIT": 3,
        "Net Income": NaN
    },
    "2021-06-30": {
        "Diluted EPS": -0.3,
        "Total Revenue": NaN,
        "Gross Profit": NaN,
        "Operating Income": 0,
        "EBIT": 0,
        "Net Income": -12
    },
    "2021-03-31": {
        "Diluted EPS": -0.03,
        "Total Revenue": NaN,
        "Gross Profit": NaN,
        "Operating Income": 0,
        "EBIT": 0,
        "Net Income": 0
    },
    "2023-06-30": {
        "Tax Effect Of Unusual Items": NaN,
        "Tax Rate For Calcs": NaN,
        "Normalized EBITDA": NaN,
        "Total Unusual Items": NaN,
        "Total Unusual Items Excluding Goodwill": NaN,
        "Net Income From Continuing Operation Net Minority Interest": NaN,
        "Reconciled Depreciation": NaN,
        "Reconciled Cost Of Revenue": NaN,
        "EBITDA": NaN,
        "EBIT": NaN,
        "Net Interest Income": NaN,
        "Interest Expense": NaN,
        "Interest Income": NaN,
        "Normalized Income": NaN,
        "Net Income From Continuing And Discontinued Operation": NaN,
        "Total Expenses": NaN,
        "Total Operating Income As Reported": NaN,
        "Diluted Average Shares": 27248639.0,
        "Basic Average Shares": 26977682.0,
        "Diluted EPS": 0.66,
        "Basic EPS": 0.66,
        "Diluted NI Availto Com Stockholders": NaN,
        "Net Income Common Stockholders": NaN,
        "Preferred Stock Dividends": NaN,
        "Net Income": NaN,
        "Minority Interests": NaN,
        "Net Income Including Noncontrolling Interests": NaN,
        "Net Income Continuous Operations": NaN,
        "Tax Provision": NaN,
        "Pretax Income": NaN,
        "Other Income Expense": NaN,
        "Other Non Operating Income Expenses": NaN,
        "Special Income Charges": NaN,
        "Gain On Sale Of Business": NaN,
        "Other Special Charges": 1895000.0,
        "Restructuring And Mergern Acquisition": NaN,
        "Earnings From Equity Interest": NaN,
        "Gain On Sale Of Security": NaN,
        "Net Non Operating Interest Income Expense": NaN,
        "Total Other Finance Cost": NaN,
        "Interest Expense Non Operating": NaN,
        "Interest Income Non Operating": NaN,
        "Operating Income": NaN,
        "Operating Expense": NaN,
        "Other Operating Expenses": 129000.0,
        "Depreciation Amortization Depletion Income Statement": NaN,
        "Depreciation And Amortization In Income Statement": NaN,
        "Selling General And Administration": NaN,
        "General And Administrative Expense": 13224000.0,
        "Other Gand A": 13224000.0,
        "Gross Profit": NaN,
        "Cost Of Revenue": NaN,
        "Total Revenue": NaN,
        "Operating Revenue": NaN
    },
    "2023-09-30": {
        "Tax Effect Of Unusual Items": NaN,
        "Tax Rate For Calcs": NaN,
        "Normalized EBITDA": NaN,
        "Total Unusual Items": NaN,
        "Total Unusual Items Excluding Goodwill": NaN,
        "Net Income From Continuing Operation Net Minority Interest": NaN,
        "Reconciled Depreciation": NaN,
        "Reconciled Cost Of Revenue": NaN,
        "EBITDA": NaN,
        "EBIT": NaN,
        "Net Interest Income": NaN,
        "Interest Expense": NaN,
        "Interest Income": NaN,
        "Normalized Income": NaN,
        "Net Income From Continuing And Discontinued Operation": NaN,
        "Total Expenses": NaN,
        "Total Operating Income As Reported": NaN,
        "Diluted Average Shares": 26978969.0,
        "Basic Average Shares": 26978969.0,
        "Diluted EPS": -0.01,
        "Basic EPS": -0.01,
        "Diluted NI Availto Com Stockholders": NaN,
        "Net Income Common Stockholders": NaN,
        "Preferred Stock Dividends": NaN,
        "Net Income": NaN,
        "Minority Interests": NaN,
        "Net Income Including Noncontrolling Interests": NaN,
        "Net Income Continuous Operations": NaN,
        "Tax Provision": NaN,
        "Pretax Income": NaN,
        "Other Income Expense": NaN,
        "Other Non Operating Income Expenses": NaN,
        "Special Income Charges": NaN,
        "Gain On Sale Of Business": 0.0,
        "Other Special Charges": NaN,
        "Restructuring And Mergern Acquisition": 0.0,
        "Earnings From Equity Interest": NaN,
        "Gain On Sale Of Security": NaN,
        "Net Non Operating Interest Income Expense": NaN,
        "Total Other Finance Cost": NaN,
        "Interest Expense Non Operating": NaN,
        "Interest Income Non Operating": NaN,
        "Operating Income": NaN,
        "Operating Expense": NaN,
        "Other Operating Expenses": NaN,
        "Depreciation Amortization Depletion Income Statement": NaN,
        "Depreciation And Amortization In Income Statement": NaN,
        "Selling General And Administration": NaN,
        "General And Administrative Expense": NaN,
        "Other Gand A": NaN,
        "Gross Profit": NaN,
        "Cost Of Revenue": NaN,
        "Total Revenue": NaN,
        "Operating Revenue": NaN
    },
    "2023-12-31": {
        "Tax Effect Of Unusual Items": NaN,
        "Tax Rate For Calcs": NaN,
        "Normalized EBITDA": NaN,
        "Total Unusual Items": NaN,
        "Total Unusual Items Excluding Goodwill": NaN,
        "Net Income From Continuing Operation Net Minority Interest": NaN,
        "Reconciled Depreciation": NaN,
        "Reconciled Cost Of Revenue": NaN,
        "EBITDA": NaN,
        "EBIT": NaN,
        "Net Interest Income": NaN,
        "Interest Expense": NaN,
        "Interest Income": NaN,
        "Normalized Income": NaN,
        "Net Income From Continuing And Discontinued Operation": NaN,
        "Total Expenses": NaN,
        "Total Operating Income As Reported": NaN,
        "Diluted Average Shares": NaN,
        "Basic Average Shares": NaN,
        "Diluted EPS": NaN,
        "Basic EPS": NaN,
        "Diluted NI Availto Com Stockholders": NaN,
        "Net Income Common Stockholders": NaN,
        "Preferred Stock Dividends": NaN,
        "Net Income": NaN,
        "Minority Interests": NaN,
        "Net Income Including Noncontrolling Interests": NaN,
        "Net Income Continuous Operations": NaN,
        "Tax Provision": NaN,
        "Pretax Income": NaN,
        "Other Income Expense": NaN,
        "Other Non Operating Income Expenses": NaN,
        "Special Income Charges": NaN,
        "Gain On Sale Of Business": 0.0,
        "Other Special Charges": -658000.0,
        "Earnings From Equity Interest": NaN,
        "Gain On Sale Of Security": NaN,
        "Net Non Operating Interest Income Expense": NaN,
        "Total Other Finance Cost": NaN,
        "Interest Expense Non Operating": NaN,
        "Interest Income Non Operating": NaN,
        "Operating Income": NaN,
        "Operating Expense": NaN,
        "Other Operating Expenses": NaN,
        "Depreciation Amortization Depletion Income Statement": NaN,
        "Depreciation And Amortization In Income Statement": NaN,
        "Selling General And Administration": NaN,
        "General And Administrative Expense": NaN,
        "Other Gand A": NaN,
        "Gross Profit": NaN,
        "Cost Of Revenue": NaN,
        "Total Revenue": NaN,
        "Operating Revenue": NaN
    },
    "2024-03-31": {
        "Tax Effect Of Unusual Items": NaN,
        "Tax Rate For Calcs": NaN,
        "Normalized EBITDA": NaN,
        "Total Unusual Items": 403000.0,
        "Total Unusual Items Excluding Goodwill": 403000.0,
        "Net Income From Continuing Operation Net Minority Interest": NaN,
        "Reconciled Depreciation": NaN,
        "Reconciled Cost Of Revenue": NaN,
        "EBITDA": NaN,
        "EBIT": NaN,
        "Net Interest Income": NaN,
        "Interest Expense": NaN,
        "Interest Income": NaN,
        "Normalized Income": NaN,
        "Net Income From Continuing And Discontinued Operation": NaN,
        "Total Expenses": NaN,
        "Total Operating Income As Reported": NaN,
        "Diluted Average Shares": 27368204.0,
        "Basic Average Shares": 27368204.0,
        "Diluted EPS": -0.01,
        "Basic EPS": -0.01,
        "Diluted NI Availto Com Stockholders": NaN,
        "Net Income Common Stockholders": NaN,
        "Preferred Stock Dividends": NaN,
        "Net Income": NaN,
        "Minority Interests": NaN,
        "Net Income Including Noncontrolling Interests": NaN,
        "Net Income Continuous Operations": NaN,
        "Tax Provision": NaN,
        "Pretax Income": NaN,
        "Other Income Expense": NaN,
        "Other Non Operating Income Expenses": NaN,
        "Special Income Charges": -785000.0,
        "Gain On Sale Of Business": NaN,
        "Other Special Charges": 785000.0,
        "Earnings From Equity Interest": NaN,
        "Gain On Sale Of Security": 403000.0,
        "Net Non Operating Interest Income Expense": NaN,
        "Total Other Finance Cost": NaN,
        "Interest Expense Non Operating": NaN,
        "Interest Income Non Operating": NaN,
        "Operating Income": NaN,
        "Operating Expense": NaN,
        "Other Operating Expenses": NaN,
        "Depreciation Amortization Depletion Income Statement": NaN,
        "Depreciation And Amortization In Income Statement": NaN,
        "Selling General And Administration": NaN,
        "General And Administrative Expense": 13449000.0,
        "Other Gand A": 13449000.0,
        "Gross Profit": NaN,
        "Cost Of Revenue": NaN,
        "Total Revenue": NaN,
        "Operating Revenue": NaN
    },
    "2024-06-30": {
        "Tax Effect Of Unusual Items": 0.0,
        "Tax Rate For Calcs": 0.0,
        "Normalized EBITDA": 9536000.0,
        "Total Unusual Items": 776000.0,
        "Total Unusual Items Excluding Goodwill": 776000.0,
        "Net Income From Continuing Operation Net Minority Interest": 2465000.0,
        "Reconciled Depreciation": 3983000.0,
        "Reconciled Cost Of Revenue": 48444000.0,
        "EBITDA": 10312000.0,
        "EBIT": 6043000.0,
        "Net Interest Income": -4989000.0,
        "Interest Expense": 4135000.0,
        "Interest Income": 484000.0,
        "Normalized Income": 1689000.0,
        "Net Income From Continuing And Discontinued Operation": 2465000.0,
        "Total Expenses": 69061000.0,
        "Total Operating Income As Reported": 5689000.0,
        "Diluted Average Shares": 27674567.0,
        "Basic Average Shares": 27674567.0,
        "Diluted EPS": -0.01,
        "Basic EPS": -0.01,
        "Diluted NI Availto Com Stockholders": -153000.0,
        "Net Income Common Stockholders": -153000.0,
        "Preferred Stock Dividends": 2618000.0,
        "Net Income": 2465000.0,
        "Minority Interests": 557000.0,
        "Net Income Including Noncontrolling Interests": 1908000.0,
        "Net Income Continuous Operations": 1908000.0,
        "Tax Provision": 0.0,
        "Pretax Income": 1908000.0,
        "Other Income Expense": 5008000.0,
        "Other Non Operating Income Expenses": 432000.0,
        "Special Income Charges": 0.0,
        "Gain On Sale Of Business": 0.0,
        "Other Special Charges": NaN,
        "Earnings From Equity Interest": 3800000.0,
        "Gain On Sale Of Security": 776000.0,
        "Net Non Operating Interest Income Expense": -4989000.0,
        "Total Other Finance Cost": 1338000.0,
        "Interest Expense Non Operating": 4135000.0,
        "Interest Income Non Operating": 484000.0,
        "Operating Income": 1889000.0,
        "Operating Expense": 20903000.0,
        "Other Operating Expenses": 2935000.0,
        "Depreciation Amortization Depletion Income Statement": 4269000.0,
        "Depreciation And Amortization In Income Statement": 4269000.0,
        "Selling General And Administration": 13699000.0,
        "General And Administrative Expense": 13801000.0,
        "Other Gand A": 13801000.0,
        "Gross Profit": 22792000.0,
        "Cost Of Revenue": 48158000.0,
        "Total Revenue": 70950000.0,
        "Operating Revenue": 70950000.0
    },
    "2024-09-30": {
        "Tax Effect Of Unusual Items": 0.0,
        "Tax Rate For Calcs": 0.0,
        "Normalized EBITDA": 17354000.0,
        "Total Unusual Items": 638000.0,
        "Total Unusual Items Excluding Goodwill": 638000.0,
        "Net Income From Continuing Operation Net Minority Interest": 4979000.0,
        "Reconciled Depreciation": 5192000.0,
        "Reconciled Cost Of Revenue": 50873000.0,
        "EBITDA": 17992000.0,
        "EBIT": 12800000.0,
        "Net Interest Income": -5026000.0,
        "Interest Expense": 4599000.0,
        "Interest Income": 428000.0,
        "Normalized Income": 4341000.0,
        "Net Income From Continuing And Discontinued Operation": 4979000.0,
        "Total Expenses": 75560000.0,
        "Total Operating Income As Reported": 12309000.0,
        "Diluted Average Shares": 27743417.0,
        "Basic Average Shares": 27709203.0,
        "Diluted EPS": 0.09,
        "Basic EPS": 0.09,
        "Diluted NI Availto Com Stockholders": 2362000.0,
        "Net Income Common Stockholders": 2362000.0,
        "Preferred Stock Dividends": 2617000.0,
        "Net Income": 4979000.0,
        "Minority Interests": -12128000.0,
        "Net Income Including Noncontrolling Interests": 17107000.0,
        "Net Income Continuous Operations": 17107000.0,
        "Tax Provision": -8906000.0,
        "Pretax Income": 8201000.0,
        "Other Income Expense": 4740000.0,
        "Other Non Operating Income Expenses": 280000.0,
        "Special Income Charges": 349000.0,
        "Gain On Sale Of Business": 0.0,
        "Other Special Charges": -349000.0,
        "Earnings From Equity Interest": 3822000.0,
        "Gain On Sale Of Security": 289000.0,
        "Net Non Operating Interest Income Expense": -5026000.0,
        "Total Other Finance Cost": 855000.0,
        "Interest Expense Non Operating": 4599000.0,
        "Interest Income Non Operating": 428000.0,
        "Operating Income": 8487000.0,
        "Operating Expense": 24192000.0,
        "Other Operating Expenses": 6803000.0,
        "Depreciation Amortization Depletion Income Statement": 4697000.0,
        "Depreciation And Amortization In Income Statement": 4697000.0,
        "Selling General And Administration": 12692000.0,
        "General And Administrative Expense": NaN,
        "Other Gand A": NaN,
        "Gross Profit": 32679000.0,
        "Cost Of Revenue": 51368000.0,
        "Total Revenue": 84047000.0,
        "Operating Revenue": 84047000.0
    },
    "2024-12-31": {
        "Tax Effect Of Unusual Items": 0.0,
        "Tax Rate For Calcs": 0.0,
        "Normalized EBITDA": 7389000.0,
        "Total Unusual Items": -2237000.0,
        "Total Unusual Items Excluding Goodwill": -2237000.0,
        "Net Income From Continuing Operation Net Minority Interest": 1285000.0,
        "Reconciled Depreciation": 5231000.0,
        "Reconciled Cost Of Revenue": 52371000.0,
        "EBITDA": 5152000.0,
        "EBIT": -79000.0,
        "Net Interest Income": -5634000.0,
        "Interest Expense": 5288000.0,
        "Interest Income": 343000.0,
        "Normalized Income": 3522000.0,
        "Net Income From Continuing And Discontinued Operation": 1285000.0,
        "Total Expenses": 79760000.0,
        "Total Operating Income As Reported": -346000.0,
        "Diluted Average Shares": NaN,
        "Basic Average Shares": NaN,
        "Diluted EPS": NaN,
        "Basic EPS": NaN,
        "Diluted NI Availto Com Stockholders": -1332000.0,
        "Net Income Common Stockholders": -1332000.0,
        "Preferred Stock Dividends": 2617000.0,
        "Net Income": 1285000.0,
        "Minority Interests": 6652000.0,
        "Net Income Including Noncontrolling Interests": -5367000.0,
        "Net Income Continuous Operations": -5367000.0,
        "Tax Provision": 0.0,
        "Pretax Income": -5367000.0,
        "Other Income Expense": 4000.0,
        "Other Non Operating Income Expenses": 834000.0,
        "Special Income Charges": -2365000.0,
        "Gain On Sale Of Business": 0.0,
        "Other Special Charges": 8935000.0,
        "Earnings From Equity Interest": 1407000.0,
        "Gain On Sale Of Security": 128000.0,
        "Net Non Operating Interest Income Expense": -5634000.0,
        "Total Other Finance Cost": 689000.0,
        "Interest Expense Non Operating": 5288000.0,
        "Interest Income Non Operating": 343000.0,
        "Operating Income": 263000.0,
        "Operating Expense": 27366000.0,
        "Other Operating Expenses": 8586000.0,
        "Depreciation Amortization Depletion Income Statement": 5208000.0,
        "Depreciation And Amortization In Income Statement": 5208000.0,
        "Selling General And Administration": 13572000.0,
        "General And Administrative Expense": NaN,
        "Other Gand A": NaN,
        "Gross Profit": 27629000.0,
        "Cost Of Revenue": 52394000.0,
        "Total Revenue": 80023000.0,
        "Operating Revenue": 80023000.0
    },
    "2025-03-31": {
        "Tax Effect Of Unusual Items": 59010.0,
        "Tax Rate For Calcs": 0.21,
        "Normalized EBITDA": 4505000.0,
        "Total Unusual Items": 281000.0,
        "Total Unusual Items Excluding Goodwill": 281000.0,
        "Net Income From Continuing Operation Net Minority Interest": 2382000.0,
        "Reconciled Depreciation": 6026000.0,
        "Reconciled Cost Of Revenue": 58553000.0,
        "EBITDA": 4786000.0,
        "EBIT": -1240000.0,
        "Net Interest Income": -6065000.0,
        "Interest Expense": 5513000.0,
        "Interest Income": 385000.0,
        "Normalized Income": 2160010.0,
        "Net Income From Continuing And Discontinued Operation": 2382000.0,
        "Total Expenses": 86627000.0,
        "Total Operating Income As Reported": -1942000.0,
        "Diluted Average Shares": 27718912.0,
        "Basic Average Shares": 27718912.0,
        "Diluted EPS": -0.01,
        "Basic EPS": -0.01,
        "Diluted NI Availto Com Stockholders": -235000.0,
        "Net Income Common Stockholders": -235000.0,
        "Preferred Stock Dividends": 2617000.0,
        "Net Income": 2382000.0,
        "Minority Interests": 1098000.0,
        "Net Income Including Noncontrolling Interests": 1284000.0,
        "Net Income Continuous Operations": 1284000.0,
        "Tax Provision": -8037000.0,
        "Pretax Income": -6753000.0,
        "Other Income Expense": 532000.0,
        "Other Non Operating Income Expenses": 973000.0,
        "Special Income Charges": -6081000.0,
        "Gain On Sale Of Business": NaN,
        "Other Special Charges": 6081000.0,
        "Earnings From Equity Interest": -722000.0,
        "Gain On Sale Of Security": 281000.0,
        "Net Non Operating Interest Income Expense": -6065000.0,
        "Total Other Finance Cost": 937000.0,
        "Interest Expense Non Operating": 5513000.0,
        "Interest Income Non Operating": 385000.0,
        "Operating Income": -1220000.0,
        "Operating Expense": 27990000.0,
        "Other Operating Expenses": 6081000.0,
        "Depreciation Amortization Depletion Income Statement": 5942000.0,
        "Depreciation And Amortization In Income Statement": 5942000.0,
        "Selling General And Administration": 15967000.0,
        "General And Administrative Expense": NaN,
        "Other Gand A": NaN,
        "Gross Profit": 26770000.0,
        "Cost Of Revenue": 58637000.0,
        "Total Revenue": 85407000.0,
        "Operating Revenue": 85407000.0
    },
    "2025-06-30": {
        "Tax Effect Of Unusual Items": 0.0,
        "Tax Rate For Calcs": 0.21,
        "Normalized EBITDA": 4953000.0,
        "Total Unusual Items": NaN,
        "Total Unusual Items Excluding Goodwill": NaN,
        "Net Income From Continuing Operation Net Minority Interest": 3417000.0,
        "Reconciled Depreciation": 4960000.0,
        "Reconciled Cost Of Revenue": 57348000.0,
        "EBITDA": 4953000.0,
        "EBIT": -311000.0,
        "Net Interest Income": -6367000.0,
        "Interest Expense": 5816000.0,
        "Interest Income": 270000.0,
        "Normalized Income": 3417000.0,
        "Net Income From Continuing And Discontinued Operation": 3417000.0,
        "Total Expenses": 83245000.0,
        "Total Operating Income As Reported": -827000.0,
        "Diluted Average Shares": 29229245.0,
        "Basic Average Shares": 28265710.0,
        "Diluted EPS": 0.03,
        "Basic EPS": 0.03,
        "Diluted NI Availto Com Stockholders": 800000.0,
        "Net Income Common Stockholders": 800000.0,
        "Preferred Stock Dividends": 2617000.0,
        "Net Income": 3417000.0,
        "Minority Interests": -4142000.0,
        "Net Income Including Noncontrolling Interests": 7559000.0,
        "Net Income Continuous Operations": 7559000.0,
        "Tax Provision": -13686000.0,
        "Pretax Income": -6127000.0,
        "Other Income Expense": 3029000.0,
        "Other Non Operating Income Expenses": 1067000.0,
        "Special Income Charges": NaN,
        "Gain On Sale Of Business": NaN,
        "Other Special Charges": NaN,
        "Earnings From Equity Interest": 1962000.0,
        "Gain On Sale Of Security": NaN,
        "Net Non Operating Interest Income Expense": -6367000.0,
        "Total Other Finance Cost": 821000.0,
        "Interest Expense Non Operating": 5816000.0,
        "Interest Income Non Operating": 270000.0,
        "Operating Income": -2789000.0,
        "Operating Expense": 26201000.0,
        "Other Operating Expenses": 3477000.0,
        "Depreciation Amortization Depletion Income Statement": 5264000.0,
        "Depreciation And Amortization In Income Statement": 5264000.0,
        "Selling General And Administration": 17460000.0,
        "General And Administrative Expense": NaN,
        "Other Gand A": NaN,
        "Gross Profit": 23412000.0,
        "Cost Of Revenue": 57044000.0,
        "Total Revenue": 80456000.0,
        "Operating Revenue": 80456000.0
    }
}