{
    "2023-03-31": {
        "Tax Effect Of Unusual Items": NaN,
        "Tax Rate For Calcs": NaN,
        "Normalized EBITDA": NaN,
        "Total Unusual Items": NaN,
        "Total Unusual Items Excluding Goodwill": NaN,
        "Net Income From Continuing Operation Net Minority Interest": NaN,
        "Reconciled Depreciation": NaN,
        "Reconciled Cost Of Revenue": NaN,
        "EBITDA": NaN,
        "EBIT": NaN,
        "Net Interest Income": -11371000.0,
        "Interest Expense": 11371000.0,
        "Normalized Income": NaN,
        "Net Income From Continuing And Discontinued Operation": NaN,
        "Total Expenses": NaN,
        "Rent Expense Supplemental": NaN,
        "Total Operating Income As Reported": NaN,
        "Diluted Average Shares": NaN,
        "Basic Average Shares": NaN,
        "Diluted EPS": NaN,
        "Basic EPS": NaN,
        "Diluted NI Availto Com Stockholders": NaN,
        "Average Dilution Earnings": NaN,
        "Net Income Common Stockholders": NaN,
        "Net Income": NaN,
        "Minority Interests": NaN,
        "Net Income Including Noncontrolling Interests": NaN,
        "Net Income Continuous Operations": NaN,
        "Tax Provision": NaN,
        "Pretax Income": NaN,
        "Other Income Expense": NaN,
        "Other Non Operating Income Expenses": NaN,
        "Special Income Charges": -147000.0,
        "Gain On Sale Of Ppe": -147000.0,
        "Earnings From Equity Interest": NaN,
        "Gain On Sale Of Security": NaN,
        "Net Non Operating Interest Income Expense": -11371000.0,
        "Total Other Finance Cost": 764000.0,
        "Interest Expense Non Operating": 11371000.0,
        "Operating Income": NaN,
        "Operating Expense": NaN,
        "Other Operating Expenses": NaN,
        "Provision For Doubtful Accounts": NaN,
        "Depreciation Amortization Depletion Income Statement": NaN,
        "Depreciation And Amortization In Income Statement": NaN,
        "Selling General And Administration": NaN,
        "Selling And Marketing Expense": NaN,
        "General And Administrative Expense": NaN,
        "Other Gand A": NaN,
        "Rent And Landing Fees": NaN,
        "Salaries And Wages": 14521000.0,
        "Gross Profit": NaN,
        "Cost Of Revenue": NaN,
        "Total Revenue": NaN,
        "Operating Revenue": NaN
    },
    "2022-12-31": {
        "Tax Effect Of Unusual Items": NaN,
        "Tax Rate For Calcs": NaN,
        "Normalized EBITDA": NaN,
        "Total Unusual Items": NaN,
        "Total Unusual Items Excluding Goodwill": NaN,
        "Net Income From Continuing Operation Net Minority Interest": NaN,
        "Reconciled Depreciation": NaN,
        "Reconciled Cost Of Revenue": NaN,
        "EBITDA": NaN,
        "EBIT": NaN,
        "Net Interest Income": NaN,
        "Interest Expense": NaN,
        "Normalized Income": NaN,
        "Net Income From Continuing And Discontinued Operation": NaN,
        "Total Expenses": NaN,
        "Rent Expense Supplemental": NaN,
        "Total Operating Income As Reported": NaN,
        "Diluted Average Shares": NaN,
        "Basic Average Shares": NaN,
        "Diluted EPS": NaN,
        "Basic EPS": NaN,
        "Diluted NI Availto Com Stockholders": NaN,
        "Average Dilution Earnings": NaN,
        "Net Income Common Stockholders": NaN,
        "Net Income": NaN,
        "Minority Interests": NaN,
        "Net Income Including Noncontrolling Interests": NaN,
        "Net Income Continuous Operations": NaN,
        "Tax Provision": NaN,
        "Pretax Income": NaN,
        "Other Income Expense": NaN,
        "Other Non Operating Income Expenses": NaN,
        "Special Income Charges": -3571000.0,
        "Gain On Sale Of Ppe": NaN,
        "Gain On Sale Of Security": NaN,
        "Net Non Operating Interest Income Expense": NaN,
        "Total Other Finance Cost": 746000.0,
        "Interest Expense Non Operating": NaN,
        "Operating Income": NaN,
        "Operating Expense": NaN,
        "Other Operating Expenses": NaN,
        "Provision For Doubtful Accounts": NaN,
        "Depreciation Amortization Depletion Income Statement": NaN,
        "Depreciation And Amortization In Income Statement": NaN,
        "Selling General And Administration": NaN,
        "Selling And Marketing Expense": NaN,
        "General And Administrative Expense": NaN,
        "Other Gand A": NaN,
        "Rent And Landing Fees": NaN,
        "Salaries And Wages": 13229000.0,
        "Gross Profit": NaN,
        "Cost Of Revenue": NaN,
        "Total Revenue": NaN,
        "Operating Revenue": NaN
    },
    "2022-09-30": {
        "Tax Effect Of Unusual Items": NaN,
        "Tax Rate For Calcs": NaN,
        "Normalized EBITDA": NaN,
        "Total Unusual Items": NaN,
        "Total Unusual Items Excluding Goodwill": NaN,
        "Net Income From Continuing Operation Net Minority Interest": NaN,
        "Reconciled Depreciation": NaN,
        "Reconciled Cost Of Revenue": NaN,
        "EBITDA": NaN,
        "EBIT": NaN,
        "Net Interest Income": NaN,
        "Interest Expense": NaN,
        "Normalized Income": NaN,
        "Net Income From Continuing And Discontinued Operation": NaN,
        "Total Expenses": NaN,
        "Rent Expense Supplemental": NaN,
        "Total Operating Income As Reported": NaN,
        "Diluted Average Shares": 13972971.0,
        "Basic Average Shares": 13972971.0,
        "Diluted EPS": -0.04,
        "Basic EPS": -0.04,
        "Diluted NI Availto Com Stockholders": NaN,
        "Average Dilution Earnings": NaN,
        "Net Income Common Stockholders": NaN,
        "Net Income": NaN,
        "Minority Interests": NaN,
        "Net Income Including Noncontrolling Interests": NaN,
        "Net Income Continuous Operations": NaN,
        "Tax Provision": NaN,
        "Pretax Income": NaN,
        "Other Income Expense": NaN,
        "Other Non Operating Income Expenses": NaN,
        "Special Income Charges": 0.0,
        "Gain On Sale Of Ppe": NaN,
        "Gain On Sale Of Security": NaN,
        "Net Non Operating Interest Income Expense": NaN,
        "Total Other Finance Cost": 582000.0,
        "Interest Expense Non Operating": NaN,
        "Operating Income": NaN,
        "Operating Expense": NaN,
        "Other Operating Expenses": NaN,
        "Provision For Doubtful Accounts": NaN,
        "Depreciation Amortization Depletion Income Statement": NaN,
        "Depreciation And Amortization In Income Statement": NaN,
        "Selling General And Administration": NaN,
        "Selling And Marketing Expense": NaN,
        "General And Administrative Expense": NaN,
        "Other Gand A": NaN,
        "Rent And Landing Fees": NaN,
        "Salaries And Wages": 14600000.0,
        "Gross Profit": NaN,
        "Cost Of Revenue": NaN,
        "Total Revenue": NaN,
        "Operating Revenue": NaN
    },
    "2022-06-30": {
        "Tax Effect Of Unusual Items": -815997.0,
        "Tax Rate For Calcs": 0.021,
        "Normalized EBITDA": 59365000.0,
        "Total Unusual Items": -38857000.0,
        "Total Unusual Items Excluding Goodwill": -38857000.0,
        "Net Income From Continuing Operation Net Minority Interest": 3458000.0,
        "Reconciled Depreciation": 3366000.0,
        "Reconciled Cost Of Revenue": 18601000.0,
        "EBITDA": 20508000.0,
        "EBIT": 17142000.0,
        "Net Interest Income": -7878000.0,
        "Interest Expense": 7443000.0,
        "Normalized Income": 41499003.0,
        "Net Income From Continuing And Discontinued Operation": 3458000.0,
        "Total Expenses": 51441000.0,
        "Rent Expense Supplemental": 1071000.0,
        "Total Operating Income As Reported": 6402000.0,
        "Diluted Average Shares": 84283102.0,
        "Basic Average Shares": 13525101.0,
        "Diluted EPS": 0.1,
        "Basic EPS": 0.26,
        "Diluted NI Availto Com Stockholders": 8046000.0,
        "Average Dilution Earnings": 4588000.0,
        "Net Income Common Stockholders": 3458000.0,
        "Net Income": 3458000.0,
        "Minority Interests": -6039000.0,
        "Net Income Including Noncontrolling Interests": 9497000.0,
        "Net Income Continuous Operations": 9497000.0,
        "Tax Provision": 202000.0,
        "Pretax Income": 9699000.0,
        "Other Income Expense": -38857000.0,
        "Other Non Operating Income Expenses": NaN,
        "Special Income Charges": NaN,
        "Gain On Sale Of Ppe": NaN,
        "Gain On Sale Of Security": -38857000.0,
        "Net Non Operating Interest Income Expense": -7878000.0,
        "Total Other Finance Cost": 435000.0,
        "Interest Expense Non Operating": 7443000.0,
        "Operating Income": 56434000.0,
        "Operating Expense": 51441000.0,
        "Other Operating Expenses": 2439000.0,
        "Provision For Doubtful Accounts": 569000.0,
        "Depreciation Amortization Depletion Income Statement": 3366000.0,
        "Depreciation And Amortization In Income Statement": 3366000.0,
        "Selling General And Administration": 45067000.0,
        "Selling And Marketing Expense": 19079000.0,
        "General And Administrative Expense": 25988000.0,
        "Other Gand A": 9603000.0,
        "Rent And Landing Fees": 1071000.0,
        "Salaries And Wages": 15314000.0,
        "Gross Profit": 89274000.0,
        "Cost Of Revenue": 18601000.0,
        "Total Revenue": 107875000.0,
        "Operating Revenue": 107873000.0
    },
    "2022-03-31": {
        "Diluted EPS": 0.01,
        "Total Revenue": 51,
        "Gross Profit": 37,
        "Operating Income": -2,
        "EBIT": 9,
        "Net Income": 1
    },
    "2021-12-31": {
        "Diluted EPS": 0.19,
        "Total Revenue": 62,
        "Gross Profit": 44,
        "Operating Income": 3,
        "EBIT": 14,
        "Net Income": -31
    },
    "2021-09-30": {
        "Diluted EPS": 0.29,
        "Total Revenue": 73,
        "Gross Profit": 57,
        "Operating Income": 12,
        "EBIT": 21,
        "Net Income": 14
    },
    "2021-06-30": {
        "Diluted EPS": 0.0,
        "Total Revenue": 67,
        "Gross Profit": 56,
        "Operating Income": 18,
        "EBIT": 27,
        "Net Income": 18
    },
    "2021-03-31": {
        "Diluted EPS": 0.0,
        "Total Revenue": 62,
        "Gross Profit": 54,
        "Operating Income": 24,
        "EBIT": 32,
        "Net Income": 24
    },
    "2020-12-31": {
        "Diluted EPS": 0.0,
        "Total Revenue": NaN,
        "Gross Profit": NaN,
        "Operating Income": NaN,
        "EBIT": NaN,
        "Net Income": NaN
    },
    "2020-09-30": {
        "Diluted EPS": 0.0,
        "Total Revenue": 45,
        "Gross Profit": 43,
        "Operating Income": 19,
        "EBIT": 24,
        "Net Income": 19
    },
    "2019-12-31": {
        "Diluted EPS": 0.0,
        "Total Revenue": NaN,
        "Gross Profit": NaN,
        "Operating Income": NaN,
        "EBIT": NaN,
        "Net Income": NaN
    },
    "2023-06-30": {
        "Tax Effect Of Unusual Items": NaN,
        "Tax Rate For Calcs": NaN,
        "Normalized EBITDA": NaN,
        "Total Unusual Items": NaN,
        "Total Unusual Items Excluding Goodwill": NaN,
        "Net Income From Continuing Operation Net Minority Interest": NaN,
        "Reconciled Depreciation": NaN,
        "Reconciled Cost Of Revenue": NaN,
        "EBITDA": NaN,
        "EBIT": NaN,
        "Net Interest Income": -11231000.0,
        "Interest Expense": 10717000.0,
        "Normalized Income": NaN,
        "Net Income From Continuing And Discontinued Operation": NaN,
        "Total Expenses": NaN,
        "Rent Expense Supplemental": NaN,
        "Total Operating Income As Reported": NaN,
        "Diluted Average Shares": 15873753.0,
        "Basic Average Shares": 15632120.0,
        "Diluted EPS": 0.14,
        "Basic EPS": 0.14,
        "Diluted NI Availto Com Stockholders": NaN,
        "Average Dilution Earnings": NaN,
        "Net Income Common Stockholders": NaN,
        "Net Income": NaN,
        "Minority Interests": NaN,
        "Net Income Including Noncontrolling Interests": NaN,
        "Net Income Continuous Operations": NaN,
        "Tax Provision": NaN,
        "Pretax Income": NaN,
        "Other Income Expense": NaN,
        "Other Non Operating Income Expenses": NaN,
        "Special Income Charges": NaN,
        "Gain On Sale Of Ppe": NaN,
        "Earnings From Equity Interest": NaN,
        "Gain On Sale Of Security": NaN,
        "Net Non Operating Interest Income Expense": -11231000.0,
        "Total Other Finance Cost": 514000.0,
        "Interest Expense Non Operating": 10717000.0,
        "Operating Income": NaN,
        "Operating Expense": NaN,
        "Other Operating Expenses": NaN,
        "Provision For Doubtful Accounts": NaN,
        "Depreciation Amortization Depletion Income Statement": NaN,
        "Depreciation And Amortization In Income Statement": NaN,
        "Selling General And Administration": NaN,
        "Selling And Marketing Expense": NaN,
        "General And Administrative Expense": NaN,
        "Other Gand A": NaN,
        "Rent And Landing Fees": NaN,
        "Gross Profit": NaN,
        "Cost Of Revenue": NaN,
        "Total Revenue": NaN,
        "Operating Revenue": NaN
    },
    "2023-09-30": {
        "Tax Effect Of Unusual Items": NaN,
        "Tax Rate For Calcs": NaN,
        "Normalized EBITDA": NaN,
        "Total Unusual Items": NaN,
        "Total Unusual Items Excluding Goodwill": NaN,
        "Net Income From Continuing Operation Net Minority Interest": NaN,
        "Reconciled Depreciation": NaN,
        "Reconciled Cost Of Revenue": NaN,
        "EBITDA": NaN,
        "EBIT": NaN,
        "Net Interest Income": -12077000.0,
        "Interest Expense": 11483000.0,
        "Normalized Income": NaN,
        "Net Income From Continuing And Discontinued Operation": NaN,
        "Total Expenses": NaN,
        "Rent Expense Supplemental": NaN,
        "Total Operating Income As Reported": NaN,
        "Diluted Average Shares": NaN,
        "Basic Average Shares": NaN,
        "Diluted EPS": NaN,
        "Basic EPS": NaN,
        "Diluted NI Availto Com Stockholders": NaN,
        "Average Dilution Earnings": NaN,
        "Net Income Common Stockholders": NaN,
        "Net Income": NaN,
        "Minority Interests": NaN,
        "Net Income Including Noncontrolling Interests": NaN,
        "Net Income Continuous Operations": NaN,
        "Tax Provision": NaN,
        "Pretax Income": NaN,
        "Other Income Expense": NaN,
        "Other Non Operating Income Expenses": NaN,
        "Special Income Charges": NaN,
        "Gain On Sale Of Ppe": NaN,
        "Earnings From Equity Interest": 0.0,
        "Gain On Sale Of Security": NaN,
        "Net Non Operating Interest Income Expense": -12077000.0,
        "Total Other Finance Cost": 594000.0,
        "Interest Expense Non Operating": 11483000.0,
        "Operating Income": NaN,
        "Operating Expense": NaN,
        "Other Operating Expenses": NaN,
        "Provision For Doubtful Accounts": NaN,
        "Depreciation Amortization Depletion Income Statement": NaN,
        "Depreciation And Amortization In Income Statement": NaN,
        "Selling General And Administration": NaN,
        "Selling And Marketing Expense": NaN,
        "General And Administrative Expense": NaN,
        "Other Gand A": NaN,
        "Rent And Landing Fees": NaN,
        "Gross Profit": NaN,
        "Cost Of Revenue": NaN,
        "Total Revenue": NaN,
        "Operating Revenue": NaN
    },
    "2023-12-31": {
        "Tax Effect Of Unusual Items": NaN,
        "Tax Rate For Calcs": NaN,
        "Normalized EBITDA": NaN,
        "Total Unusual Items": NaN,
        "Total Unusual Items Excluding Goodwill": NaN,
        "Net Income From Continuing Operation Net Minority Interest": NaN,
        "Reconciled Depreciation": NaN,
        "Reconciled Cost Of Revenue": NaN,
        "EBITDA": NaN,
        "EBIT": NaN,
        "Net Interest Income": 34679000.0,
        "Interest Expense": -32807000.0,
        "Normalized Income": NaN,
        "Net Income From Continuing And Discontinued Operation": NaN,
        "Total Expenses": NaN,
        "Rent Expense Supplemental": NaN,
        "Total Operating Income As Reported": NaN,
        "Diluted Average Shares": NaN,
        "Basic Average Shares": NaN,
        "Diluted EPS": NaN,
        "Basic EPS": NaN,
        "Diluted NI Availto Com Stockholders": NaN,
        "Average Dilution Earnings": NaN,
        "Net Income Common Stockholders": NaN,
        "Net Income": NaN,
        "Minority Interests": NaN,
        "Net Income Including Noncontrolling Interests": NaN,
        "Net Income Continuous Operations": NaN,
        "Tax Provision": NaN,
        "Pretax Income": NaN,
        "Other Income Expense": NaN,
        "Other Non Operating Income Expenses": NaN,
        "Special Income Charges": -100000.0,
        "Gain On Sale Of Ppe": NaN,
        "Earnings From Equity Interest": NaN,
        "Gain On Sale Of Security": NaN,
        "Net Non Operating Interest Income Expense": 34679000.0,
        "Interest Expense Non Operating": -32807000.0,
        "Operating Income": NaN,
        "Operating Expense": NaN,
        "Other Operating Expenses": NaN,
        "Provision For Doubtful Accounts": NaN,
        "Depreciation Amortization Depletion Income Statement": NaN,
        "Depreciation And Amortization In Income Statement": NaN,
        "Selling General And Administration": NaN,
        "Selling And Marketing Expense": NaN,
        "General And Administrative Expense": NaN,
        "Other Gand A": NaN,
        "Rent And Landing Fees": NaN,
        "Gross Profit": NaN,
        "Cost Of Revenue": NaN,
        "Total Revenue": NaN,
        "Operating Revenue": NaN
    },
    "2024-03-31": {
        "Tax Effect Of Unusual Items": NaN,
        "Tax Rate For Calcs": NaN,
        "Normalized EBITDA": NaN,
        "Total Unusual Items": NaN,
        "Total Unusual Items Excluding Goodwill": NaN,
        "Net Income From Continuing Operation Net Minority Interest": NaN,
        "Reconciled Depreciation": NaN,
        "Reconciled Cost Of Revenue": NaN,
        "EBITDA": NaN,
        "EBIT": NaN,
        "Net Interest Income": -11430000.0,
        "Interest Expense": 11430000.0,
        "Normalized Income": NaN,
        "Net Income From Continuing And Discontinued Operation": NaN,
        "Total Expenses": NaN,
        "Rent Expense Supplemental": NaN,
        "Total Operating Income As Reported": NaN,
        "Diluted Average Shares": NaN,
        "Basic Average Shares": NaN,
        "Diluted EPS": NaN,
        "Basic EPS": NaN,
        "Diluted NI Availto Com Stockholders": NaN,
        "Average Dilution Earnings": NaN,
        "Net Income Common Stockholders": NaN,
        "Net Income": NaN,
        "Minority Interests": NaN,
        "Net Income Including Noncontrolling Interests": NaN,
        "Net Income Continuous Operations": NaN,
        "Tax Provision": NaN,
        "Pretax Income": NaN,
        "Other Income Expense": NaN,
        "Other Non Operating Income Expenses": NaN,
        "Special Income Charges": 0.0,
        "Gain On Sale Of Ppe": 0.0,
        "Earnings From Equity Interest": NaN,
        "Gain On Sale Of Security": NaN,
        "Net Non Operating Interest Income Expense": -11430000.0,
        "Interest Expense Non Operating": 11430000.0,
        "Operating Income": NaN,
        "Operating Expense": NaN,
        "Other Operating Expenses": NaN,
        "Provision For Doubtful Accounts": NaN,
        "Depreciation Amortization Depletion Income Statement": NaN,
        "Depreciation And Amortization In Income Statement": NaN,
        "Selling General And Administration": NaN,
        "Selling And Marketing Expense": NaN,
        "General And Administrative Expense": NaN,
        "Other Gand A": NaN,
        "Rent And Landing Fees": NaN,
        "Gross Profit": NaN,
        "Cost Of Revenue": NaN,
        "Total Revenue": NaN,
        "Operating Revenue": NaN
    },
    "2024-06-30": {
        "Tax Effect Of Unusual Items": -31201.958727,
        "Tax Rate For Calcs": 0.031969,
        "Normalized EBITDA": 72972000.0,
        "Total Unusual Items": -976000.0,
        "Total Unusual Items Excluding Goodwill": -976000.0,
        "Net Income From Continuing Operation Net Minority Interest": 3066000.0,
        "Reconciled Depreciation": 2490000.0,
        "Reconciled Cost Of Revenue": 27191000.0,
        "EBITDA": 71996000.0,
        "EBIT": 69506000.0,
        "Net Interest Income": NaN,
        "Interest Expense": NaN,
        "Normalized Income": 4010798.041273,
        "Net Income From Continuing And Discontinued Operation": 3066000.0,
        "Total Expenses": 56798000.0,
        "Rent Expense Supplemental": 1042000.0,
        "Total Operating Income As Reported": 29487000.0,
        "Diluted Average Shares": 19675934.0,
        "Basic Average Shares": 19675934.0,
        "Diluted EPS": 0.16,
        "Basic EPS": 0.16,
        "Diluted NI Availto Com Stockholders": 3066000.0,
        "Average Dilution Earnings": 0.0,
        "Net Income Common Stockholders": 3066000.0,
        "Net Income": 3066000.0,
        "Minority Interests": -24610000.0,
        "Net Income Including Noncontrolling Interests": 27676000.0,
        "Net Income Continuous Operations": 27676000.0,
        "Tax Provision": 914000.0,
        "Pretax Income": 28590000.0,
        "Other Income Expense": -40916000.0,
        "Other Non Operating Income Expenses": -39940000.0,
        "Special Income Charges": NaN,
        "Gain On Sale Of Ppe": NaN,
        "Earnings From Equity Interest": 0.0,
        "Gain On Sale Of Security": -976000.0,
        "Net Non Operating Interest Income Expense": NaN,
        "Interest Expense Non Operating": NaN,
        "Operating Income": 69506000.0,
        "Operating Expense": 29607000.0,
        "Other Operating Expenses": 4606000.0,
        "Provision For Doubtful Accounts": 4000.0,
        "Depreciation Amortization Depletion Income Statement": 2490000.0,
        "Depreciation And Amortization In Income Statement": 2490000.0,
        "Selling General And Administration": 22507000.0,
        "Selling And Marketing Expense": 12808000.0,
        "General And Administrative Expense": 9699000.0,
        "Other Gand A": 8657000.0,
        "Rent And Landing Fees": 1042000.0,
        "Gross Profit": 99113000.0,
        "Cost Of Revenue": 27191000.0,
        "Total Revenue": 126304000.0,
        "Operating Revenue": 125076000.0
    },
    "2024-09-30": {
        "Tax Effect Of Unusual Items": -96815.0,
        "Tax Rate For Calcs": 0.067,
        "Normalized EBITDA": 84242000.0,
        "Total Unusual Items": -1445000.0,
        "Total Unusual Items Excluding Goodwill": -1445000.0,
        "Net Income From Continuing Operation Net Minority Interest": 4264000.0,
        "Reconciled Depreciation": 2280000.0,
        "Reconciled Cost Of Revenue": 25088000.0,
        "EBITDA": 82797000.0,
        "EBIT": 80517000.0,
        "Normalized Income": 5612185.0,
        "Net Income From Continuing And Discontinued Operation": 4264000.0,
        "Total Expenses": 56076000.0,
        "Rent Expense Supplemental": 1005000.0,
        "Total Operating Income As Reported": 35092000.0,
        "Diluted Average Shares": 20248004.0,
        "Basic Average Shares": 20248004.0,
        "Diluted EPS": 0.21,
        "Basic EPS": 0.21,
        "Diluted NI Availto Com Stockholders": 4264000.0,
        "Average Dilution Earnings": 0.0,
        "Net Income Common Stockholders": 4264000.0,
        "Net Income": 4264000.0,
        "Minority Interests": -27793000.0,
        "Net Income Including Noncontrolling Interests": 32057000.0,
        "Net Income Continuous Operations": 32057000.0,
        "Tax Provision": 2297000.0,
        "Pretax Income": 34354000.0,
        "Other Income Expense": -46163000.0,
        "Other Non Operating Income Expenses": -45345000.0,
        "Earnings From Equity Interest": 627000.0,
        "Gain On Sale Of Security": -1445000.0,
        "Operating Income": 80517000.0,
        "Operating Expense": 30988000.0,
        "Other Operating Expenses": 4827000.0,
        "Provision For Doubtful Accounts": 3000.0,
        "Depreciation Amortization Depletion Income Statement": 2280000.0,
        "Depreciation And Amortization In Income Statement": 2280000.0,
        "Selling General And Administration": 23878000.0,
        "Selling And Marketing Expense": 13570000.0,
        "General And Administrative Expense": 10308000.0,
        "Other Gand A": 9303000.0,
        "Rent And Landing Fees": 1005000.0,
        "Gross Profit": 111505000.0,
        "Cost Of Revenue": 25088000.0,
        "Total Revenue": 136593000.0,
        "Operating Revenue": 135535000.0
    },
    "2024-12-31": {
        "Tax Effect Of Unusual Items": -452645.302958,
        "Tax Rate For Calcs": 0.041172,
        "Normalized EBITDA": 92690000.0,
        "Total Unusual Items": -10994000.0,
        "Total Unusual Items Excluding Goodwill": -10994000.0,
        "Net Income From Continuing Operation Net Minority Interest": -5609000.0,
        "Reconciled Depreciation": 2126000.0,
        "Reconciled Cost Of Revenue": 25476000.0,
        "EBITDA": 81696000.0,
        "EBIT": 79570000.0,
        "Normalized Income": 4932354.697042,
        "Net Income From Continuing And Discontinued Operation": -5609000.0,
        "Total Expenses": 56153000.0,
        "Rent Expense Supplemental": 1041000.0,
        "Total Operating Income As Reported": 24673000.0,
        "Diluted Average Shares": 21442460.0,
        "Basic Average Shares": 21442460.0,
        "Diluted EPS": -0.26,
        "Basic EPS": -0.26,
        "Diluted NI Availto Com Stockholders": -5987000.0,
        "Average Dilution Earnings": -378000.0,
        "Net Income Common Stockholders": -5609000.0,
        "Net Income": -5609000.0,
        "Minority Interests": -19582000.0,
        "Net Income Including Noncontrolling Interests": 13973000.0,
        "Net Income Continuous Operations": 13973000.0,
        "Tax Provision": 600000.0,
        "Pretax Income": 14573000.0,
        "Other Income Expense": -64997000.0,
        "Other Non Operating Income Expenses": -54818000.0,
        "Earnings From Equity Interest": 815000.0,
        "Gain On Sale Of Security": -10994000.0,
        "Operating Income": 79570000.0,
        "Operating Expense": 30677000.0,
        "Other Operating Expenses": 4778000.0,
        "Provision For Doubtful Accounts": 8000.0,
        "Depreciation Amortization Depletion Income Statement": 2126000.0,
        "Depreciation And Amortization In Income Statement": 2126000.0,
        "Selling General And Administration": 23765000.0,
        "Selling And Marketing Expense": 13318000.0,
        "General And Administrative Expense": 10447000.0,
        "Other Gand A": 9406000.0,
        "Rent And Landing Fees": 1041000.0,
        "Gross Profit": 110247000.0,
        "Cost Of Revenue": 25476000.0,
        "Total Revenue": 135723000.0,
        "Operating Revenue": 134337000.0
    },
    "2025-03-31": {
        "Tax Effect Of Unusual Items": -1620525.0,
        "Tax Rate For Calcs": 0.075,
        "Normalized EBITDA": 115317000.0,
        "Total Unusual Items": -21607000.0,
        "Total Unusual Items Excluding Goodwill": -21607000.0,
        "Net Income From Continuing Operation Net Minority Interest": -11372000.0,
        "Reconciled Depreciation": 1760000.0,
        "Reconciled Cost Of Revenue": 24025000.0,
        "EBITDA": 93710000.0,
        "EBIT": 91950000.0,
        "Normalized Income": 8614475.0,
        "Net Income From Continuing And Discontinued Operation": -11372000.0,
        "Total Expenses": 48318000.0,
        "Rent Expense Supplemental": 1039000.0,
        "Total Operating Income As Reported": 42492000.0,
        "Diluted Average Shares": 23691769.0,
        "Basic Average Shares": 23691769.0,
        "Diluted EPS": -0.48,
        "Basic EPS": -0.48,
        "Diluted NI Availto Com Stockholders": -11372000.0,
        "Average Dilution Earnings": 0.0,
        "Net Income Common Stockholders": -11372000.0,
        "Net Income": -11372000.0,
        "Minority Interests": -31762000.0,
        "Net Income Including Noncontrolling Interests": 20390000.0,
        "Net Income Continuous Operations": 20390000.0,
        "Tax Provision": 1651000.0,
        "Pretax Income": 22041000.0,
        "Other Income Expense": -69909000.0,
        "Other Non Operating Income Expenses": -49378000.0,
        "Earnings From Equity Interest": 1076000.0,
        "Gain On Sale Of Security": -21607000.0,
        "Operating Income": 91950000.0,
        "Operating Expense": 24293000.0,
        "Other Operating Expenses": 3143000.0,
        "Provision For Doubtful Accounts": 0.0,
        "Depreciation Amortization Depletion Income Statement": 1760000.0,
        "Depreciation And Amortization In Income Statement": 1760000.0,
        "Selling General And Administration": 19390000.0,
        "Selling And Marketing Expense": 10288000.0,
        "General And Administrative Expense": 9102000.0,
        "Other Gand A": 8063000.0,
        "Rent And Landing Fees": 1039000.0,
        "Gross Profit": 116243000.0,
        "Cost Of Revenue": 24025000.0,
        "Total Revenue": 140268000.0,
        "Operating Revenue": 139118000.0
    },
    "2025-06-30": {
        "Tax Effect Of Unusual Items": -3197184.0,
        "Tax Rate For Calcs": 0.096,
        "Normalized EBITDA": 121811000.0,
        "Total Unusual Items": -33304000.0,
        "Total Unusual Items Excluding Goodwill": -33304000.0,
        "Net Income From Continuing Operation Net Minority Interest": -20780000.0,
        "Reconciled Depreciation": 1502000.0,
        "Reconciled Cost Of Revenue": 27393000.0,
        "EBITDA": 88507000.0,
        "EBIT": 87005000.0,
        "Normalized Income": 9326816.0,
        "Net Income From Continuing And Discontinued Operation": -20780000.0,
        "Total Expenses": 55438000.0,
        "Rent Expense Supplemental": 1030000.0,
        "Total Operating Income As Reported": 44808000.0,
        "Diluted Average Shares": 26610330.0,
        "Basic Average Shares": 26610330.0,
        "Diluted EPS": -0.78,
        "Basic EPS": -0.78,
        "Diluted NI Availto Com Stockholders": -20780000.0,
        "Average Dilution Earnings": 0.0,
        "Net Income Common Stockholders": -20780000.0,
        "Net Income": -20780000.0,
        "Minority Interests": -32260000.0,
        "Net Income Including Noncontrolling Interests": 11480000.0,
        "Net Income Continuous Operations": 11480000.0,
        "Tax Provision": 1224000.0,
        "Pretax Income": 12704000.0,
        "Other Income Expense": -74301000.0,
        "Other Non Operating Income Expenses": -42118000.0,
        "Earnings From Equity Interest": 1121000.0,
        "Gain On Sale Of Security": -33304000.0,
        "Operating Income": 87005000.0,
        "Operating Expense": 28045000.0,
        "Other Operating Expenses": 4908000.0,
        "Provision For Doubtful Accounts": 0.0,
        "Depreciation Amortization Depletion Income Statement": 1502000.0,
        "Depreciation And Amortization In Income Statement": 1502000.0,
        "Selling General And Administration": 21635000.0,
        "Selling And Marketing Expense": 11890000.0,
        "General And Administrative Expense": 9745000.0,
        "Other Gand A": 8715000.0,
        "Rent And Landing Fees": 1030000.0,
        "Gross Profit": 115050000.0,
        "Cost Of Revenue": 27393000.0,
        "Total Revenue": 142443000.0,
        "Operating Revenue": 141144000.0
    },
    "2025-09-30": {
        "Tax Effect Of Unusual Items": 2186472.0,
        "Tax Rate For Calcs": 0.069,
        "Normalized EBITDA": 68422000.0,
        "Total Unusual Items": 31688000.0,
        "Total Unusual Items Excluding Goodwill": 31688000.0,
        "Net Income From Continuing Operation Net Minority Interest": 41635000.0,
        "Reconciled Depreciation": 1133000.0,
        "Reconciled Cost Of Revenue": 24592000.0,
        "EBITDA": 100110000.0,
        "EBIT": 98977000.0,
        "Normalized Income": 12133472.0,
        "Net Income From Continuing And Discontinued Operation": 41635000.0,
        "Total Expenses": 56112000.0,
        "Rent Expense Supplemental": 1030000.0,
        "Total Operating Income As Reported": 48445000.0,
        "Diluted Average Shares": 88236591.0,
        "Basic Average Shares": 28163404.0,
        "Diluted EPS": 0.77,
        "Basic EPS": 1.48,
        "Diluted NI Availto Com Stockholders": 67886000.0,
        "Average Dilution Earnings": 26251000.0,
        "Net Income Common Stockholders": 41635000.0,
        "Net Income": 41635000.0,
        "Minority Interests": -34298000.0,
        "Net Income Including Noncontrolling Interests": 75933000.0,
        "Net Income Continuous Operations": 75933000.0,
        "Tax Provision": 5647000.0,
        "Pretax Income": 81580000.0,
        "Other Income Expense": -17397000.0,
        "Other Non Operating Income Expenses": -50450000.0,
        "Earnings From Equity Interest": 1365000.0,
        "Gain On Sale Of Security": 31688000.0,
        "Operating Income": 98977000.0,
        "Operating Expense": 31520000.0,
        "Other Operating Expenses": 4843000.0,
        "Provision For Doubtful Accounts": 0.0,
        "Depreciation Amortization Depletion Income Statement": 1133000.0,
        "Depreciation And Amortization In Income Statement": 1133000.0,
        "Selling General And Administration": 25544000.0,
        "Selling And Marketing Expense": 14514000.0,
        "General And Administrative Expense": 11030000.0,
        "Other Gand A": 10000000.0,
        "Rent And Landing Fees": 1030000.0,
        "Gross Profit": 130497000.0,
        "Cost Of Revenue": 24592000.0,
        "Total Revenue": 155089000.0,
        "Operating Revenue": 153706000.0
    }
}