{
    "2023-03-31": {
        "Tax Effect Of Unusual Items": NaN,
        "Tax Rate For Calcs": NaN,
        "Normalized EBITDA": NaN,
        "Total Unusual Items": NaN,
        "Total Unusual Items Excluding Goodwill": NaN,
        "Net Income From Continuing Operation Net Minority Interest": NaN,
        "Reconciled Depreciation": NaN,
        "Reconciled Cost Of Revenue": NaN,
        "EBITDA": NaN,
        "EBIT": NaN,
        "Net Interest Income": NaN,
        "Interest Expense": NaN,
        "Interest Income": NaN,
        "Normalized Income": NaN,
        "Net Income From Continuing And Discontinued Operation": NaN,
        "Total Expenses": NaN,
        "Total Operating Income As Reported": NaN,
        "Diluted Average Shares": NaN,
        "Basic Average Shares": NaN,
        "Diluted EPS": NaN,
        "Basic EPS": NaN,
        "Diluted NI Availto Com Stockholders": NaN,
        "Net Income Common Stockholders": NaN,
        "Net Income": NaN,
        "Net Income Including Noncontrolling Interests": NaN,
        "Net Income Continuous Operations": NaN,
        "Tax Provision": NaN,
        "Pretax Income": NaN,
        "Other Income Expense": NaN,
        "Other Non Operating Income Expenses": NaN,
        "Special Income Charges": NaN,
        "Impairment Of Capital Assets": NaN,
        "Net Non Operating Interest Income Expense": NaN,
        "Interest Expense Non Operating": NaN,
        "Interest Income Non Operating": NaN,
        "Operating Income": NaN,
        "Operating Expense": NaN,
        "Depreciation Amortization Depletion Income Statement": NaN,
        "Depreciation And Amortization In Income Statement": NaN,
        "Selling General And Administration": NaN,
        "General And Administrative Expense": NaN,
        "Other Gand A": NaN,
        "Salaries And Wages": 4380503.0,
        "Gross Profit": NaN,
        "Cost Of Revenue": NaN,
        "Total Revenue": NaN,
        "Operating Revenue": NaN
    },
    "2022-12-31": {
        "Tax Effect Of Unusual Items": NaN,
        "Tax Rate For Calcs": NaN,
        "Normalized EBITDA": NaN,
        "Net Income From Continuing Operation Net Minority Interest": NaN,
        "Reconciled Depreciation": NaN,
        "Reconciled Cost Of Revenue": NaN,
        "EBITDA": NaN,
        "EBIT": NaN,
        "Net Interest Income": NaN,
        "Interest Expense": NaN,
        "Interest Income": NaN,
        "Normalized Income": NaN,
        "Net Income From Continuing And Discontinued Operation": NaN,
        "Total Expenses": NaN,
        "Total Operating Income As Reported": NaN,
        "Diluted Average Shares": NaN,
        "Basic Average Shares": NaN,
        "Diluted EPS": NaN,
        "Basic EPS": NaN,
        "Diluted NI Availto Com Stockholders": NaN,
        "Net Income Common Stockholders": NaN,
        "Net Income": NaN,
        "Net Income Including Noncontrolling Interests": NaN,
        "Net Income Continuous Operations": NaN,
        "Tax Provision": NaN,
        "Pretax Income": NaN,
        "Other Income Expense": NaN,
        "Other Non Operating Income Expenses": NaN,
        "Net Non Operating Interest Income Expense": NaN,
        "Interest Expense Non Operating": NaN,
        "Interest Income Non Operating": NaN,
        "Operating Income": NaN,
        "Operating Expense": NaN,
        "Depreciation Amortization Depletion Income Statement": NaN,
        "Depreciation And Amortization In Income Statement": NaN,
        "Selling General And Administration": NaN,
        "General And Administrative Expense": NaN,
        "Other Gand A": NaN,
        "Salaries And Wages": -11349210.0,
        "Gross Profit": NaN,
        "Cost Of Revenue": NaN,
        "Total Revenue": NaN,
        "Operating Revenue": NaN
    },
    "2022-09-30": {
        "Tax Effect Of Unusual Items": NaN,
        "Tax Rate For Calcs": NaN,
        "Normalized EBITDA": NaN,
        "Net Income From Continuing Operation Net Minority Interest": NaN,
        "Reconciled Depreciation": NaN,
        "Reconciled Cost Of Revenue": NaN,
        "EBITDA": NaN,
        "EBIT": NaN,
        "Net Interest Income": NaN,
        "Interest Expense": NaN,
        "Interest Income": NaN,
        "Normalized Income": NaN,
        "Net Income From Continuing And Discontinued Operation": NaN,
        "Total Expenses": NaN,
        "Total Operating Income As Reported": NaN,
        "Diluted Average Shares": 17981184.0,
        "Basic Average Shares": 17981184.0,
        "Diluted EPS": -0.19,
        "Basic EPS": -0.19,
        "Diluted NI Availto Com Stockholders": NaN,
        "Net Income Common Stockholders": NaN,
        "Net Income": NaN,
        "Net Income Including Noncontrolling Interests": NaN,
        "Net Income Continuous Operations": NaN,
        "Tax Provision": NaN,
        "Pretax Income": NaN,
        "Net Non Operating Interest Income Expense": NaN,
        "Interest Expense Non Operating": NaN,
        "Interest Income Non Operating": NaN,
        "Operating Income": NaN,
        "Operating Expense": NaN,
        "Other Operating Expenses": 525556.0,
        "Depreciation Amortization Depletion Income Statement": NaN,
        "Depreciation And Amortization In Income Statement": NaN,
        "Selling General And Administration": NaN,
        "Selling And Marketing Expense": 200682.0,
        "General And Administrative Expense": NaN,
        "Other Gand A": NaN,
        "Salaries And Wages": NaN,
        "Gross Profit": NaN,
        "Cost Of Revenue": NaN,
        "Total Revenue": NaN,
        "Operating Revenue": NaN
    },
    "2022-06-30": {
        "Tax Effect Of Unusual Items": 0.0,
        "Tax Rate For Calcs": 0.0,
        "Normalized EBITDA": -3330413.0,
        "Net Income From Continuing Operation Net Minority Interest": -3884714.0,
        "Reconciled Depreciation": 578117.0,
        "Reconciled Cost Of Revenue": 4988716.0,
        "EBITDA": -3330413.0,
        "EBIT": -3908530.0,
        "Net Interest Income": 23816.0,
        "Interest Income": 23816.0,
        "Normalized Income": -3884714.0,
        "Net Income From Continuing And Discontinued Operation": -3884714.0,
        "Total Expenses": 17887195.0,
        "Total Operating Income As Reported": -3908530.0,
        "Diluted Average Shares": 18122500.0,
        "Basic Average Shares": 18122500.0,
        "Diluted EPS": -0.21,
        "Basic EPS": -0.21,
        "Diluted NI Availto Com Stockholders": -3884714.0,
        "Net Income Common Stockholders": -3884714.0,
        "Net Income": -3884714.0,
        "Net Income Including Noncontrolling Interests": -3884714.0,
        "Net Income Continuous Operations": -3884714.0,
        "Tax Provision": 0.0,
        "Pretax Income": -3884714.0,
        "Net Non Operating Interest Income Expense": 23816.0,
        "Interest Income Non Operating": 23816.0,
        "Operating Income": -3908530.0,
        "Operating Expense": 12898479.0,
        "Other Operating Expenses": 443889.0,
        "Depreciation Amortization Depletion Income Statement": 578117.0,
        "Depreciation And Amortization In Income Statement": 578117.0,
        "Selling General And Administration": 11876473.0,
        "Selling And Marketing Expense": 340628.0,
        "General And Administrative Expense": 11535845.0,
        "Other Gand A": 2429348.0,
        "Salaries And Wages": 9106497.0,
        "Gross Profit": 8989949.0,
        "Cost Of Revenue": 4988716.0,
        "Total Revenue": 13978665.0,
        "Operating Revenue": 13978665.0
    },
    "2022-03-31": {
        "Diluted EPS": -0.21,
        "Total Revenue": 14,
        "Gross Profit": 8,
        "Operating Income": -4,
        "EBIT": -3,
        "Net Income": -4
    },
    "2021-12-31": {
        "Diluted EPS": 0.04,
        "Total Revenue": 20,
        "Gross Profit": 12,
        "Operating Income": 1,
        "EBIT": 1,
        "Net Income": 1
    },
    "2021-09-30": {
        "Diluted EPS": 0.0,
        "Total Revenue": 16,
        "Gross Profit": 9,
        "Operating Income": 0,
        "EBIT": 1,
        "Net Income": 0
    },
    "2021-06-30": {
        "Diluted EPS": 0.02,
        "Total Revenue": 14,
        "Gross Profit": 8,
        "Operating Income": 0,
        "EBIT": 1,
        "Net Income": 0
    },
    "2021-03-31": {
        "Diluted EPS": -0.04,
        "Total Revenue": 11,
        "Gross Profit": 6,
        "Operating Income": -1,
        "EBIT": 0,
        "Net Income": -1
    },
    "2020-12-31": {
        "Diluted EPS": 0.09,
        "Total Revenue": 16,
        "Gross Profit": 9,
        "Operating Income": 1,
        "EBIT": 2,
        "Net Income": 1
    },
    "2020-09-30": {
        "Diluted EPS": -0.02,
        "Total Revenue": 11,
        "Gross Profit": 6,
        "Operating Income": 0,
        "EBIT": 0,
        "Net Income": 0
    },
    "2020-06-30": {
        "Diluted EPS": -0.07,
        "Total Revenue": 9,
        "Gross Profit": 5,
        "Operating Income": -1,
        "EBIT": -1,
        "Net Income": -1
    },
    "2020-03-31": {
        "Diluted EPS": -0.15,
        "Total Revenue": 8,
        "Gross Profit": 4,
        "Operating Income": -2,
        "EBIT": -2,
        "Net Income": -2
    },
    "2019-12-31": {
        "Diluted EPS": -0.15,
        "Total Revenue": 7,
        "Gross Profit": 4,
        "Operating Income": -2,
        "EBIT": -2,
        "Net Income": -2
    },
    "2019-09-30": {
        "Diluted EPS": -0.11,
        "Total Revenue": 5,
        "Gross Profit": 3,
        "Operating Income": -2,
        "EBIT": -2,
        "Net Income": -2
    },
    "2019-06-30": {
        "Diluted EPS": 0.03,
        "Total Revenue": 7,
        "Gross Profit": 4,
        "Operating Income": 0,
        "EBIT": 1,
        "Net Income": 0
    },
    "2019-03-31": {
        "Diluted EPS": 0.0,
        "Total Revenue": 5,
        "Gross Profit": 4,
        "Operating Income": 0,
        "EBIT": 0,
        "Net Income": 0
    },
    "2018-12-31": {
        "Diluted EPS": 0.0,
        "Total Revenue": 7,
        "Gross Profit": 4,
        "Operating Income": 0,
        "EBIT": 0,
        "Net Income": 0
    },
    "2018-09-30": {
        "Diluted EPS": 0.02,
        "Total Revenue": 5,
        "Gross Profit": 3,
        "Operating Income": 0,
        "EBIT": 0,
        "Net Income": 0
    },
    "2018-06-30": {
        "Diluted EPS": 0.02,
        "Total Revenue": 5,
        "Gross Profit": 3,
        "Operating Income": 0,
        "EBIT": 0,
        "Net Income": 0
    },
    "2018-03-31": {
        "Diluted EPS": -0.02,
        "Total Revenue": 4,
        "Gross Profit": 2,
        "Operating Income": 0,
        "EBIT": 0,
        "Net Income": 0
    },
    "2017-12-31": {
        "Diluted EPS": -0.02,
        "Total Revenue": 4,
        "Gross Profit": 3,
        "Operating Income": 0,
        "EBIT": 0,
        "Net Income": 0
    },
    "2017-09-30": {
        "Diluted EPS": -0.06,
        "Total Revenue": 3,
        "Gross Profit": 1,
        "Operating Income": -1,
        "EBIT": -1,
        "Net Income": -1
    },
    "2017-06-30": {
        "Diluted EPS": -0.04,
        "Total Revenue": 3,
        "Gross Profit": 1,
        "Operating Income": 0,
        "EBIT": 0,
        "Net Income": 0
    },
    "2017-03-31": {
        "Diluted EPS": -0.09,
        "Total Revenue": 2,
        "Gross Profit": 1,
        "Operating Income": -1,
        "EBIT": -1,
        "Net Income": -1
    },
    "2016-12-31": {
        "Diluted EPS": -0.09,
        "Total Revenue": 2,
        "Gross Profit": 1,
        "Operating Income": 0,
        "EBIT": 0,
        "Net Income": 0
    },
    "2016-09-30": {
        "Diluted EPS": -0.03,
        "Total Revenue": 2,
        "Gross Profit": 1,
        "Operating Income": 0,
        "EBIT": 0,
        "Net Income": 0
    },
    "2016-06-30": {
        "Diluted EPS": 0.0,
        "Total Revenue": 2,
        "Gross Profit": 1,
        "Operating Income": -1,
        "EBIT": -1,
        "Net Income": -1
    },
    "2016-03-31": {
        "Diluted EPS": -0.03,
        "Total Revenue": 2,
        "Gross Profit": 1,
        "Operating Income": 0,
        "EBIT": 0,
        "Net Income": 0
    },
    "2015-12-31": {
        "Diluted EPS": -0.05,
        "Total Revenue": 2,
        "Gross Profit": 1,
        "Operating Income": 0,
        "EBIT": 0,
        "Net Income": 0
    },
    "2015-09-30": {
        "Diluted EPS": 0.01,
        "Total Revenue": 2,
        "Gross Profit": 1,
        "Operating Income": 0,
        "EBIT": 0,
        "Net Income": 0
    },
    "2015-06-30": {
        "Diluted EPS": -0.02,
        "Total Revenue": 2,
        "Gross Profit": 1,
        "Operating Income": 0,
        "EBIT": 0,
        "Net Income": 0
    },
    "2015-03-31": {
        "Diluted EPS": 0.0,
        "Total Revenue": 1,
        "Gross Profit": 1,
        "Operating Income": 0,
        "EBIT": 0,
        "Net Income": 0
    },
    "2014-12-31": {
        "Diluted EPS": 0.03,
        "Total Revenue": 2,
        "Gross Profit": 1,
        "Operating Income": 0,
        "EBIT": 0,
        "Net Income": 0
    },
    "2014-09-30": {
        "Diluted EPS": 0.0,
        "Total Revenue": 2,
        "Gross Profit": 1,
        "Operating Income": 0,
        "EBIT": 0,
        "Net Income": 0
    },
    "2014-06-30": {
        "Diluted EPS": 0.0,
        "Total Revenue": 1,
        "Gross Profit": 1,
        "Operating Income": 0,
        "EBIT": 0,
        "Net Income": 0
    },
    "2014-03-31": {
        "Diluted EPS": -0.15,
        "Total Revenue": 1,
        "Gross Profit": 1,
        "Operating Income": -1,
        "EBIT": -1,
        "Net Income": -1
    },
    "2013-12-31": {
        "Diluted EPS": 0.02,
        "Total Revenue": 2,
        "Gross Profit": 1,
        "Operating Income": 0,
        "EBIT": 0,
        "Net Income": 0
    },
    "2013-09-30": {
        "Diluted EPS": -0.03,
        "Total Revenue": 1,
        "Gross Profit": 1,
        "Operating Income": 0,
        "EBIT": 0,
        "Net Income": 0
    },
    "2013-06-30": {
        "Diluted EPS": 0.01,
        "Total Revenue": 1,
        "Gross Profit": 1,
        "Operating Income": 0,
        "EBIT": 0,
        "Net Income": 0
    },
    "2013-03-31": {
        "Diluted EPS": -0.06,
        "Total Revenue": 1,
        "Gross Profit": 1,
        "Operating Income": 0,
        "EBIT": 0,
        "Net Income": 0
    },
    "2012-12-31": {
        "Diluted EPS": 0.03,
        "Total Revenue": 1,
        "Gross Profit": 1,
        "Operating Income": 0,
        "EBIT": 0,
        "Net Income": 0
    },
    "2012-09-30": {
        "Diluted EPS": -0.03,
        "Total Revenue": 0,
        "Gross Profit": 0,
        "Operating Income": 0,
        "EBIT": 0,
        "Net Income": 0
    },
    "2012-06-30": {
        "Diluted EPS": -0.03,
        "Total Revenue": 1,
        "Gross Profit": 1,
        "Operating Income": 0,
        "EBIT": 0,
        "Net Income": 0
    },
    "2012-03-31": {
        "Diluted EPS": -0.06,
        "Total Revenue": 0,
        "Gross Profit": 0,
        "Operating Income": 0,
        "EBIT": 0,
        "Net Income": 0
    },
    "2011-12-31": {
        "Diluted EPS": 0.0,
        "Total Revenue": 0,
        "Gross Profit": 0,
        "Operating Income": 0,
        "EBIT": 0,
        "Net Income": 0
    },
    "2011-09-30": {
        "Diluted EPS": -0.24,
        "Total Revenue": 0,
        "Gross Profit": 0,
        "Operating Income": 0,
        "EBIT": 0,
        "Net Income": -1
    },
    "2011-06-30": {
        "Diluted EPS": -0.12,
        "Total Revenue": 0,
        "Gross Profit": 0,
        "Operating Income": 0,
        "EBIT": 0,
        "Net Income": -1
    },
    "2011-03-31": {
        "Diluted EPS": -0.09,
        "Total Revenue": 0,
        "Gross Profit": 0,
        "Operating Income": 0,
        "EBIT": 0,
        "Net Income": 0
    },
    "2010-12-31": {
        "Diluted EPS": -0.06,
        "Total Revenue": 0,
        "Gross Profit": 0,
        "Operating Income": 0,
        "EBIT": 0,
        "Net Income": 0
    },
    "2010-09-30": {
        "Diluted EPS": -0.12,
        "Total Revenue": 0,
        "Gross Profit": 0,
        "Operating Income": -1,
        "EBIT": 0,
        "Net Income": -1
    },
    "2010-06-30": {
        "Diluted EPS": -0.21,
        "Total Revenue": 0,
        "Gross Profit": 0,
        "Operating Income": -1,
        "EBIT": -1,
        "Net Income": -1
    },
    "2010-03-31": {
        "Diluted EPS": -0.06,
        "Total Revenue": 0,
        "Gross Profit": 0,
        "Operating Income": 0,
        "EBIT": 0,
        "Net Income": 0
    },
    "2009-12-31": {
        "Diluted EPS": -0.51,
        "Total Revenue": 0,
        "Gross Profit": 0,
        "Operating Income": -2,
        "EBIT": -2,
        "Net Income": -2
    },
    "2009-09-30": {
        "Diluted EPS": -0.15,
        "Total Revenue": 0,
        "Gross Profit": 0,
        "Operating Income": -1,
        "EBIT": -1,
        "Net Income": -1
    },
    "2009-06-30": {
        "Diluted EPS": -0.09,
        "Total Revenue": 0,
        "Gross Profit": 0,
        "Operating Income": 0,
        "EBIT": 0,
        "Net Income": 0
    },
    "2009-03-31": {
        "Diluted EPS": -0.33,
        "Total Revenue": 0,
        "Gross Profit": 0,
        "Operating Income": -1,
        "EBIT": -1,
        "Net Income": -1
    },
    "2023-06-30": {
        "Tax Effect Of Unusual Items": NaN,
        "Tax Rate For Calcs": NaN,
        "Normalized EBITDA": NaN,
        "Total Unusual Items": NaN,
        "Total Unusual Items Excluding Goodwill": NaN,
        "Net Income From Continuing Operation Net Minority Interest": NaN,
        "Reconciled Depreciation": NaN,
        "Reconciled Cost Of Revenue": NaN,
        "EBITDA": NaN,
        "EBIT": NaN,
        "Net Interest Income": NaN,
        "Interest Expense": NaN,
        "Interest Income": NaN,
        "Normalized Income": NaN,
        "Net Income From Continuing And Discontinued Operation": NaN,
        "Total Expenses": NaN,
        "Total Operating Income As Reported": NaN,
        "Diluted Average Shares": 16992100.0,
        "Basic Average Shares": 16992100.0,
        "Diluted EPS": -0.24,
        "Basic EPS": -0.24,
        "Diluted NI Availto Com Stockholders": NaN,
        "Net Income Common Stockholders": NaN,
        "Net Income": NaN,
        "Net Income Including Noncontrolling Interests": NaN,
        "Net Income Continuous Operations": NaN,
        "Tax Provision": NaN,
        "Pretax Income": NaN,
        "Other Income Expense": NaN,
        "Other Non Operating Income Expenses": NaN,
        "Special Income Charges": NaN,
        "Impairment Of Capital Assets": NaN,
        "Net Non Operating Interest Income Expense": NaN,
        "Interest Expense Non Operating": NaN,
        "Interest Income Non Operating": NaN,
        "Operating Income": NaN,
        "Operating Expense": NaN,
        "Depreciation Amortization Depletion Income Statement": NaN,
        "Depreciation And Amortization In Income Statement": NaN,
        "Selling General And Administration": NaN,
        "General And Administrative Expense": NaN,
        "Other Gand A": NaN,
        "Salaries And Wages": 3503123.0,
        "Gross Profit": NaN,
        "Cost Of Revenue": NaN,
        "Total Revenue": NaN,
        "Operating Revenue": NaN
    },
    "2023-09-30": {
        "Tax Effect Of Unusual Items": NaN,
        "Tax Rate For Calcs": NaN,
        "Normalized EBITDA": NaN,
        "Total Unusual Items": 0.0,
        "Total Unusual Items Excluding Goodwill": 0.0,
        "Net Income From Continuing Operation Net Minority Interest": NaN,
        "Reconciled Depreciation": NaN,
        "Reconciled Cost Of Revenue": NaN,
        "EBITDA": NaN,
        "EBIT": NaN,
        "Net Interest Income": NaN,
        "Interest Expense": NaN,
        "Interest Income": NaN,
        "Normalized Income": NaN,
        "Net Income From Continuing And Discontinued Operation": NaN,
        "Total Expenses": NaN,
        "Total Operating Income As Reported": NaN,
        "Diluted Average Shares": NaN,
        "Basic Average Shares": NaN,
        "Diluted EPS": NaN,
        "Basic EPS": NaN,
        "Diluted NI Availto Com Stockholders": NaN,
        "Net Income Common Stockholders": NaN,
        "Net Income": NaN,
        "Net Income Including Noncontrolling Interests": NaN,
        "Net Income Continuous Operations": NaN,
        "Tax Provision": NaN,
        "Pretax Income": NaN,
        "Other Income Expense": NaN,
        "Other Non Operating Income Expenses": NaN,
        "Special Income Charges": 0.0,
        "Impairment Of Capital Assets": 0.0,
        "Net Non Operating Interest Income Expense": NaN,
        "Interest Expense Non Operating": NaN,
        "Interest Income Non Operating": NaN,
        "Operating Income": NaN,
        "Operating Expense": NaN,
        "Depreciation Amortization Depletion Income Statement": NaN,
        "Depreciation And Amortization In Income Statement": NaN,
        "Selling General And Administration": NaN,
        "General And Administrative Expense": NaN,
        "Other Gand A": NaN,
        "Salaries And Wages": 3206227.0,
        "Gross Profit": NaN,
        "Cost Of Revenue": NaN,
        "Total Revenue": NaN,
        "Operating Revenue": NaN
    },
    "2023-12-31": {
        "Tax Effect Of Unusual Items": NaN,
        "Tax Rate For Calcs": NaN,
        "Normalized EBITDA": NaN,
        "Total Unusual Items": NaN,
        "Total Unusual Items Excluding Goodwill": NaN,
        "Net Income From Continuing Operation Net Minority Interest": NaN,
        "Reconciled Depreciation": NaN,
        "Reconciled Cost Of Revenue": NaN,
        "EBITDA": NaN,
        "EBIT": NaN,
        "Net Interest Income": NaN,
        "Interest Expense": NaN,
        "Interest Income": NaN,
        "Normalized Income": NaN,
        "Net Income From Continuing And Discontinued Operation": NaN,
        "Total Expenses": NaN,
        "Total Operating Income As Reported": NaN,
        "Diluted Average Shares": NaN,
        "Basic Average Shares": NaN,
        "Diluted EPS": NaN,
        "Basic EPS": NaN,
        "Diluted NI Availto Com Stockholders": NaN,
        "Net Income Common Stockholders": NaN,
        "Net Income": NaN,
        "Net Income Including Noncontrolling Interests": NaN,
        "Net Income Continuous Operations": NaN,
        "Tax Provision": NaN,
        "Pretax Income": NaN,
        "Other Income Expense": NaN,
        "Other Non Operating Income Expenses": NaN,
        "Special Income Charges": NaN,
        "Impairment Of Capital Assets": NaN,
        "Net Non Operating Interest Income Expense": NaN,
        "Interest Expense Non Operating": NaN,
        "Interest Income Non Operating": NaN,
        "Operating Income": NaN,
        "Operating Expense": NaN,
        "Depreciation Amortization Depletion Income Statement": NaN,
        "Depreciation And Amortization In Income Statement": NaN,
        "Selling General And Administration": NaN,
        "General And Administrative Expense": NaN,
        "Other Gand A": NaN,
        "Salaries And Wages": 2627480.0,
        "Gross Profit": NaN,
        "Cost Of Revenue": NaN,
        "Total Revenue": NaN,
        "Operating Revenue": NaN
    },
    "2024-03-31": {
        "Tax Effect Of Unusual Items": 0.0,
        "Tax Rate For Calcs": 0.21,
        "Normalized EBITDA": -3942000.0,
        "Total Unusual Items": NaN,
        "Total Unusual Items Excluding Goodwill": NaN,
        "Net Income From Continuing Operation Net Minority Interest": -6899000.0,
        "Reconciled Depreciation": 1067000.0,
        "Reconciled Cost Of Revenue": 7486000.0,
        "EBITDA": -3942000.0,
        "EBIT": -5009000.0,
        "Net Interest Income": -1526000.0,
        "Interest Expense": 1546000.0,
        "Interest Income": 20000.0,
        "Normalized Income": -6899000.0,
        "Net Income From Continuing And Discontinued Operation": -6899000.0,
        "Total Expenses": 24719000.0,
        "Total Operating Income As Reported": -5029000.0,
        "Diluted Average Shares": 18170108.0,
        "Basic Average Shares": 18170108.0,
        "Diluted EPS": -0.38,
        "Basic EPS": -0.38,
        "Diluted NI Availto Com Stockholders": -6899000.0,
        "Net Income Common Stockholders": -6899000.0,
        "Net Income": -6899000.0,
        "Net Income Including Noncontrolling Interests": -6899000.0,
        "Net Income Continuous Operations": -6899000.0,
        "Tax Provision": 344000.0,
        "Pretax Income": -6555000.0,
        "Other Income Expense": NaN,
        "Other Non Operating Income Expenses": NaN,
        "Special Income Charges": NaN,
        "Impairment Of Capital Assets": NaN,
        "Net Non Operating Interest Income Expense": -1526000.0,
        "Interest Expense Non Operating": 1546000.0,
        "Interest Income Non Operating": 20000.0,
        "Operating Income": -5029000.0,
        "Operating Expense": 17233000.0,
        "Depreciation Amortization Depletion Income Statement": 1067000.0,
        "Depreciation And Amortization In Income Statement": 1067000.0,
        "Selling General And Administration": 16166000.0,
        "General And Administrative Expense": 16166000.0,
        "Other Gand A": 16166000.0,
        "Salaries And Wages": NaN,
        "Gross Profit": 12204000.0,
        "Cost Of Revenue": 7486000.0,
        "Total Revenue": 19690000.0,
        "Operating Revenue": 19690000.0
    },
    "2024-06-30": {
        "Tax Effect Of Unusual Items": 0.0,
        "Tax Rate For Calcs": 0.213501,
        "Normalized EBITDA": -2495000.0,
        "Total Unusual Items": NaN,
        "Total Unusual Items Excluding Goodwill": NaN,
        "Net Income From Continuing Operation Net Minority Interest": -4008000.0,
        "Reconciled Depreciation": 1073000.0,
        "Reconciled Cost Of Revenue": 7108000.0,
        "EBITDA": -2495000.0,
        "EBIT": -3568000.0,
        "Net Interest Income": -1422000.0,
        "Interest Expense": 1528000.0,
        "Interest Income": 106000.0,
        "Normalized Income": -4008000.0,
        "Net Income From Continuing And Discontinued Operation": -4008000.0,
        "Total Expenses": 22561000.0,
        "Total Operating Income As Reported": -3749000.0,
        "Diluted Average Shares": NaN,
        "Basic Average Shares": NaN,
        "Diluted EPS": NaN,
        "Basic EPS": NaN,
        "Diluted NI Availto Com Stockholders": -4008000.0,
        "Net Income Common Stockholders": -4008000.0,
        "Net Income": -4008000.0,
        "Net Income Including Noncontrolling Interests": -4008000.0,
        "Net Income Continuous Operations": -4008000.0,
        "Tax Provision": -1088000.0,
        "Pretax Income": -5096000.0,
        "Other Income Expense": 75000.0,
        "Other Non Operating Income Expenses": 75000.0,
        "Special Income Charges": NaN,
        "Impairment Of Capital Assets": NaN,
        "Net Non Operating Interest Income Expense": -1422000.0,
        "Interest Expense Non Operating": 1528000.0,
        "Interest Income Non Operating": 106000.0,
        "Operating Income": -3749000.0,
        "Operating Expense": 15453000.0,
        "Depreciation Amortization Depletion Income Statement": 1073000.0,
        "Depreciation And Amortization In Income Statement": 1073000.0,
        "Selling General And Administration": 14380000.0,
        "General And Administrative Expense": 14380000.0,
        "Other Gand A": 14380000.0,
        "Gross Profit": 11704000.0,
        "Cost Of Revenue": 7108000.0,
        "Total Revenue": 18812000.0,
        "Operating Revenue": 18812000.0
    },
    "2024-09-30": {
        "Tax Effect Of Unusual Items": -615482.647621,
        "Tax Rate For Calcs": 0.082185,
        "Normalized EBITDA": 167000.0,
        "Total Unusual Items": -7489000.0,
        "Total Unusual Items Excluding Goodwill": -7489000.0,
        "Net Income From Continuing Operation Net Minority Interest": -9124000.0,
        "Reconciled Depreciation": 1095000.0,
        "Reconciled Cost Of Revenue": 7862000.0,
        "EBITDA": -7322000.0,
        "EBIT": -8417000.0,
        "Net Interest Income": -1417000.0,
        "Interest Expense": 1524000.0,
        "Interest Income": 107000.0,
        "Normalized Income": -2250482.647621,
        "Net Income From Continuing And Discontinued Operation": -9124000.0,
        "Total Expenses": 22382000.0,
        "Total Operating Income As Reported": -8562000.0,
        "Diluted Average Shares": 18323542.0,
        "Basic Average Shares": 18323542.0,
        "Diluted EPS": -0.5,
        "Basic EPS": -0.5,
        "Diluted NI Availto Com Stockholders": -9124000.0,
        "Net Income Common Stockholders": -9124000.0,
        "Net Income": -9124000.0,
        "Net Income Including Noncontrolling Interests": -9124000.0,
        "Net Income Continuous Operations": -9124000.0,
        "Tax Provision": -817000.0,
        "Pretax Income": -9941000.0,
        "Other Income Expense": -7451000.0,
        "Other Non Operating Income Expenses": 38000.0,
        "Special Income Charges": -7489000.0,
        "Impairment Of Capital Assets": 7489000.0,
        "Net Non Operating Interest Income Expense": -1417000.0,
        "Interest Expense Non Operating": 1524000.0,
        "Interest Income Non Operating": 107000.0,
        "Operating Income": -1073000.0,
        "Operating Expense": 14520000.0,
        "Depreciation Amortization Depletion Income Statement": 1095000.0,
        "Depreciation And Amortization In Income Statement": 1095000.0,
        "Selling General And Administration": 13425000.0,
        "General And Administrative Expense": 13425000.0,
        "Other Gand A": 13425000.0,
        "Gross Profit": 13447000.0,
        "Cost Of Revenue": 7862000.0,
        "Total Revenue": 21309000.0,
        "Operating Revenue": 21309000.0
    },
    "2024-12-31": {
        "Tax Effect Of Unusual Items": 0.0,
        "Tax Rate For Calcs": 0.21,
        "Normalized EBITDA": 4865000.0,
        "Total Unusual Items": 0.0,
        "Total Unusual Items Excluding Goodwill": 0.0,
        "Net Income From Continuing Operation Net Minority Interest": -78000.0,
        "Reconciled Depreciation": 1094000.0,
        "Reconciled Cost Of Revenue": 10293000.0,
        "EBITDA": 4865000.0,
        "EBIT": 3771000.0,
        "Net Interest Income": -1465000.0,
        "Interest Expense": 1563000.0,
        "Interest Income": 98000.0,
        "Normalized Income": -78000.0,
        "Net Income From Continuing And Discontinued Operation": -78000.0,
        "Total Expenses": 28682000.0,
        "Total Operating Income As Reported": 3634000.0,
        "Diluted Average Shares": 18418519.0,
        "Basic Average Shares": 18418519.0,
        "Diluted EPS": 0.0,
        "Basic EPS": 0.0,
        "Diluted NI Availto Com Stockholders": -78000.0,
        "Net Income Common Stockholders": -78000.0,
        "Net Income": -78000.0,
        "Net Income Including Noncontrolling Interests": -78000.0,
        "Net Income Continuous Operations": -78000.0,
        "Tax Provision": 2286000.0,
        "Pretax Income": 2208000.0,
        "Other Income Expense": 39000.0,
        "Other Non Operating Income Expenses": 39000.0,
        "Special Income Charges": 0.0,
        "Impairment Of Capital Assets": 0.0,
        "Net Non Operating Interest Income Expense": -1465000.0,
        "Interest Expense Non Operating": 1563000.0,
        "Interest Income Non Operating": 98000.0,
        "Operating Income": 3634000.0,
        "Operating Expense": 18389000.0,
        "Depreciation Amortization Depletion Income Statement": 1094000.0,
        "Depreciation And Amortization In Income Statement": 1094000.0,
        "Selling General And Administration": 17295000.0,
        "General And Administrative Expense": 17295000.0,
        "Other Gand A": 5828000.0,
        "Gross Profit": 22023000.0,
        "Cost Of Revenue": 10293000.0,
        "Total Revenue": 32316000.0,
        "Operating Revenue": 32316000.0
    },
    "2025-03-31": {
        "Tax Effect Of Unusual Items": 0.0,
        "Tax Rate For Calcs": 0.33,
        "Normalized EBITDA": -893000.0,
        "Total Unusual Items": NaN,
        "Total Unusual Items Excluding Goodwill": NaN,
        "Net Income From Continuing Operation Net Minority Interest": -2199000.0,
        "Reconciled Depreciation": 1094000.0,
        "Reconciled Cost Of Revenue": 8584000.0,
        "EBITDA": -893000.0,
        "EBIT": -1987000.0,
        "Net Interest Income": -1209000.0,
        "Interest Expense": 1297000.0,
        "Interest Income": 88000.0,
        "Normalized Income": -2199000.0,
        "Net Income From Continuing And Discontinued Operation": -2199000.0,
        "Total Expenses": 24042000.0,
        "Total Operating Income As Reported": -2114000.0,
        "Diluted Average Shares": 18470808.0,
        "Basic Average Shares": 18470808.0,
        "Diluted EPS": -0.12,
        "Basic EPS": -0.12,
        "Diluted NI Availto Com Stockholders": -2199000.0,
        "Net Income Common Stockholders": -2199000.0,
        "Net Income": -2199000.0,
        "Net Income Including Noncontrolling Interests": -2199000.0,
        "Net Income Continuous Operations": -2199000.0,
        "Tax Provision": -1085000.0,
        "Pretax Income": -3284000.0,
        "Other Income Expense": 39000.0,
        "Other Non Operating Income Expenses": 39000.0,
        "Special Income Charges": NaN,
        "Impairment Of Capital Assets": NaN,
        "Net Non Operating Interest Income Expense": -1209000.0,
        "Interest Expense Non Operating": 1297000.0,
        "Interest Income Non Operating": 88000.0,
        "Operating Income": -2114000.0,
        "Operating Expense": 15458000.0,
        "Depreciation Amortization Depletion Income Statement": 1094000.0,
        "Depreciation And Amortization In Income Statement": 1094000.0,
        "Selling General And Administration": 14364000.0,
        "General And Administrative Expense": 14364000.0,
        "Other Gand A": 14364000.0,
        "Gross Profit": 13344000.0,
        "Cost Of Revenue": 8584000.0,
        "Total Revenue": 21928000.0,
        "Operating Revenue": 21928000.0
    },
    "2025-06-30": {
        "Tax Effect Of Unusual Items": 0.0,
        "Tax Rate For Calcs": 0.106,
        "Normalized EBITDA": 4390000.0,
        "Total Unusual Items": NaN,
        "Total Unusual Items Excluding Goodwill": NaN,
        "Net Income From Continuing Operation Net Minority Interest": 1532000.0,
        "Reconciled Depreciation": 1074000.0,
        "Reconciled Cost Of Revenue": 10560000.0,
        "EBITDA": 4390000.0,
        "EBIT": 3316000.0,
        "Net Interest Income": -1513000.0,
        "Interest Expense": 1603000.0,
        "Interest Income": 90000.0,
        "Normalized Income": 1532000.0,
        "Net Income From Continuing And Discontinued Operation": 1532000.0,
        "Total Expenses": 26006000.0,
        "Total Operating Income As Reported": 3189000.0,
        "Diluted Average Shares": 19015496.0,
        "Basic Average Shares": 18510834.0,
        "Diluted EPS": 0.08,
        "Basic EPS": 0.08,
        "Diluted NI Availto Com Stockholders": 1532000.0,
        "Net Income Common Stockholders": 1532000.0,
        "Net Income": 1532000.0,
        "Net Income Including Noncontrolling Interests": 1532000.0,
        "Net Income Continuous Operations": 1532000.0,
        "Tax Provision": 181000.0,
        "Pretax Income": 1713000.0,
        "Other Income Expense": 37000.0,
        "Other Non Operating Income Expenses": 37000.0,
        "Special Income Charges": NaN,
        "Impairment Of Capital Assets": NaN,
        "Net Non Operating Interest Income Expense": -1513000.0,
        "Interest Expense Non Operating": 1603000.0,
        "Interest Income Non Operating": 90000.0,
        "Operating Income": 3189000.0,
        "Operating Expense": 15446000.0,
        "Depreciation Amortization Depletion Income Statement": 1074000.0,
        "Depreciation And Amortization In Income Statement": 1074000.0,
        "Selling General And Administration": 14372000.0,
        "General And Administrative Expense": 14372000.0,
        "Other Gand A": 14372000.0,
        "Gross Profit": 18635000.0,
        "Cost Of Revenue": 10560000.0,
        "Total Revenue": 29195000.0,
        "Operating Revenue": 29195000.0
    },
    "2025-09-30": {
        "Tax Effect Of Unusual Items": 0.0,
        "Tax Rate For Calcs": 0.257388,
        "Normalized EBITDA": 3284000.0,
        "Total Unusual Items": 0.0,
        "Total Unusual Items Excluding Goodwill": 0.0,
        "Net Income From Continuing Operation Net Minority Interest": 779000.0,
        "Reconciled Depreciation": 1081000.0,
        "Reconciled Cost Of Revenue": 8550000.0,
        "EBITDA": 3284000.0,
        "EBIT": 2203000.0,
        "Net Interest Income": -1063000.0,
        "Interest Expense": 1154000.0,
        "Interest Income": 91000.0,
        "Normalized Income": 779000.0,
        "Net Income From Continuing And Discontinued Operation": 779000.0,
        "Total Expenses": 24017000.0,
        "Total Operating Income As Reported": 2050000.0,
        "Diluted Average Shares": 19459877.0,
        "Basic Average Shares": 18576199.0,
        "Diluted EPS": 0.04,
        "Basic EPS": 0.04,
        "Diluted NI Availto Com Stockholders": 779000.0,
        "Net Income Common Stockholders": 779000.0,
        "Net Income": 779000.0,
        "Net Income Including Noncontrolling Interests": 779000.0,
        "Net Income Continuous Operations": 779000.0,
        "Tax Provision": 270000.0,
        "Pretax Income": 1049000.0,
        "Other Income Expense": 62000.0,
        "Other Non Operating Income Expenses": 62000.0,
        "Special Income Charges": 0.0,
        "Impairment Of Capital Assets": 0.0,
        "Net Non Operating Interest Income Expense": -1063000.0,
        "Interest Expense Non Operating": 1154000.0,
        "Interest Income Non Operating": 91000.0,
        "Operating Income": 2050000.0,
        "Operating Expense": 15466000.0,
        "Depreciation Amortization Depletion Income Statement": 1080000.0,
        "Depreciation And Amortization In Income Statement": 1080000.0,
        "Selling General And Administration": 14386000.0,
        "General And Administrative Expense": 14386000.0,
        "Other Gand A": 14386000.0,
        "Gross Profit": 17516000.0,
        "Cost Of Revenue": 8551000.0,
        "Total Revenue": 26067000.0,
        "Operating Revenue": 26067000.0
    }
}