{
    "2023-03-31": {
        "Tax Effect Of Unusual Items": NaN,
        "Tax Rate For Calcs": NaN,
        "Normalized EBITDA": NaN,
        "Total Unusual Items": NaN,
        "Total Unusual Items Excluding Goodwill": NaN,
        "Net Income From Continuing Operation Net Minority Interest": NaN,
        "Reconciled Depreciation": NaN,
        "Reconciled Cost Of Revenue": NaN,
        "EBITDA": NaN,
        "EBIT": NaN,
        "Net Interest Income": NaN,
        "Interest Expense": NaN,
        "Interest Income": NaN,
        "Normalized Income": NaN,
        "Net Income From Continuing And Discontinued Operation": NaN,
        "Total Expenses": NaN,
        "Total Operating Income As Reported": NaN,
        "Diluted Average Shares": NaN,
        "Basic Average Shares": NaN,
        "Diluted EPS": NaN,
        "Basic EPS": NaN,
        "Diluted NI Availto Com Stockholders": NaN,
        "Net Income Common Stockholders": NaN,
        "Net Income": NaN,
        "Minority Interests": 0.0,
        "Net Income Including Noncontrolling Interests": NaN,
        "Net Income Discontinuous Operations": 0.0,
        "Net Income Continuous Operations": NaN,
        "Tax Provision": NaN,
        "Pretax Income": NaN,
        "Other Income Expense": NaN,
        "Other Non Operating Income Expenses": NaN,
        "Special Income Charges": NaN,
        "Gain On Sale Of Business": NaN,
        "Write Off": NaN,
        "Earnings From Equity Interest": NaN,
        "Gain On Sale Of Security": NaN,
        "Net Non Operating Interest Income Expense": NaN,
        "Interest Expense Non Operating": NaN,
        "Interest Income Non Operating": NaN,
        "Operating Income": NaN,
        "Operating Expense": NaN,
        "Other Operating Expenses": 1496000.0,
        "Provision For Doubtful Accounts": 0.0,
        "Research And Development": NaN,
        "Selling General And Administration": NaN,
        "General And Administrative Expense": NaN,
        "Other Gand A": NaN,
        "Gross Profit": NaN,
        "Cost Of Revenue": NaN,
        "Total Revenue": NaN,
        "Operating Revenue": NaN
    },
    "2022-12-31": {
        "Tax Effect Of Unusual Items": NaN,
        "Tax Rate For Calcs": NaN,
        "Normalized EBITDA": NaN,
        "Total Unusual Items": NaN,
        "Total Unusual Items Excluding Goodwill": NaN,
        "Net Income From Continuing Operation Net Minority Interest": NaN,
        "Reconciled Depreciation": NaN,
        "Reconciled Cost Of Revenue": NaN,
        "EBITDA": NaN,
        "EBIT": NaN,
        "Net Interest Income": NaN,
        "Interest Expense": NaN,
        "Interest Income": NaN,
        "Normalized Income": NaN,
        "Net Income From Continuing And Discontinued Operation": NaN,
        "Total Expenses": NaN,
        "Total Operating Income As Reported": NaN,
        "Diluted Average Shares": NaN,
        "Basic Average Shares": NaN,
        "Diluted EPS": NaN,
        "Basic EPS": NaN,
        "Diluted NI Availto Com Stockholders": NaN,
        "Net Income Common Stockholders": NaN,
        "Net Income": NaN,
        "Minority Interests": 0.0,
        "Net Income Including Noncontrolling Interests": NaN,
        "Net Income Discontinuous Operations": 0.0,
        "Net Income Continuous Operations": NaN,
        "Tax Provision": NaN,
        "Pretax Income": NaN,
        "Other Income Expense": NaN,
        "Other Non Operating Income Expenses": NaN,
        "Special Income Charges": NaN,
        "Gain On Sale Of Business": NaN,
        "Write Off": NaN,
        "Earnings From Equity Interest": NaN,
        "Gain On Sale Of Security": NaN,
        "Net Non Operating Interest Income Expense": NaN,
        "Interest Expense Non Operating": NaN,
        "Interest Income Non Operating": NaN,
        "Operating Income": NaN,
        "Operating Expense": NaN,
        "Other Operating Expenses": 1491000.0,
        "Provision For Doubtful Accounts": NaN,
        "Research And Development": NaN,
        "Selling General And Administration": NaN,
        "General And Administrative Expense": NaN,
        "Other Gand A": NaN,
        "Gross Profit": NaN,
        "Cost Of Revenue": NaN,
        "Total Revenue": NaN,
        "Operating Revenue": NaN
    },
    "2022-09-30": {
        "Tax Effect Of Unusual Items": NaN,
        "Tax Rate For Calcs": NaN,
        "Normalized EBITDA": NaN,
        "Total Unusual Items": NaN,
        "Total Unusual Items Excluding Goodwill": NaN,
        "Net Income From Continuing Operation Net Minority Interest": NaN,
        "Reconciled Depreciation": NaN,
        "Reconciled Cost Of Revenue": NaN,
        "EBITDA": NaN,
        "EBIT": NaN,
        "Net Interest Income": NaN,
        "Interest Expense": NaN,
        "Interest Income": NaN,
        "Normalized Income": NaN,
        "Net Income From Continuing And Discontinued Operation": NaN,
        "Total Expenses": NaN,
        "Total Operating Income As Reported": NaN,
        "Diluted Average Shares": 184850000.0,
        "Basic Average Shares": 184839000.0,
        "Diluted EPS": -0.86,
        "Basic EPS": -0.86,
        "Diluted NI Availto Com Stockholders": NaN,
        "Net Income Common Stockholders": NaN,
        "Net Income": NaN,
        "Minority Interests": NaN,
        "Net Income Including Noncontrolling Interests": NaN,
        "Net Income Discontinuous Operations": NaN,
        "Net Income Continuous Operations": NaN,
        "Tax Provision": NaN,
        "Pretax Income": NaN,
        "Other Income Expense": NaN,
        "Other Non Operating Income Expenses": NaN,
        "Special Income Charges": NaN,
        "Gain On Sale Of Business": NaN,
        "Write Off": NaN,
        "Earnings From Equity Interest": NaN,
        "Gain On Sale Of Security": NaN,
        "Net Non Operating Interest Income Expense": NaN,
        "Interest Expense Non Operating": NaN,
        "Interest Income Non Operating": NaN,
        "Operating Income": NaN,
        "Operating Expense": NaN,
        "Other Operating Expenses": 1203000.0,
        "Provision For Doubtful Accounts": NaN,
        "Research And Development": NaN,
        "Selling General And Administration": NaN,
        "General And Administrative Expense": NaN,
        "Other Gand A": NaN,
        "Gross Profit": NaN,
        "Cost Of Revenue": NaN,
        "Total Revenue": NaN,
        "Operating Revenue": NaN
    },
    "2022-06-30": {
        "Tax Effect Of Unusual Items": 13154025.0,
        "Tax Rate For Calcs": 0.381,
        "Normalized EBITDA": 15530000.0,
        "Total Unusual Items": 34525000.0,
        "Total Unusual Items Excluding Goodwill": 34525000.0,
        "Net Income From Continuing Operation Net Minority Interest": 17159000.0,
        "Reconciled Depreciation": 15983000.0,
        "Reconciled Cost Of Revenue": 27368000.0,
        "EBITDA": 50055000.0,
        "EBIT": 34072000.0,
        "Net Interest Income": -5018000.0,
        "Interest Expense": 7310000.0,
        "Interest Income": 2292000.0,
        "Normalized Income": -4211975.0,
        "Net Income From Continuing And Discontinued Operation": 17159000.0,
        "Total Expenses": 64249000.0,
        "Total Operating Income As Reported": -290000.0,
        "Diluted Average Shares": 185630000.0,
        "Basic Average Shares": 185316000.0,
        "Diluted EPS": 0.09,
        "Basic EPS": 0.1,
        "Diluted NI Availto Com Stockholders": 17159000.0,
        "Net Income Common Stockholders": 17159000.0,
        "Net Income": 17159000.0,
        "Minority Interests": 587000.0,
        "Net Income Including Noncontrolling Interests": 16572000.0,
        "Net Income Discontinuous Operations": NaN,
        "Net Income Continuous Operations": 16572000.0,
        "Tax Provision": 10190000.0,
        "Pretax Income": 26762000.0,
        "Other Income Expense": 32070000.0,
        "Other Non Operating Income Expenses": -1236000.0,
        "Special Income Charges": 13014000.0,
        "Gain On Sale Of Business": 13398000.0,
        "Write Off": 384000.0,
        "Impairment Of Capital Assets": 0.0,
        "Earnings From Equity Interest": -1219000.0,
        "Gain On Sale Of Security": 21511000.0,
        "Net Non Operating Interest Income Expense": -5018000.0,
        "Interest Expense Non Operating": 7310000.0,
        "Interest Income Non Operating": 2292000.0,
        "Operating Income": -290000.0,
        "Operating Expense": 36881000.0,
        "Other Operating Expenses": 20746000.0,
        "Provision For Doubtful Accounts": NaN,
        "Research And Development": 1260000.0,
        "Selling General And Administration": 14875000.0,
        "General And Administrative Expense": 14875000.0,
        "Other Gand A": 14875000.0,
        "Gross Profit": 36591000.0,
        "Cost Of Revenue": 27368000.0,
        "Total Revenue": 63959000.0,
        "Operating Revenue": 63959000.0
    },
    "2023-06-30": {
        "Tax Effect Of Unusual Items": NaN,
        "Tax Rate For Calcs": NaN,
        "Normalized EBITDA": NaN,
        "Total Unusual Items": NaN,
        "Total Unusual Items Excluding Goodwill": NaN,
        "Net Income From Continuing Operation Net Minority Interest": NaN,
        "Reconciled Depreciation": NaN,
        "Reconciled Cost Of Revenue": NaN,
        "EBITDA": NaN,
        "EBIT": NaN,
        "Net Interest Income": NaN,
        "Interest Expense": NaN,
        "Interest Income": NaN,
        "Normalized Income": NaN,
        "Net Income From Continuing And Discontinued Operation": NaN,
        "Total Expenses": NaN,
        "Total Operating Income As Reported": NaN,
        "Diluted Average Shares": 186454000.0,
        "Basic Average Shares": 185093000.0,
        "Diluted EPS": 0.1,
        "Basic EPS": 0.1,
        "Diluted NI Availto Com Stockholders": NaN,
        "Net Income Common Stockholders": NaN,
        "Net Income": NaN,
        "Minority Interests": 0.0,
        "Net Income Including Noncontrolling Interests": NaN,
        "Net Income Discontinuous Operations": 0.0,
        "Net Income Continuous Operations": NaN,
        "Tax Provision": NaN,
        "Pretax Income": NaN,
        "Other Income Expense": NaN,
        "Other Non Operating Income Expenses": -23926000.0,
        "Special Income Charges": NaN,
        "Gain On Sale Of Business": NaN,
        "Write Off": NaN,
        "Earnings From Equity Interest": NaN,
        "Gain On Sale Of Security": NaN,
        "Net Non Operating Interest Income Expense": NaN,
        "Interest Expense Non Operating": NaN,
        "Interest Income Non Operating": NaN,
        "Operating Income": NaN,
        "Operating Expense": NaN,
        "Other Operating Expenses": 1297000.0,
        "Provision For Doubtful Accounts": 19860000.0,
        "Research And Development": NaN,
        "Selling General And Administration": NaN,
        "General And Administrative Expense": NaN,
        "Other Gand A": NaN,
        "Gross Profit": NaN,
        "Cost Of Revenue": NaN,
        "Total Revenue": NaN,
        "Operating Revenue": NaN
    },
    "2023-09-30": {
        "Tax Effect Of Unusual Items": NaN,
        "Tax Rate For Calcs": NaN,
        "Normalized EBITDA": NaN,
        "Total Unusual Items": NaN,
        "Total Unusual Items Excluding Goodwill": NaN,
        "Net Income From Continuing Operation Net Minority Interest": NaN,
        "Reconciled Depreciation": NaN,
        "Reconciled Cost Of Revenue": NaN,
        "EBITDA": NaN,
        "EBIT": NaN,
        "Net Interest Income": NaN,
        "Interest Expense": NaN,
        "Interest Income": NaN,
        "Normalized Income": NaN,
        "Net Income From Continuing And Discontinued Operation": NaN,
        "Total Expenses": NaN,
        "Total Operating Income As Reported": NaN,
        "Diluted Average Shares": 185304000.0,
        "Basic Average Shares": 185304000.0,
        "Diluted EPS": -0.080924,
        "Basic EPS": -0.080924,
        "Diluted NI Availto Com Stockholders": NaN,
        "Net Income Common Stockholders": NaN,
        "Net Income": NaN,
        "Minority Interests": 0.0,
        "Net Income Including Noncontrolling Interests": NaN,
        "Net Income Discontinuous Operations": 0.0,
        "Net Income Continuous Operations": NaN,
        "Tax Provision": NaN,
        "Pretax Income": NaN,
        "Other Income Expense": NaN,
        "Special Income Charges": NaN,
        "Gain On Sale Of Business": NaN,
        "Write Off": NaN,
        "Earnings From Equity Interest": NaN,
        "Gain On Sale Of Security": NaN,
        "Net Non Operating Interest Income Expense": NaN,
        "Interest Expense Non Operating": NaN,
        "Interest Income Non Operating": NaN,
        "Operating Income": NaN,
        "Operating Expense": NaN,
        "Provision For Doubtful Accounts": NaN,
        "Research And Development": NaN,
        "Selling General And Administration": NaN,
        "General And Administrative Expense": NaN,
        "Other Gand A": NaN,
        "Gross Profit": NaN,
        "Cost Of Revenue": NaN,
        "Total Revenue": NaN,
        "Operating Revenue": NaN
    },
    "2023-12-31": {
        "Tax Effect Of Unusual Items": NaN,
        "Tax Rate For Calcs": NaN,
        "Normalized EBITDA": NaN,
        "Total Unusual Items": NaN,
        "Total Unusual Items Excluding Goodwill": NaN,
        "Net Income From Continuing Operation Net Minority Interest": NaN,
        "Reconciled Depreciation": NaN,
        "Reconciled Cost Of Revenue": NaN,
        "EBITDA": NaN,
        "EBIT": NaN,
        "Net Interest Income": NaN,
        "Interest Expense": NaN,
        "Interest Income": NaN,
        "Normalized Income": NaN,
        "Net Income From Continuing And Discontinued Operation": NaN,
        "Total Expenses": NaN,
        "Total Operating Income As Reported": NaN,
        "Diluted Average Shares": NaN,
        "Basic Average Shares": NaN,
        "Diluted EPS": NaN,
        "Basic EPS": NaN,
        "Diluted NI Availto Com Stockholders": NaN,
        "Net Income Common Stockholders": NaN,
        "Net Income": NaN,
        "Minority Interests": 0.0,
        "Net Income Including Noncontrolling Interests": NaN,
        "Net Income Discontinuous Operations": 0.0,
        "Net Income Continuous Operations": NaN,
        "Tax Provision": NaN,
        "Pretax Income": NaN,
        "Other Income Expense": NaN,
        "Special Income Charges": NaN,
        "Gain On Sale Of Business": -5573691.503159,
        "Write Off": NaN,
        "Earnings From Equity Interest": NaN,
        "Gain On Sale Of Security": NaN,
        "Net Non Operating Interest Income Expense": NaN,
        "Interest Expense Non Operating": NaN,
        "Interest Income Non Operating": NaN,
        "Operating Income": NaN,
        "Operating Expense": NaN,
        "Provision For Doubtful Accounts": NaN,
        "Research And Development": NaN,
        "Selling General And Administration": NaN,
        "General And Administrative Expense": NaN,
        "Other Gand A": NaN,
        "Gross Profit": NaN,
        "Cost Of Revenue": NaN,
        "Total Revenue": NaN,
        "Operating Revenue": NaN
    },
    "2024-03-31": {
        "Tax Effect Of Unusual Items": NaN,
        "Tax Rate For Calcs": NaN,
        "Normalized EBITDA": NaN,
        "Total Unusual Items": NaN,
        "Total Unusual Items Excluding Goodwill": NaN,
        "Net Income From Continuing Operation Net Minority Interest": NaN,
        "Reconciled Depreciation": NaN,
        "Reconciled Cost Of Revenue": NaN,
        "EBITDA": NaN,
        "EBIT": NaN,
        "Net Interest Income": NaN,
        "Interest Expense": NaN,
        "Interest Income": NaN,
        "Normalized Income": NaN,
        "Net Income From Continuing And Discontinued Operation": NaN,
        "Total Expenses": NaN,
        "Total Operating Income As Reported": NaN,
        "Diluted Average Shares": NaN,
        "Basic Average Shares": NaN,
        "Diluted EPS": NaN,
        "Basic EPS": NaN,
        "Diluted NI Availto Com Stockholders": NaN,
        "Net Income Common Stockholders": NaN,
        "Net Income": NaN,
        "Net Income Including Noncontrolling Interests": NaN,
        "Net Income Continuous Operations": NaN,
        "Tax Provision": NaN,
        "Pretax Income": NaN,
        "Other Income Expense": NaN,
        "Special Income Charges": NaN,
        "Gain On Sale Of Business": 0.0,
        "Write Off": NaN,
        "Earnings From Equity Interest": NaN,
        "Gain On Sale Of Security": NaN,
        "Net Non Operating Interest Income Expense": NaN,
        "Interest Expense Non Operating": NaN,
        "Interest Income Non Operating": NaN,
        "Operating Income": NaN,
        "Operating Expense": NaN,
        "Other Operating Expenses": NaN,
        "Provision For Doubtful Accounts": -1399000.0,
        "Research And Development": NaN,
        "Selling General And Administration": NaN,
        "General And Administrative Expense": NaN,
        "Other Gand A": NaN,
        "Gross Profit": NaN,
        "Cost Of Revenue": NaN,
        "Total Revenue": NaN,
        "Operating Revenue": NaN
    },
    "2024-06-30": {
        "Tax Effect Of Unusual Items": NaN,
        "Tax Rate For Calcs": NaN,
        "Normalized EBITDA": NaN,
        "Total Unusual Items": NaN,
        "Total Unusual Items Excluding Goodwill": NaN,
        "Net Income From Continuing Operation Net Minority Interest": NaN,
        "Reconciled Depreciation": NaN,
        "Reconciled Cost Of Revenue": NaN,
        "EBITDA": NaN,
        "EBIT": NaN,
        "Net Interest Income": NaN,
        "Interest Expense": NaN,
        "Interest Income": NaN,
        "Normalized Income": NaN,
        "Net Income From Continuing And Discontinued Operation": NaN,
        "Total Expenses": NaN,
        "Total Operating Income As Reported": NaN,
        "Diluted Average Shares": 186217000.0,
        "Basic Average Shares": 186217000.0,
        "Diluted EPS": -0.08,
        "Basic EPS": -0.08,
        "Diluted NI Availto Com Stockholders": NaN,
        "Net Income Common Stockholders": NaN,
        "Net Income": NaN,
        "Net Income Including Noncontrolling Interests": NaN,
        "Net Income Continuous Operations": NaN,
        "Tax Provision": NaN,
        "Pretax Income": NaN,
        "Other Income Expense": NaN,
        "Special Income Charges": -49558000.0,
        "Gain On Sale Of Business": 0.0,
        "Write Off": 49558000.0,
        "Earnings From Equity Interest": NaN,
        "Gain On Sale Of Security": NaN,
        "Net Non Operating Interest Income Expense": NaN,
        "Interest Expense Non Operating": NaN,
        "Interest Income Non Operating": NaN,
        "Operating Income": NaN,
        "Operating Expense": NaN,
        "Other Operating Expenses": NaN,
        "Provision For Doubtful Accounts": 0.0,
        "Research And Development": NaN,
        "Selling General And Administration": NaN,
        "General And Administrative Expense": NaN,
        "Other Gand A": NaN,
        "Gross Profit": NaN,
        "Cost Of Revenue": NaN,
        "Total Revenue": NaN,
        "Operating Revenue": NaN
    },
    "2024-09-30": {
        "Tax Effect Of Unusual Items": 141259.267007,
        "Tax Rate For Calcs": 0.301505,
        "Normalized EBITDA": 27871776.652752,
        "Total Unusual Items": 468514.077627,
        "Total Unusual Items Excluding Goodwill": 468514.077627,
        "Net Income From Continuing Operation Net Minority Interest": 13535837.99627,
        "Reconciled Depreciation": 7287503.330669,
        "Reconciled Cost Of Revenue": 8627912.484827,
        "EBITDA": 28340290.730379,
        "EBIT": 21052787.39971,
        "Net Interest Income": -496639.725257,
        "Interest Expense": 1674216.182609,
        "Interest Income": 1177576.457353,
        "Normalized Income": 13208583.18565,
        "Net Income From Continuing And Discontinued Operation": 13535837.99627,
        "Total Expenses": 14689729.697723,
        "Total Operating Income As Reported": 27687479.645913,
        "Diluted Average Shares": 187732000.0,
        "Basic Average Shares": 186408000.0,
        "Diluted EPS": 0.074015,
        "Basic EPS": 0.074015,
        "Diluted NI Availto Com Stockholders": 13535837.99627,
        "Net Income Common Stockholders": 13535837.99627,
        "Net Income": 13535837.99627,
        "Net Income Including Noncontrolling Interests": 13535837.99627,
        "Net Income Continuous Operations": 13535837.99627,
        "Tax Provision": 5842733.220831,
        "Pretax Income": 19378571.2171,
        "Other Income Expense": -7812268.703556,
        "Special Income Charges": 0.0,
        "Gain On Sale Of Business": 0.0,
        "Write Off": 0.0,
        "Earnings From Equity Interest": -8280782.781182,
        "Gain On Sale Of Security": 468514.077627,
        "Net Non Operating Interest Income Expense": -496639.725257,
        "Interest Expense Non Operating": 1674216.182609,
        "Interest Income Non Operating": 1177576.457353,
        "Operating Income": 27687479.645913,
        "Operating Expense": 6061817.212896,
        "Other Operating Expenses": NaN,
        "Provision For Doubtful Accounts": NaN,
        "Research And Development": 1114663.824496,
        "Selling General And Administration": 4947153.3884,
        "General And Administrative Expense": 4947153.3884,
        "Other Gand A": 4947153.3884,
        "Gross Profit": 33749296.858809,
        "Cost Of Revenue": 8627912.484827,
        "Total Revenue": 42377209.343636,
        "Operating Revenue": 42377209.343636
    },
    "2024-12-31": {
        "Tax Effect Of Unusual Items": -1722358.126832,
        "Tax Rate For Calcs": 0.15,
        "Normalized EBITDA": 38595078.396542,
        "Total Unusual Items": -11482387.512212,
        "Total Unusual Items Excluding Goodwill": -11482387.512212,
        "Net Income From Continuing Operation Net Minority Interest": 7203139.976907,
        "Reconciled Depreciation": 9560838.558783,
        "Reconciled Cost Of Revenue": -21130816.058264,
        "EBITDA": 27112690.88433,
        "EBIT": 17551852.325547,
        "Net Interest Income": -306915.978328,
        "Interest Expense": 1429007.37188,
        "Interest Income": 1122091.393552,
        "Normalized Income": 16963169.362288,
        "Net Income From Continuing And Discontinued Operation": 7203139.976907,
        "Total Expenses": 16142956.804926,
        "Total Operating Income As Reported": 38925148.710661,
        "Diluted Average Shares": NaN,
        "Basic Average Shares": NaN,
        "Diluted EPS": NaN,
        "Basic EPS": NaN,
        "Diluted NI Availto Com Stockholders": 7203139.976907,
        "Net Income Common Stockholders": 7203139.976907,
        "Net Income": 7203139.976907,
        "Net Income Including Noncontrolling Interests": 7203139.976907,
        "Net Income Continuous Operations": 7203139.976907,
        "Tax Provision": 8919704.976759,
        "Pretax Income": 16122844.953667,
        "Other Income Expense": -23246626.461794,
        "Special Income Charges": -10054820.321521,
        "Gain On Sale Of Business": -9300000.0,
        "Write Off": 754820.321521,
        "Earnings From Equity Interest": -9402238.949581,
        "Gain On Sale Of Security": -1427567.190692,
        "Net Non Operating Interest Income Expense": -306915.978328,
        "Interest Expense Non Operating": 1429007.37188,
        "Interest Income Non Operating": 1122091.393552,
        "Operating Income": 39676387.393789,
        "Operating Expense": 37273772.863191,
        "Other Operating Expenses": NaN,
        "Provision For Doubtful Accounts": NaN,
        "Research And Development": 1961602.984279,
        "Selling General And Administration": 4104169.878912,
        "General And Administrative Expense": 4104169.878912,
        "Other Gand A": 4104169.878912,
        "Gross Profit": 76950160.25698,
        "Cost Of Revenue": -21130816.058264,
        "Total Revenue": 55819344.198715,
        "Operating Revenue": 55819344.198715
    },
    "2025-03-31": {
        "Tax Effect Of Unusual Items": -29577.376511,
        "Tax Rate For Calcs": 0.234741,
        "Normalized EBITDA": 43393000.0,
        "Total Unusual Items": -126000.0,
        "Total Unusual Items Excluding Goodwill": -126000.0,
        "Net Income From Continuing Operation Net Minority Interest": 25640000.0,
        "Reconciled Depreciation": 8032000.0,
        "Reconciled Cost Of Revenue": 9363000.0,
        "EBITDA": 43267000.0,
        "EBIT": 35235000.0,
        "Net Interest Income": -1132000.0,
        "Interest Expense": 1730000.0,
        "Interest Income": 598000.0,
        "Normalized Income": 25736422.623489,
        "Net Income From Continuing And Discontinued Operation": 25640000.0,
        "Total Expenses": 16401000.0,
        "Total Operating Income As Reported": 38515000.0,
        "Diluted Average Shares": 188425000.0,
        "Basic Average Shares": 186979000.0,
        "Diluted EPS": 0.14,
        "Basic EPS": 0.14,
        "Diluted NI Availto Com Stockholders": 25640000.0,
        "Net Income Common Stockholders": 25640000.0,
        "Net Income": 25640000.0,
        "Net Income Including Noncontrolling Interests": 25640000.0,
        "Net Income Continuous Operations": 25640000.0,
        "Tax Provision": 7865000.0,
        "Pretax Income": 33505000.0,
        "Other Income Expense": -3878000.0,
        "Special Income Charges": NaN,
        "Gain On Sale Of Business": NaN,
        "Write Off": NaN,
        "Earnings From Equity Interest": -3752000.0,
        "Gain On Sale Of Security": -126000.0,
        "Net Non Operating Interest Income Expense": -1132000.0,
        "Interest Expense Non Operating": 1730000.0,
        "Interest Income Non Operating": 598000.0,
        "Operating Income": 38515000.0,
        "Operating Expense": 7038000.0,
        "Other Operating Expenses": NaN,
        "Provision For Doubtful Accounts": 0.0,
        "Research And Development": 2079000.0,
        "Selling General And Administration": 4959000.0,
        "General And Administrative Expense": 4959000.0,
        "Other Gand A": 4959000.0,
        "Gross Profit": 45553000.0,
        "Cost Of Revenue": 9363000.0,
        "Total Revenue": 54916000.0,
        "Operating Revenue": 54916000.0
    },
    "2025-06-30": {
        "Tax Effect Of Unusual Items": 115220.436513,
        "Tax Rate For Calcs": 0.179751,
        "Normalized EBITDA": 47841000.0,
        "Total Unusual Items": 641000.0,
        "Total Unusual Items Excluding Goodwill": 641000.0,
        "Net Income From Continuing Operation Net Minority Interest": 32358000.0,
        "Reconciled Depreciation": 7909000.0,
        "Reconciled Cost Of Revenue": 10173000.0,
        "EBITDA": 48482000.0,
        "EBIT": 40573000.0,
        "Net Interest Income": -506000.0,
        "Interest Expense": 1124000.0,
        "Interest Income": 618000.0,
        "Normalized Income": 31832220.436513,
        "Net Income From Continuing And Discontinued Operation": 32358000.0,
        "Total Expenses": 18937000.0,
        "Total Operating Income As Reported": 41427000.0,
        "Diluted Average Shares": 189081000.0,
        "Basic Average Shares": 187746000.0,
        "Diluted EPS": 0.17,
        "Basic EPS": 0.17,
        "Diluted NI Availto Com Stockholders": 32358000.0,
        "Net Income Common Stockholders": 32358000.0,
        "Net Income": 32358000.0,
        "Net Income Including Noncontrolling Interests": 32358000.0,
        "Net Income Continuous Operations": 32358000.0,
        "Tax Provision": 7091000.0,
        "Pretax Income": 39449000.0,
        "Other Income Expense": -1472000.0,
        "Special Income Charges": 0.0,
        "Gain On Sale Of Business": NaN,
        "Write Off": 0.0,
        "Earnings From Equity Interest": -2113000.0,
        "Gain On Sale Of Security": 641000.0,
        "Net Non Operating Interest Income Expense": -506000.0,
        "Interest Expense Non Operating": 1124000.0,
        "Interest Income Non Operating": 618000.0,
        "Operating Income": 41427000.0,
        "Operating Expense": 8764000.0,
        "Other Operating Expenses": NaN,
        "Provision For Doubtful Accounts": 0.0,
        "Research And Development": 2826000.0,
        "Selling General And Administration": 5938000.0,
        "General And Administrative Expense": 5938000.0,
        "Other Gand A": 5938000.0,
        "Gross Profit": 50191000.0,
        "Cost Of Revenue": 10173000.0,
        "Total Revenue": 60364000.0,
        "Operating Revenue": 60364000.0
    },
    "2025-09-30": {
        "Tax Effect Of Unusual Items": 4804100.0,
        "Tax Rate For Calcs": 0.1,
        "Normalized EBITDA": 55424000.0,
        "Total Unusual Items": 48041000.0,
        "Total Unusual Items Excluding Goodwill": 48041000.0,
        "Net Income From Continuing Operation Net Minority Interest": 82845000.0,
        "Reconciled Depreciation": 10493000.0,
        "Reconciled Cost Of Revenue": 12526000.0,
        "EBITDA": 103465000.0,
        "EBIT": 92972000.0,
        "Net Interest Income": 176000.0,
        "Interest Expense": 886000.0,
        "Interest Income": 1062000.0,
        "Normalized Income": 39608100.0,
        "Net Income From Continuing And Discontinued Operation": 82845000.0,
        "Total Expenses": 19443000.0,
        "Total Operating Income As Reported": 46687000.0,
        "Diluted Average Shares": 189519000.0,
        "Basic Average Shares": 188312000.0,
        "Diluted EPS": 0.44,
        "Basic EPS": 0.44,
        "Diluted NI Availto Com Stockholders": 82845000.0,
        "Net Income Common Stockholders": 82845000.0,
        "Net Income": 82845000.0,
        "Net Income Including Noncontrolling Interests": 82845000.0,
        "Net Income Continuous Operations": 82845000.0,
        "Tax Provision": 9241000.0,
        "Pretax Income": 92086000.0,
        "Other Income Expense": 39728000.0,
        "Special Income Charges": 47797000.0,
        "Gain On Sale Of Business": 53292000.0,
        "Write Off": 5495000.0,
        "Earnings From Equity Interest": -8313000.0,
        "Gain On Sale Of Security": 244000.0,
        "Net Non Operating Interest Income Expense": 176000.0,
        "Interest Expense Non Operating": 886000.0,
        "Interest Income Non Operating": 1062000.0,
        "Operating Income": 52182000.0,
        "Operating Expense": 6917000.0,
        "Other Operating Expenses": 2015000.0,
        "Provision For Doubtful Accounts": 0.0,
        "Research And Development": 2015000.0,
        "Selling General And Administration": 4902000.0,
        "General And Administrative Expense": 4902000.0,
        "Other Gand A": 4902000.0,
        "Gross Profit": 59099000.0,
        "Cost Of Revenue": 12526000.0,
        "Total Revenue": 71625000.0,
        "Operating Revenue": 71625000.0
    }
}