{
    "2023-05-31": {
        "Tax Effect Of Unusual Items": NaN,
        "Tax Rate For Calcs": NaN,
        "Normalized EBITDA": NaN,
        "Total Unusual Items": NaN,
        "Total Unusual Items Excluding Goodwill": NaN,
        "Net Income From Continuing Operation Net Minority Interest": NaN,
        "Reconciled Depreciation": NaN,
        "Reconciled Cost Of Revenue": NaN,
        "EBITDA": NaN,
        "EBIT": NaN,
        "Net Interest Income": NaN,
        "Interest Expense": NaN,
        "Interest Income": NaN,
        "Normalized Income": NaN,
        "Net Income From Continuing And Discontinued Operation": NaN,
        "Total Expenses": NaN,
        "Total Operating Income As Reported": NaN,
        "Diluted Average Shares": NaN,
        "Basic Average Shares": NaN,
        "Diluted EPS": NaN,
        "Basic EPS": NaN,
        "Diluted NI Availto Com Stockholders": NaN,
        "Net Income Common Stockholders": NaN,
        "Net Income": NaN,
        "Net Income Including Noncontrolling Interests": NaN,
        "Net Income Continuous Operations": NaN,
        "Tax Provision": NaN,
        "Pretax Income": NaN,
        "Other Income Expense": NaN,
        "Other Non Operating Income Expenses": NaN,
        "Special Income Charges": NaN,
        "Restructuring And Mergern Acquisition": NaN,
        "Earnings From Equity Interest": NaN,
        "Gain On Sale Of Security": NaN,
        "Net Non Operating Interest Income Expense": NaN,
        "Interest Expense Non Operating": NaN,
        "Interest Income Non Operating": NaN,
        "Operating Income": NaN,
        "Operating Expense": NaN,
        "Other Operating Expenses": 25000000.0,
        "Depreciation Amortization Depletion Income Statement": NaN,
        "Depreciation And Amortization In Income Statement": NaN,
        "Amortization": NaN,
        "Amortization Of Intangibles Income Statement": NaN,
        "Research And Development": NaN,
        "Selling General And Administration": NaN,
        "Selling And Marketing Expense": NaN,
        "General And Administrative Expense": NaN,
        "Other Gand A": NaN,
        "Salaries And Wages": NaN,
        "Gross Profit": NaN,
        "Cost Of Revenue": NaN,
        "Total Revenue": NaN,
        "Operating Revenue": NaN
    },
    "2023-02-28": {
        "Tax Effect Of Unusual Items": NaN,
        "Tax Rate For Calcs": NaN,
        "Normalized EBITDA": NaN,
        "Total Unusual Items": NaN,
        "Total Unusual Items Excluding Goodwill": NaN,
        "Net Income From Continuing Operation Net Minority Interest": NaN,
        "Reconciled Depreciation": NaN,
        "Reconciled Cost Of Revenue": NaN,
        "EBITDA": NaN,
        "EBIT": NaN,
        "Net Interest Income": NaN,
        "Interest Expense": NaN,
        "Interest Income": NaN,
        "Normalized Income": NaN,
        "Net Income From Continuing And Discontinued Operation": NaN,
        "Total Expenses": NaN,
        "Total Operating Income As Reported": NaN,
        "Diluted Average Shares": NaN,
        "Basic Average Shares": NaN,
        "Diluted EPS": NaN,
        "Basic EPS": NaN,
        "Diluted NI Availto Com Stockholders": NaN,
        "Net Income Common Stockholders": NaN,
        "Net Income": NaN,
        "Net Income Including Noncontrolling Interests": NaN,
        "Net Income Continuous Operations": NaN,
        "Tax Provision": NaN,
        "Pretax Income": NaN,
        "Other Income Expense": NaN,
        "Other Non Operating Income Expenses": NaN,
        "Special Income Charges": NaN,
        "Restructuring And Mergern Acquisition": NaN,
        "Earnings From Equity Interest": NaN,
        "Gain On Sale Of Security": NaN,
        "Net Non Operating Interest Income Expense": NaN,
        "Interest Expense Non Operating": NaN,
        "Interest Income Non Operating": NaN,
        "Operating Income": NaN,
        "Operating Expense": NaN,
        "Other Operating Expenses": 20000000.0,
        "Depreciation Amortization Depletion Income Statement": NaN,
        "Depreciation And Amortization In Income Statement": NaN,
        "Amortization": NaN,
        "Amortization Of Intangibles Income Statement": NaN,
        "Research And Development": NaN,
        "Selling General And Administration": NaN,
        "Selling And Marketing Expense": NaN,
        "General And Administrative Expense": NaN,
        "Other Gand A": NaN,
        "Salaries And Wages": 311000000.0,
        "Gross Profit": NaN,
        "Cost Of Revenue": NaN,
        "Total Revenue": NaN,
        "Operating Revenue": NaN
    },
    "2022-11-30": {
        "Tax Effect Of Unusual Items": NaN,
        "Tax Rate For Calcs": NaN,
        "Normalized EBITDA": NaN,
        "Total Unusual Items": NaN,
        "Total Unusual Items Excluding Goodwill": NaN,
        "Net Income From Continuing Operation Net Minority Interest": NaN,
        "Reconciled Depreciation": NaN,
        "Reconciled Cost Of Revenue": NaN,
        "EBITDA": NaN,
        "EBIT": NaN,
        "Net Interest Income": NaN,
        "Interest Expense": NaN,
        "Interest Income": NaN,
        "Normalized Income": NaN,
        "Net Income From Continuing And Discontinued Operation": NaN,
        "Total Expenses": NaN,
        "Total Operating Income As Reported": NaN,
        "Diluted Average Shares": NaN,
        "Basic Average Shares": NaN,
        "Diluted EPS": NaN,
        "Basic EPS": NaN,
        "Diluted NI Availto Com Stockholders": NaN,
        "Net Income Common Stockholders": NaN,
        "Net Income": NaN,
        "Net Income Including Noncontrolling Interests": NaN,
        "Net Income Continuous Operations": NaN,
        "Tax Provision": NaN,
        "Pretax Income": NaN,
        "Other Income Expense": NaN,
        "Other Non Operating Income Expenses": NaN,
        "Special Income Charges": NaN,
        "Restructuring And Mergern Acquisition": NaN,
        "Earnings From Equity Interest": NaN,
        "Gain On Sale Of Security": NaN,
        "Net Non Operating Interest Income Expense": NaN,
        "Interest Expense Non Operating": NaN,
        "Interest Income Non Operating": NaN,
        "Operating Income": NaN,
        "Operating Expense": NaN,
        "Other Operating Expenses": 38000000.0,
        "Depreciation Amortization Depletion Income Statement": NaN,
        "Depreciation And Amortization In Income Statement": NaN,
        "Amortization": NaN,
        "Amortization Of Intangibles Income Statement": NaN,
        "Research And Development": NaN,
        "Selling General And Administration": NaN,
        "Selling And Marketing Expense": NaN,
        "General And Administrative Expense": NaN,
        "Other Gand A": NaN,
        "Salaries And Wages": NaN,
        "Gross Profit": NaN,
        "Cost Of Revenue": NaN,
        "Total Revenue": NaN,
        "Operating Revenue": NaN
    },
    "2022-08-31": {
        "Tax Effect Of Unusual Items": NaN,
        "Tax Rate For Calcs": NaN,
        "Normalized EBITDA": NaN,
        "Total Unusual Items": NaN,
        "Total Unusual Items Excluding Goodwill": NaN,
        "Net Income From Continuing Operation Net Minority Interest": NaN,
        "Reconciled Depreciation": NaN,
        "Reconciled Cost Of Revenue": NaN,
        "EBITDA": NaN,
        "EBIT": NaN,
        "Net Interest Income": NaN,
        "Interest Expense": NaN,
        "Interest Income": NaN,
        "Normalized Income": NaN,
        "Net Income From Continuing And Discontinued Operation": NaN,
        "Total Expenses": NaN,
        "Total Operating Income As Reported": NaN,
        "Diluted Average Shares": NaN,
        "Basic Average Shares": NaN,
        "Diluted EPS": NaN,
        "Basic EPS": NaN,
        "Diluted NI Availto Com Stockholders": NaN,
        "Net Income Common Stockholders": NaN,
        "Net Income": NaN,
        "Net Income Including Noncontrolling Interests": NaN,
        "Net Income Continuous Operations": NaN,
        "Tax Provision": NaN,
        "Pretax Income": NaN,
        "Other Income Expense": NaN,
        "Other Non Operating Income Expenses": NaN,
        "Special Income Charges": NaN,
        "Restructuring And Mergern Acquisition": NaN,
        "Earnings From Equity Interest": NaN,
        "Gain On Sale Of Security": NaN,
        "Net Non Operating Interest Income Expense": NaN,
        "Interest Expense Non Operating": NaN,
        "Interest Income Non Operating": NaN,
        "Operating Income": NaN,
        "Operating Expense": NaN,
        "Other Operating Expenses": 19000000.0,
        "Depreciation Amortization Depletion Income Statement": NaN,
        "Depreciation And Amortization In Income Statement": NaN,
        "Amortization": NaN,
        "Amortization Of Intangibles Income Statement": NaN,
        "Research And Development": NaN,
        "Selling General And Administration": NaN,
        "Selling And Marketing Expense": NaN,
        "General And Administrative Expense": NaN,
        "Other Gand A": NaN,
        "Salaries And Wages": 84000000.0,
        "Gross Profit": NaN,
        "Cost Of Revenue": NaN,
        "Total Revenue": NaN,
        "Operating Revenue": NaN
    },
    "2022-05-31": {
        "Tax Effect Of Unusual Items": -12720000.0,
        "Tax Rate For Calcs": 0.12,
        "Normalized EBITDA": 5265000000.0,
        "Total Unusual Items": -106000000.0,
        "Total Unusual Items Excluding Goodwill": -106000000.0,
        "Net Income From Continuing Operation Net Minority Interest": 3189000000.0,
        "Reconciled Depreciation": 831000000.0,
        "Reconciled Cost Of Revenue": 1833000000.0,
        "EBIT": 4328000000.0,
        "Net Interest Income": -704000000.0,
        "Interest Expense": 704000000.0,
        "Interest Income": 38000000.0,
        "Normalized Income": 3282280000.0,
        "Net Income From Continuing And Discontinued Operation": 3189000000.0,
        "Total Expenses": 7231000000.0,
        "Total Operating Income As Reported": 4503000000.0,
        "Diluted Average Shares": 2744000000.0,
        "Basic Average Shares": 2667000000.0,
        "Diluted EPS": 1.16,
        "Basic EPS": 1.2,
        "Diluted NI Availto Com Stockholders": 3189000000.0,
        "Net Income Common Stockholders": 3189000000.0,
        "Net Income": 3189000000.0,
        "Net Income Including Noncontrolling Interests": 3189000000.0,
        "Net Income Continuous Operations": 3189000000.0,
        "Tax Provision": 435000000.0,
        "Pretax Income": 3624000000.0,
        "Other Income Expense": -281000000.0,
        "Other Non Operating Income Expenses": -175000000.0,
        "Special Income Charges": -106000000.0,
        "Restructuring And Mergern Acquisition": 106000000.0,
        "Earnings From Equity Interest": -53000000.0,
        "Gain On Sale Of Security": -237000000.0,
        "Net Non Operating Interest Income Expense": -704000000.0,
        "Interest Expense Non Operating": 704000000.0,
        "Interest Income Non Operating": 38000000.0,
        "Operating Income": 4609000000.0,
        "Operating Expense": 4835000000.0,
        "Other Operating Expenses": 1000000.0,
        "Depreciation Amortization Depletion Income Statement": 268000000.0,
        "Depreciation And Amortization In Income Statement": 268000000.0,
        "Amortization": 268000000.0,
        "Amortization Of Intangibles Income Statement": 268000000.0,
        "Research And Development": 1965000000.0,
        "Selling General And Administration": 2602000000.0,
        "Selling And Marketing Expense": 2238000000.0,
        "General And Administrative Expense": 364000000.0,
        "Other Gand A": 364000000.0,
        "Salaries And Wages": NaN,
        "Gross Profit": 9444000000.0,
        "Cost Of Revenue": 2396000000.0,
        "Total Revenue": 11840000000.0,
        "Operating Revenue": 11840000000.0
    },
    "2022-02-28": {
        "Diluted EPS": 0.84,
        "Total Revenue": NaN,
        "Gross Profit": NaN,
        "Operating Income": NaN,
        "EBIT": NaN,
        "Net Income": NaN
    },
    "2021-11-30": {
        "Diluted EPS": -0.46,
        "Total Revenue": NaN,
        "Gross Profit": NaN,
        "Operating Income": -824,
        "EBIT": -65,
        "Net Income": NaN
    },
    "2021-08-31": {
        "Diluted EPS": 0.86,
        "Total Revenue": NaN,
        "Gross Profit": NaN,
        "Operating Income": NaN,
        "EBIT": NaN,
        "Net Income": NaN
    },
    "2021-05-31": {
        "Diluted EPS": 1.35,
        "Total Revenue": NaN,
        "Gross Profit": NaN,
        "Operating Income": NaN,
        "EBIT": NaN,
        "Net Income": NaN
    },
    "2021-02-28": {
        "Diluted EPS": 1.68,
        "Total Revenue": NaN,
        "Gross Profit": NaN,
        "Operating Income": NaN,
        "EBIT": NaN,
        "Net Income": NaN
    },
    "2020-11-30": {
        "Diluted EPS": 0.8,
        "Total Revenue": NaN,
        "Gross Profit": NaN,
        "Operating Income": NaN,
        "EBIT": NaN,
        "Net Income": NaN
    },
    "2020-08-31": {
        "Diluted EPS": 0.72,
        "Total Revenue": NaN,
        "Gross Profit": NaN,
        "Operating Income": NaN,
        "EBIT": NaN,
        "Net Income": NaN
    },
    "2020-05-31": {
        "Diluted EPS": 0.97,
        "Total Revenue": NaN,
        "Gross Profit": NaN,
        "Operating Income": NaN,
        "EBIT": NaN,
        "Net Income": NaN
    },
    "2020-02-29": {
        "Diluted EPS": 0.79,
        "Total Revenue": NaN,
        "Gross Profit": NaN,
        "Operating Income": NaN,
        "EBIT": NaN,
        "Net Income": NaN
    },
    "2019-11-30": {
        "Diluted EPS": 0.69,
        "Total Revenue": NaN,
        "Gross Profit": NaN,
        "Operating Income": NaN,
        "EBIT": NaN,
        "Net Income": NaN
    },
    "2019-08-31": {
        "Diluted EPS": 0.63,
        "Total Revenue": NaN,
        "Gross Profit": NaN,
        "Operating Income": NaN,
        "EBIT": NaN,
        "Net Income": NaN
    },
    "2019-05-31": {
        "Diluted EPS": 1.03,
        "Total Revenue": NaN,
        "Gross Profit": NaN,
        "Operating Income": NaN,
        "EBIT": NaN,
        "Net Income": NaN
    },
    "2019-02-28": {
        "Diluted EPS": 0.76,
        "Total Revenue": NaN,
        "Gross Profit": NaN,
        "Operating Income": NaN,
        "EBIT": NaN,
        "Net Income": NaN
    },
    "2018-11-30": {
        "Diluted EPS": 0.61,
        "Total Revenue": NaN,
        "Gross Profit": NaN,
        "Operating Income": NaN,
        "EBIT": NaN,
        "Net Income": NaN
    },
    "2018-08-31": {
        "Diluted EPS": 0.57,
        "Total Revenue": NaN,
        "Gross Profit": NaN,
        "Operating Income": NaN,
        "EBIT": NaN,
        "Net Income": NaN
    },
    "2018-05-31": {
        "Diluted EPS": 0.81,
        "Total Revenue": NaN,
        "Gross Profit": NaN,
        "Operating Income": NaN,
        "EBIT": NaN,
        "Net Income": NaN
    },
    "2018-02-28": {
        "Diluted EPS": -0.98,
        "Total Revenue": NaN,
        "Gross Profit": NaN,
        "Operating Income": NaN,
        "EBIT": NaN,
        "Net Income": NaN
    },
    "2017-11-30": {
        "Diluted EPS": 0.52,
        "Total Revenue": NaN,
        "Gross Profit": NaN,
        "Operating Income": NaN,
        "EBIT": NaN,
        "Net Income": NaN
    },
    "2017-08-31": {
        "Diluted EPS": 0.5,
        "Total Revenue": NaN,
        "Gross Profit": NaN,
        "Operating Income": NaN,
        "EBIT": NaN,
        "Net Income": NaN
    },
    "2017-05-31": {
        "Diluted EPS": 0.8,
        "Total Revenue": NaN,
        "Gross Profit": NaN,
        "Operating Income": NaN,
        "EBIT": NaN,
        "Net Income": NaN
    },
    "2017-02-28": {
        "Diluted EPS": 0.53,
        "Total Revenue": NaN,
        "Gross Profit": NaN,
        "Operating Income": NaN,
        "EBIT": NaN,
        "Net Income": NaN
    },
    "2016-11-30": {
        "Diluted EPS": 0.48,
        "Total Revenue": NaN,
        "Gross Profit": NaN,
        "Operating Income": NaN,
        "EBIT": NaN,
        "Net Income": NaN
    },
    "2016-08-31": {
        "Diluted EPS": 0.43,
        "Total Revenue": NaN,
        "Gross Profit": NaN,
        "Operating Income": NaN,
        "EBIT": NaN,
        "Net Income": NaN
    },
    "2016-05-31": {
        "Diluted EPS": 0.66,
        "Total Revenue": NaN,
        "Gross Profit": NaN,
        "Operating Income": NaN,
        "EBIT": NaN,
        "Net Income": NaN
    },
    "2016-02-29": {
        "Diluted EPS": 0.5,
        "Total Revenue": NaN,
        "Gross Profit": NaN,
        "Operating Income": NaN,
        "EBIT": NaN,
        "Net Income": NaN
    },
    "2015-11-30": {
        "Diluted EPS": 0.51,
        "Total Revenue": NaN,
        "Gross Profit": NaN,
        "Operating Income": NaN,
        "EBIT": NaN,
        "Net Income": NaN
    },
    "2015-08-31": {
        "Diluted EPS": 0.4,
        "Total Revenue": NaN,
        "Gross Profit": NaN,
        "Operating Income": NaN,
        "EBIT": NaN,
        "Net Income": NaN
    },
    "2015-05-31": {
        "Diluted EPS": 0.61,
        "Total Revenue": NaN,
        "Gross Profit": NaN,
        "Operating Income": NaN,
        "EBIT": NaN,
        "Net Income": NaN
    },
    "2015-02-28": {
        "Diluted EPS": 0.56,
        "Total Revenue": NaN,
        "Gross Profit": NaN,
        "Operating Income": NaN,
        "EBIT": NaN,
        "Net Income": NaN
    },
    "2014-11-30": {
        "Diluted EPS": 0.56,
        "Total Revenue": NaN,
        "Gross Profit": NaN,
        "Operating Income": NaN,
        "EBIT": NaN,
        "Net Income": NaN
    },
    "2014-08-31": {
        "Diluted EPS": 0.48,
        "Total Revenue": NaN,
        "Gross Profit": NaN,
        "Operating Income": NaN,
        "EBIT": NaN,
        "Net Income": NaN
    },
    "2014-05-31": {
        "Diluted EPS": 0.79,
        "Total Revenue": NaN,
        "Gross Profit": NaN,
        "Operating Income": NaN,
        "EBIT": NaN,
        "Net Income": NaN
    },
    "2014-02-28": {
        "Diluted EPS": 0.56,
        "Total Revenue": NaN,
        "Gross Profit": NaN,
        "Operating Income": NaN,
        "EBIT": NaN,
        "Net Income": NaN
    },
    "2013-11-30": {
        "Diluted EPS": 0.56,
        "Total Revenue": NaN,
        "Gross Profit": NaN,
        "Operating Income": NaN,
        "EBIT": NaN,
        "Net Income": NaN
    },
    "2013-08-31": {
        "Diluted EPS": 0.47,
        "Total Revenue": NaN,
        "Gross Profit": NaN,
        "Operating Income": NaN,
        "EBIT": NaN,
        "Net Income": NaN
    },
    "2013-05-31": {
        "Diluted EPS": 0.8,
        "Total Revenue": NaN,
        "Gross Profit": NaN,
        "Operating Income": NaN,
        "EBIT": NaN,
        "Net Income": NaN
    },
    "2013-02-28": {
        "Diluted EPS": 0.52,
        "Total Revenue": NaN,
        "Gross Profit": NaN,
        "Operating Income": NaN,
        "EBIT": NaN,
        "Net Income": NaN
    },
    "2012-11-30": {
        "Diluted EPS": 0.53,
        "Total Revenue": NaN,
        "Gross Profit": NaN,
        "Operating Income": NaN,
        "EBIT": NaN,
        "Net Income": NaN
    },
    "2012-08-31": {
        "Diluted EPS": 0.41,
        "Total Revenue": NaN,
        "Gross Profit": NaN,
        "Operating Income": NaN,
        "EBIT": NaN,
        "Net Income": NaN
    },
    "2012-05-31": {
        "Diluted EPS": 0.68,
        "Total Revenue": NaN,
        "Gross Profit": NaN,
        "Operating Income": NaN,
        "EBIT": NaN,
        "Net Income": NaN
    },
    "2012-02-29": {
        "Diluted EPS": 0.49,
        "Total Revenue": NaN,
        "Gross Profit": NaN,
        "Operating Income": NaN,
        "EBIT": NaN,
        "Net Income": NaN
    },
    "2011-11-30": {
        "Diluted EPS": 0.43,
        "Total Revenue": NaN,
        "Gross Profit": NaN,
        "Operating Income": NaN,
        "EBIT": NaN,
        "Net Income": NaN
    },
    "2011-08-31": {
        "Diluted EPS": 0.36,
        "Total Revenue": NaN,
        "Gross Profit": NaN,
        "Operating Income": NaN,
        "EBIT": NaN,
        "Net Income": NaN
    },
    "2011-05-31": {
        "Diluted EPS": 0.62,
        "Total Revenue": NaN,
        "Gross Profit": NaN,
        "Operating Income": NaN,
        "EBIT": NaN,
        "Net Income": NaN
    },
    "2011-02-28": {
        "Diluted EPS": 0.41,
        "Total Revenue": NaN,
        "Gross Profit": NaN,
        "Operating Income": NaN,
        "EBIT": NaN,
        "Net Income": NaN
    },
    "2010-11-30": {
        "Diluted EPS": 0.37,
        "Total Revenue": NaN,
        "Gross Profit": NaN,
        "Operating Income": NaN,
        "EBIT": NaN,
        "Net Income": NaN
    },
    "2010-08-31": {
        "Diluted EPS": 0.27,
        "Total Revenue": NaN,
        "Gross Profit": NaN,
        "Operating Income": NaN,
        "EBIT": NaN,
        "Net Income": NaN
    },
    "2010-05-31": {
        "Diluted EPS": 0.47,
        "Total Revenue": NaN,
        "Gross Profit": NaN,
        "Operating Income": NaN,
        "EBIT": NaN,
        "Net Income": NaN
    },
    "2010-02-28": {
        "Diluted EPS": 0.23,
        "Total Revenue": NaN,
        "Gross Profit": NaN,
        "Operating Income": NaN,
        "EBIT": NaN,
        "Net Income": NaN
    },
    "2009-11-30": {
        "Diluted EPS": 0.29,
        "Total Revenue": NaN,
        "Gross Profit": NaN,
        "Operating Income": NaN,
        "EBIT": NaN,
        "Net Income": NaN
    },
    "2009-08-31": {
        "Diluted EPS": 0.22,
        "Total Revenue": NaN,
        "Gross Profit": NaN,
        "Operating Income": NaN,
        "EBIT": NaN,
        "Net Income": NaN
    },
    "2009-05-31": {
        "Diluted EPS": 0.37,
        "Total Revenue": NaN,
        "Gross Profit": NaN,
        "Operating Income": NaN,
        "EBIT": NaN,
        "Net Income": NaN
    },
    "2009-02-28": {
        "Diluted EPS": 0.26,
        "Total Revenue": NaN,
        "Gross Profit": NaN,
        "Operating Income": NaN,
        "EBIT": NaN,
        "Net Income": NaN
    },
    "2023-08-31": {
        "Tax Effect Of Unusual Items": NaN,
        "Tax Rate For Calcs": NaN,
        "Normalized EBITDA": NaN,
        "Total Unusual Items": NaN,
        "Total Unusual Items Excluding Goodwill": NaN,
        "Net Income From Continuing Operation Net Minority Interest": NaN,
        "Reconciled Depreciation": NaN,
        "Reconciled Cost Of Revenue": NaN,
        "EBITDA": NaN,
        "EBIT": NaN,
        "Net Interest Income": NaN,
        "Interest Expense": NaN,
        "Interest Income": NaN,
        "Normalized Income": NaN,
        "Net Income From Continuing And Discontinued Operation": NaN,
        "Total Expenses": NaN,
        "Total Operating Income As Reported": NaN,
        "Diluted Average Shares": NaN,
        "Basic Average Shares": NaN,
        "Diluted EPS": NaN,
        "Basic EPS": NaN,
        "Diluted NI Availto Com Stockholders": NaN,
        "Net Income Common Stockholders": NaN,
        "Net Income": NaN,
        "Net Income Including Noncontrolling Interests": NaN,
        "Net Income Continuous Operations": NaN,
        "Tax Provision": NaN,
        "Pretax Income": NaN,
        "Other Income Expense": NaN,
        "Other Non Operating Income Expenses": NaN,
        "Special Income Charges": NaN,
        "Restructuring And Mergern Acquisition": NaN,
        "Earnings From Equity Interest": NaN,
        "Gain On Sale Of Security": NaN,
        "Net Non Operating Interest Income Expense": NaN,
        "Interest Expense Non Operating": NaN,
        "Interest Income Non Operating": NaN,
        "Operating Income": NaN,
        "Operating Expense": NaN,
        "Other Operating Expenses": 4000000.0,
        "Depreciation Amortization Depletion Income Statement": NaN,
        "Depreciation And Amortization In Income Statement": NaN,
        "Amortization": NaN,
        "Amortization Of Intangibles Income Statement": NaN,
        "Research And Development": NaN,
        "Selling General And Administration": NaN,
        "Selling And Marketing Expense": NaN,
        "General And Administrative Expense": NaN,
        "Other Gand A": NaN,
        "Salaries And Wages": 80000000.0,
        "Gross Profit": NaN,
        "Cost Of Revenue": NaN,
        "Total Revenue": NaN,
        "Operating Revenue": NaN
    },
    "2023-11-30": {
        "Tax Effect Of Unusual Items": -19280000.0,
        "Tax Rate For Calcs": 0.08,
        "Normalized EBITDA": 5402000000.0,
        "Total Unusual Items": -241000000.0,
        "Total Unusual Items Excluding Goodwill": -241000000.0,
        "Net Income From Continuing Operation Net Minority Interest": 2503000000.0,
        "Reconciled Depreciation": 1553000000.0,
        "Reconciled Cost Of Revenue": 2942000000.0,
        "EBITDA": 5161000000.0,
        "EBIT": 3608000000.0,
        "Net Interest Income": -755000000.0,
        "Interest Expense": 888000000.0,
        "Interest Income": 133000000.0,
        "Normalized Income": 2724720000.0,
        "Net Income From Continuing And Discontinued Operation": 2503000000.0,
        "Total Expenses": 9189000000.0,
        "Total Operating Income As Reported": 3622000000.0,
        "Diluted Average Shares": 2817000000.0,
        "Basic Average Shares": 2746000000.0,
        "Diluted EPS": 0.89,
        "Basic EPS": 0.91,
        "Diluted NI Availto Com Stockholders": 2503000000.0,
        "Net Income Common Stockholders": 2503000000.0,
        "Net Income": 2503000000.0,
        "Net Income Including Noncontrolling Interests": 2503000000.0,
        "Net Income Continuous Operations": 2503000000.0,
        "Tax Provision": 217000000.0,
        "Pretax Income": 2720000000.0,
        "Other Income Expense": -277000000.0,
        "Other Non Operating Income Expenses": 5000000.0,
        "Special Income Charges": -130000000.0,
        "Restructuring And Mergern Acquisition": 130000000.0,
        "Earnings From Equity Interest": -41000000.0,
        "Gain On Sale Of Security": -111000000.0,
        "Net Non Operating Interest Income Expense": -755000000.0,
        "Interest Expense Non Operating": 888000000.0,
        "Interest Income Non Operating": 133000000.0,
        "Operating Income": 3752000000.0,
        "Operating Expense": 5449000000.0,
        "Other Operating Expenses": NaN,
        "Depreciation Amortization Depletion Income Statement": 755000000.0,
        "Depreciation And Amortization In Income Statement": 755000000.0,
        "Amortization": 755000000.0,
        "Amortization Of Intangibles Income Statement": 755000000.0,
        "Research And Development": 2226000000.0,
        "Selling General And Administration": 2468000000.0,
        "Selling And Marketing Expense": 2093000000.0,
        "General And Administrative Expense": 375000000.0,
        "Other Gand A": 375000000.0,
        "Salaries And Wages": NaN,
        "Gross Profit": 9201000000.0,
        "Cost Of Revenue": 3740000000.0,
        "Total Revenue": 12941000000.0,
        "Operating Revenue": 12941000000.0
    },
    "2024-02-29": {
        "Tax Effect Of Unusual Items": -64476000.0,
        "Tax Rate For Calcs": 0.162,
        "Normalized EBITDA": 5696000000.0,
        "Total Unusual Items": -398000000.0,
        "Total Unusual Items Excluding Goodwill": -398000000.0,
        "Net Income From Continuing Operation Net Minority Interest": 2401000000.0,
        "Reconciled Depreciation": 1557000000.0,
        "Reconciled Cost Of Revenue": 3061000000.0,
        "EBITDA": 5298000000.0,
        "EBIT": 3741000000.0,
        "Net Interest Income": -765000000.0,
        "Interest Expense": 876000000.0,
        "Interest Income": 111000000.0,
        "Normalized Income": 2734524000.0,
        "Net Income From Continuing And Discontinued Operation": 2401000000.0,
        "Total Expenses": 9285000000.0,
        "Total Operating Income As Reported": 3750000000.0,
        "Diluted Average Shares": 2819000000.0,
        "Basic Average Shares": 2748000000.0,
        "Diluted EPS": 0.85,
        "Basic EPS": 0.87,
        "Diluted NI Availto Com Stockholders": 2401000000.0,
        "Net Income Common Stockholders": 2401000000.0,
        "Net Income": 2401000000.0,
        "Net Income Including Noncontrolling Interests": 2401000000.0,
        "Net Income Continuous Operations": 2401000000.0,
        "Tax Provision": 464000000.0,
        "Pretax Income": 2865000000.0,
        "Other Income Expense": -365000000.0,
        "Other Non Operating Income Expenses": 84000000.0,
        "Special Income Charges": -245000000.0,
        "Restructuring And Mergern Acquisition": 245000000.0,
        "Earnings From Equity Interest": -51000000.0,
        "Gain On Sale Of Security": -153000000.0,
        "Net Non Operating Interest Income Expense": -765000000.0,
        "Interest Expense Non Operating": 876000000.0,
        "Interest Income Non Operating": 111000000.0,
        "Operating Income": 3995000000.0,
        "Operating Expense": 5416000000.0,
        "Other Operating Expenses": NaN,
        "Depreciation Amortization Depletion Income Statement": 749000000.0,
        "Depreciation And Amortization In Income Statement": 749000000.0,
        "Amortization": 749000000.0,
        "Amortization Of Intangibles Income Statement": 749000000.0,
        "Research And Development": 2248000000.0,
        "Selling General And Administration": 2419000000.0,
        "Selling And Marketing Expense": 2042000000.0,
        "General And Administrative Expense": 377000000.0,
        "Other Gand A": 377000000.0,
        "Salaries And Wages": NaN,
        "Gross Profit": 9411000000.0,
        "Cost Of Revenue": 3869000000.0,
        "Total Revenue": 13280000000.0,
        "Operating Revenue": 13280000000.0
    },
    "2024-05-31": {
        "Tax Effect Of Unusual Items": -44197778.952935,
        "Tax Rate For Calcs": 0.168694,
        "Normalized EBITDA": 6476000000.0,
        "Total Unusual Items": -262000000.0,
        "Total Unusual Items Excluding Goodwill": -262000000.0,
        "Net Income From Continuing Operation Net Minority Interest": 3144000000.0,
        "Reconciled Depreciation": 1554000000.0,
        "Reconciled Cost Of Revenue": 3113000000.0,
        "EBITDA": 6214000000.0,
        "EBIT": 4660000000.0,
        "Net Interest Income": -807000000.0,
        "Interest Expense": 878000000.0,
        "Interest Income": 71000000.0,
        "Normalized Income": 3361802221.047065,
        "Net Income From Continuing And Discontinued Operation": 3144000000.0,
        "Total Expenses": 9408000000.0,
        "Total Operating Income As Reported": 4686000000.0,
        "Diluted Average Shares": 2834000000.0,
        "Basic Average Shares": 2753000000.0,
        "Diluted EPS": 1.11,
        "Basic EPS": 1.14,
        "Diluted NI Availto Com Stockholders": 3144000000.0,
        "Net Income Common Stockholders": 3144000000.0,
        "Net Income": 3144000000.0,
        "Net Income Including Noncontrolling Interests": 3144000000.0,
        "Net Income Continuous Operations": 3144000000.0,
        "Tax Provision": 638000000.0,
        "Pretax Income": 3782000000.0,
        "Other Income Expense": -290000000.0,
        "Other Non Operating Income Expenses": 28000000.0,
        "Special Income Charges": -193000000.0,
        "Restructuring And Mergern Acquisition": 193000000.0,
        "Earnings From Equity Interest": -56000000.0,
        "Gain On Sale Of Security": -69000000.0,
        "Net Non Operating Interest Income Expense": -807000000.0,
        "Interest Expense Non Operating": 878000000.0,
        "Interest Income Non Operating": 71000000.0,
        "Operating Income": 4879000000.0,
        "Operating Expense": 5484000000.0,
        "Other Operating Expenses": NaN,
        "Depreciation Amortization Depletion Income Statement": 743000000.0,
        "Depreciation And Amortization In Income Statement": 743000000.0,
        "Amortization": 743000000.0,
        "Amortization Of Intangibles Income Statement": 743000000.0,
        "Research And Development": 2226000000.0,
        "Selling General And Administration": 2515000000.0,
        "Selling And Marketing Expense": 2113000000.0,
        "General And Administrative Expense": 402000000.0,
        "Other Gand A": 402000000.0,
        "Salaries And Wages": NaN,
        "Gross Profit": 10363000000.0,
        "Cost Of Revenue": 3924000000.0,
        "Total Revenue": 14287000000.0,
        "Operating Revenue": 14287000000.0
    },
    "2024-08-31": {
        "Tax Effect Of Unusual Items": -15580000.0,
        "Tax Rate For Calcs": 0.076,
        "Normalized EBITDA": 5644000000.0,
        "Total Unusual Items": -205000000.0,
        "Total Unusual Items Excluding Goodwill": -205000000.0,
        "Net Income From Continuing Operation Net Minority Interest": 2929000000.0,
        "Reconciled Depreciation": 1428000000.0,
        "Reconciled Cost Of Revenue": 3102000000.0,
        "EBITDA": 5439000000.0,
        "EBIT": 4011000000.0,
        "Net Interest Income": -709000000.0,
        "Interest Expense": 842000000.0,
        "Interest Income": 133000000.0,
        "Normalized Income": 3118420000.0,
        "Net Income From Continuing And Discontinued Operation": 2929000000.0,
        "Total Expenses": 9230000000.0,
        "Total Operating Income As Reported": 3991000000.0,
        "Diluted Average Shares": 2851000000.0,
        "Basic Average Shares": 2761000000.0,
        "Diluted EPS": 1.03,
        "Basic EPS": 1.06,
        "Diluted NI Availto Com Stockholders": 2929000000.0,
        "Net Income Common Stockholders": 2929000000.0,
        "Net Income": 2929000000.0,
        "Net Income Including Noncontrolling Interests": 2929000000.0,
        "Net Income Continuous Operations": 2929000000.0,
        "Tax Provision": 240000000.0,
        "Pretax Income": 3169000000.0,
        "Other Income Expense": -199000000.0,
        "Other Non Operating Income Expenses": 49000000.0,
        "Special Income Charges": -86000000.0,
        "Restructuring And Mergern Acquisition": 86000000.0,
        "Earnings From Equity Interest": -43000000.0,
        "Gain On Sale Of Security": -119000000.0,
        "Net Non Operating Interest Income Expense": -709000000.0,
        "Interest Expense Non Operating": 842000000.0,
        "Interest Income Non Operating": 133000000.0,
        "Operating Income": 4077000000.0,
        "Operating Expense": 5324000000.0,
        "Other Operating Expenses": NaN,
        "Depreciation Amortization Depletion Income Statement": 624000000.0,
        "Depreciation And Amortization In Income Statement": 624000000.0,
        "Amortization": 624000000.0,
        "Amortization Of Intangibles Income Statement": 624000000.0,
        "Research And Development": 2306000000.0,
        "Selling General And Administration": 2394000000.0,
        "Selling And Marketing Expense": 2036000000.0,
        "General And Administrative Expense": 358000000.0,
        "Other Gand A": 358000000.0,
        "Salaries And Wages": NaN,
        "Gross Profit": 9401000000.0,
        "Cost Of Revenue": 3906000000.0,
        "Total Revenue": 13307000000.0,
        "Operating Revenue": 13307000000.0
    },
    "2024-11-30": {
        "Tax Effect Of Unusual Items": -16472000.0,
        "Tax Rate For Calcs": 0.071,
        "Normalized EBITDA": 5987000000.0,
        "Total Unusual Items": -232000000.0,
        "Total Unusual Items Excluding Goodwill": -232000000.0,
        "Net Income From Continuing Operation Net Minority Interest": 3151000000.0,
        "Reconciled Depreciation": 1499000000.0,
        "Reconciled Cost Of Revenue": 3177000000.0,
        "EBITDA": 5755000000.0,
        "EBIT": 4256000000.0,
        "Net Interest Income": -717000000.0,
        "Interest Expense": 866000000.0,
        "Interest Income": 149000000.0,
        "Normalized Income": 3366528000.0,
        "Net Income From Continuing And Discontinued Operation": 3151000000.0,
        "Total Expenses": 9724000000.0,
        "Total Operating Income As Reported": 4220000000.0,
        "Diluted Average Shares": 2869000000.0,
        "Basic Average Shares": 2790000000.0,
        "Diluted EPS": 1.1,
        "Basic EPS": 1.13,
        "Diluted NI Availto Com Stockholders": 3151000000.0,
        "Net Income Common Stockholders": 3151000000.0,
        "Net Income": 3151000000.0,
        "Net Income Including Noncontrolling Interests": 3151000000.0,
        "Net Income Continuous Operations": 3151000000.0,
        "Tax Provision": 239000000.0,
        "Pretax Income": 3390000000.0,
        "Other Income Expense": -228000000.0,
        "Other Non Operating Income Expenses": 51000000.0,
        "Special Income Charges": -115000000.0,
        "Restructuring And Mergern Acquisition": 115000000.0,
        "Earnings From Equity Interest": -47000000.0,
        "Gain On Sale Of Security": -117000000.0,
        "Net Non Operating Interest Income Expense": -717000000.0,
        "Interest Expense Non Operating": 866000000.0,
        "Interest Income Non Operating": 149000000.0,
        "Operating Income": 4335000000.0,
        "Operating Expense": 5639000000.0,
        "Other Operating Expenses": NaN,
        "Depreciation Amortization Depletion Income Statement": 591000000.0,
        "Depreciation And Amortization In Income Statement": 591000000.0,
        "Amortization": 591000000.0,
        "Amortization Of Intangibles Income Statement": 591000000.0,
        "Research And Development": 2471000000.0,
        "Selling General And Administration": 2577000000.0,
        "Selling And Marketing Expense": 2190000000.0,
        "General And Administrative Expense": 387000000.0,
        "Other Gand A": 387000000.0,
        "Salaries And Wages": NaN,
        "Gross Profit": 9974000000.0,
        "Cost Of Revenue": 4085000000.0,
        "Total Revenue": 14059000000.0,
        "Operating Revenue": 14059000000.0
    },
    "2025-02-28": {
        "Tax Effect Of Unusual Items": -27863000.0,
        "Tax Rate For Calcs": 0.149,
        "Normalized EBITDA": 6078000000.0,
        "Total Unusual Items": -187000000.0,
        "Total Unusual Items Excluding Goodwill": -187000000.0,
        "Net Income From Continuing Operation Net Minority Interest": 2936000000.0,
        "Reconciled Depreciation": 1551000000.0,
        "Reconciled Cost Of Revenue": 3192000000.0,
        "EBITDA": 5891000000.0,
        "EBIT": 4340000000.0,
        "Net Interest Income": -757000000.0,
        "Interest Expense": 892000000.0,
        "Interest Income": 135000000.0,
        "Normalized Income": 3095137000.0,
        "Net Income From Continuing And Discontinued Operation": 2936000000.0,
        "Total Expenses": 9681000000.0,
        "Total Operating Income As Reported": 4358000000.0,
        "Diluted Average Shares": 2874000000.0,
        "Basic Average Shares": 2799000000.0,
        "Diluted EPS": 1.02,
        "Basic EPS": 1.05,
        "Diluted NI Availto Com Stockholders": 2936000000.0,
        "Net Income Common Stockholders": 2936000000.0,
        "Net Income": 2936000000.0,
        "Net Income Including Noncontrolling Interests": 2936000000.0,
        "Net Income Continuous Operations": 2936000000.0,
        "Tax Provision": 512000000.0,
        "Pretax Income": 3448000000.0,
        "Other Income Expense": -244000000.0,
        "Other Non Operating Income Expenses": -9000000.0,
        "Special Income Charges": -91000000.0,
        "Restructuring And Mergern Acquisition": 91000000.0,
        "Earnings From Equity Interest": -48000000.0,
        "Gain On Sale Of Security": -96000000.0,
        "Net Non Operating Interest Income Expense": -757000000.0,
        "Interest Expense Non Operating": 892000000.0,
        "Interest Income Non Operating": 135000000.0,
        "Operating Income": 4449000000.0,
        "Operating Expense": 5486000000.0,
        "Other Operating Expenses": NaN,
        "Depreciation Amortization Depletion Income Statement": 548000000.0,
        "Depreciation And Amortization In Income Statement": 548000000.0,
        "Amortization": 548000000.0,
        "Amortization Of Intangibles Income Statement": 548000000.0,
        "Research And Development": 2429000000.0,
        "Selling General And Administration": 2509000000.0,
        "Selling And Marketing Expense": 2119000000.0,
        "General And Administrative Expense": 390000000.0,
        "Other Gand A": 390000000.0,
        "Salaries And Wages": NaN,
        "Gross Profit": 9935000000.0,
        "Cost Of Revenue": 4195000000.0,
        "Total Revenue": 14130000000.0,
        "Operating Revenue": 14130000000.0
    }
}