{
    "2023-03-31": {
        "Tax Effect Of Unusual Items": NaN,
        "Tax Rate For Calcs": NaN,
        "Normalized EBITDA": NaN,
        "Total Unusual Items": NaN,
        "Total Unusual Items Excluding Goodwill": NaN,
        "Net Income From Continuing Operation Net Minority Interest": NaN,
        "Reconciled Depreciation": NaN,
        "Reconciled Cost Of Revenue": NaN,
        "EBITDA": NaN,
        "EBIT": NaN,
        "Net Interest Income": NaN,
        "Interest Expense": NaN,
        "Interest Income": 3014000.0,
        "Normalized Income": NaN,
        "Net Income From Continuing And Discontinued Operation": NaN,
        "Total Expenses": NaN,
        "Total Operating Income As Reported": NaN,
        "Diluted Average Shares": NaN,
        "Basic Average Shares": NaN,
        "Diluted EPS": NaN,
        "Basic EPS": NaN,
        "Diluted NI Availto Com Stockholders": NaN,
        "Net Income Common Stockholders": NaN,
        "Net Income": NaN,
        "Net Income Including Noncontrolling Interests": NaN,
        "Net Income Continuous Operations": NaN,
        "Tax Provision": NaN,
        "Pretax Income": NaN,
        "Other Income Expense": NaN,
        "Other Non Operating Income Expenses": NaN,
        "Special Income Charges": 12872000.0,
        "Write Off": NaN,
        "Restructuring And Mergern Acquisition": -12872000.0,
        "Gain On Sale Of Security": NaN,
        "Net Non Operating Interest Income Expense": NaN,
        "Interest Expense Non Operating": NaN,
        "Interest Income Non Operating": 3014000.0,
        "Operating Income": NaN,
        "Operating Expense": NaN,
        "Depreciation Amortization Depletion Income Statement": NaN,
        "Depreciation And Amortization In Income Statement": NaN,
        "Research And Development": NaN,
        "Selling General And Administration": NaN,
        "General And Administrative Expense": NaN,
        "Other Gand A": NaN,
        "Gross Profit": NaN,
        "Cost Of Revenue": NaN,
        "Total Revenue": NaN,
        "Operating Revenue": NaN
    },
    "2022-12-31": {
        "Tax Effect Of Unusual Items": NaN,
        "Tax Rate For Calcs": NaN,
        "Normalized EBITDA": NaN,
        "Total Unusual Items": NaN,
        "Total Unusual Items Excluding Goodwill": NaN,
        "Net Income From Continuing Operation Net Minority Interest": NaN,
        "Reconciled Depreciation": NaN,
        "Reconciled Cost Of Revenue": NaN,
        "EBITDA": NaN,
        "EBIT": NaN,
        "Net Interest Income": NaN,
        "Interest Expense": 0.0,
        "Interest Income": 2748000.0,
        "Normalized Income": NaN,
        "Net Income From Continuing And Discontinued Operation": NaN,
        "Total Expenses": NaN,
        "Total Operating Income As Reported": NaN,
        "Diluted Average Shares": NaN,
        "Basic Average Shares": NaN,
        "Diluted EPS": NaN,
        "Basic EPS": NaN,
        "Diluted NI Availto Com Stockholders": NaN,
        "Net Income Common Stockholders": NaN,
        "Net Income": NaN,
        "Net Income Including Noncontrolling Interests": NaN,
        "Net Income Continuous Operations": NaN,
        "Tax Provision": NaN,
        "Pretax Income": NaN,
        "Other Income Expense": NaN,
        "Other Non Operating Income Expenses": NaN,
        "Special Income Charges": NaN,
        "Restructuring And Mergern Acquisition": NaN,
        "Gain On Sale Of Security": NaN,
        "Net Non Operating Interest Income Expense": NaN,
        "Interest Expense Non Operating": 0.0,
        "Interest Income Non Operating": 2748000.0,
        "Operating Income": NaN,
        "Operating Expense": NaN,
        "Depreciation Amortization Depletion Income Statement": NaN,
        "Depreciation And Amortization In Income Statement": NaN,
        "Research And Development": NaN,
        "Selling General And Administration": NaN,
        "General And Administrative Expense": NaN,
        "Other Gand A": NaN,
        "Gross Profit": NaN,
        "Cost Of Revenue": NaN,
        "Total Revenue": NaN,
        "Operating Revenue": NaN
    },
    "2022-09-30": {
        "Tax Effect Of Unusual Items": NaN,
        "Tax Rate For Calcs": NaN,
        "Normalized EBITDA": NaN,
        "Total Unusual Items": NaN,
        "Total Unusual Items Excluding Goodwill": NaN,
        "Net Income From Continuing Operation Net Minority Interest": NaN,
        "Reconciled Depreciation": NaN,
        "Reconciled Cost Of Revenue": NaN,
        "EBITDA": NaN,
        "EBIT": NaN,
        "Net Interest Income": NaN,
        "Interest Expense": NaN,
        "Interest Income": NaN,
        "Normalized Income": NaN,
        "Net Income From Continuing And Discontinued Operation": NaN,
        "Total Expenses": NaN,
        "Total Operating Income As Reported": NaN,
        "Diluted Average Shares": NaN,
        "Basic Average Shares": NaN,
        "Diluted EPS": NaN,
        "Basic EPS": NaN,
        "Diluted NI Availto Com Stockholders": NaN,
        "Net Income Common Stockholders": NaN,
        "Net Income": NaN,
        "Net Income Including Noncontrolling Interests": NaN,
        "Net Income Continuous Operations": NaN,
        "Tax Provision": NaN,
        "Pretax Income": NaN,
        "Other Income Expense": NaN,
        "Other Non Operating Income Expenses": NaN,
        "Special Income Charges": 15147000.0,
        "Restructuring And Mergern Acquisition": -15147000.0,
        "Gain On Sale Of Security": NaN,
        "Net Non Operating Interest Income Expense": NaN,
        "Interest Expense Non Operating": NaN,
        "Interest Income Non Operating": NaN,
        "Operating Income": NaN,
        "Operating Expense": NaN,
        "Depreciation Amortization Depletion Income Statement": NaN,
        "Depreciation And Amortization In Income Statement": NaN,
        "Research And Development": NaN,
        "Selling General And Administration": NaN,
        "General And Administrative Expense": NaN,
        "Other Gand A": NaN,
        "Gross Profit": NaN,
        "Cost Of Revenue": NaN,
        "Total Revenue": NaN,
        "Operating Revenue": NaN
    },
    "2022-06-30": {
        "Tax Effect Of Unusual Items": 8093200.0,
        "Tax Rate For Calcs": 0.4,
        "Normalized EBITDA": 27018000.0,
        "Total Unusual Items": 20233000.0,
        "Total Unusual Items Excluding Goodwill": 20233000.0,
        "Net Income From Continuing Operation Net Minority Interest": 46931000.0,
        "Reconciled Depreciation": 320000.0,
        "Reconciled Cost Of Revenue": NaN,
        "EBITDA": 47251000.0,
        "EBIT": 46931000.0,
        "Net Interest Income": 1936000.0,
        "Interest Expense": 0.0,
        "Interest Income": 1936000.0,
        "Normalized Income": 34791200.0,
        "Net Income From Continuing And Discontinued Operation": 46931000.0,
        "Total Expenses": 8673000.0,
        "Total Operating Income As Reported": -8673000.0,
        "Diluted Average Shares": 142195637.0,
        "Basic Average Shares": 137141655.0,
        "Diluted EPS": 0.33,
        "Basic EPS": 0.34,
        "Diluted NI Availto Com Stockholders": 46931000.0,
        "Net Income Common Stockholders": 46931000.0,
        "Net Income": 46931000.0,
        "Net Income Including Noncontrolling Interests": 46931000.0,
        "Net Income Continuous Operations": 46931000.0,
        "Tax Provision": NaN,
        "Pretax Income": 46931000.0,
        "Other Income Expense": 53668000.0,
        "Other Non Operating Income Expenses": 33435000.0,
        "Special Income Charges": NaN,
        "Restructuring And Mergern Acquisition": NaN,
        "Gain On Sale Of Security": 20233000.0,
        "Net Non Operating Interest Income Expense": 1936000.0,
        "Interest Expense Non Operating": 0.0,
        "Interest Income Non Operating": 1936000.0,
        "Operating Income": -8673000.0,
        "Operating Expense": 8673000.0,
        "Depreciation Amortization Depletion Income Statement": 160000.0,
        "Depreciation And Amortization In Income Statement": 160000.0,
        "Research And Development": 2649000.0,
        "Selling General And Administration": 5864000.0,
        "General And Administrative Expense": 5864000.0,
        "Other Gand A": 5864000.0,
        "Gross Profit": NaN,
        "Cost Of Revenue": NaN,
        "Total Revenue": 0.0,
        "Operating Revenue": 0.0
    },
    "2022-03-31": {
        "Diluted EPS": 0.05,
        "Total Revenue": NaN,
        "Gross Profit": NaN,
        "Operating Income": -8,
        "EBIT": -7,
        "Net Income": 7
    },
    "2021-12-31": {
        "Diluted EPS": 0.43,
        "Total Revenue": NaN,
        "Gross Profit": NaN,
        "Operating Income": -8,
        "EBIT": -7,
        "Net Income": 5
    },
    "2021-09-30": {
        "Diluted EPS": 0.2,
        "Total Revenue": NaN,
        "Gross Profit": NaN,
        "Operating Income": -7,
        "EBIT": -7,
        "Net Income": 28
    },
    "2021-06-30": {
        "Diluted EPS": 0.63,
        "Total Revenue": NaN,
        "Gross Profit": NaN,
        "Operating Income": -7,
        "EBIT": -4,
        "Net Income": 63
    },
    "2021-03-31": {
        "Diluted EPS": -0.86,
        "Total Revenue": NaN,
        "Gross Profit": NaN,
        "Operating Income": -5,
        "EBIT": -5,
        "Net Income": -54
    },
    "2020-12-31": {
        "Diluted EPS": -0.4,
        "Total Revenue": NaN,
        "Gross Profit": NaN,
        "Operating Income": -7,
        "EBIT": -7,
        "Net Income": -25
    },
    "2020-09-30": {
        "Diluted EPS": -0.05,
        "Total Revenue": NaN,
        "Gross Profit": NaN,
        "Operating Income": -2,
        "EBIT": -2,
        "Net Income": -3
    },
    "2020-06-30": {
        "Diluted EPS": -0.03,
        "Total Revenue": NaN,
        "Gross Profit": NaN,
        "Operating Income": -2,
        "EBIT": -2,
        "Net Income": -2
    },
    "2020-03-31": {
        "Diluted EPS": 0.0,
        "Total Revenue": NaN,
        "Gross Profit": NaN,
        "Operating Income": 0,
        "EBIT": 0,
        "Net Income": 0
    },
    "2019-12-31": {
        "Diluted EPS": 0.0,
        "Total Revenue": NaN,
        "Gross Profit": NaN,
        "Operating Income": NaN,
        "EBIT": NaN,
        "Net Income": NaN
    },
    "2023-06-30": {
        "Tax Effect Of Unusual Items": NaN,
        "Tax Rate For Calcs": NaN,
        "Normalized EBITDA": NaN,
        "Total Unusual Items": NaN,
        "Total Unusual Items Excluding Goodwill": NaN,
        "Net Income From Continuing Operation Net Minority Interest": NaN,
        "Reconciled Depreciation": NaN,
        "Reconciled Cost Of Revenue": NaN,
        "EBITDA": NaN,
        "EBIT": NaN,
        "Net Interest Income": NaN,
        "Interest Expense": NaN,
        "Interest Income": 2426000.0,
        "Normalized Income": NaN,
        "Net Income From Continuing And Discontinued Operation": NaN,
        "Total Expenses": NaN,
        "Total Operating Income As Reported": NaN,
        "Diluted Average Shares": NaN,
        "Basic Average Shares": NaN,
        "Diluted EPS": NaN,
        "Basic EPS": NaN,
        "Diluted NI Availto Com Stockholders": NaN,
        "Net Income Common Stockholders": NaN,
        "Net Income": NaN,
        "Net Income Including Noncontrolling Interests": NaN,
        "Net Income Continuous Operations": NaN,
        "Tax Provision": NaN,
        "Pretax Income": NaN,
        "Other Income Expense": NaN,
        "Other Non Operating Income Expenses": NaN,
        "Special Income Charges": 7508000.0,
        "Write Off": NaN,
        "Restructuring And Mergern Acquisition": -7508000.0,
        "Gain On Sale Of Security": NaN,
        "Net Non Operating Interest Income Expense": NaN,
        "Interest Expense Non Operating": NaN,
        "Interest Income Non Operating": 2426000.0,
        "Operating Income": NaN,
        "Operating Expense": NaN,
        "Depreciation Amortization Depletion Income Statement": NaN,
        "Depreciation And Amortization In Income Statement": NaN,
        "Research And Development": NaN,
        "Selling General And Administration": NaN,
        "General And Administrative Expense": NaN,
        "Other Gand A": NaN,
        "Gross Profit": NaN,
        "Cost Of Revenue": NaN,
        "Total Revenue": NaN,
        "Operating Revenue": NaN
    },
    "2023-09-30": {
        "Tax Effect Of Unusual Items": NaN,
        "Tax Rate For Calcs": NaN,
        "Normalized EBITDA": NaN,
        "Total Unusual Items": NaN,
        "Total Unusual Items Excluding Goodwill": NaN,
        "Net Income From Continuing Operation Net Minority Interest": NaN,
        "Reconciled Depreciation": NaN,
        "Reconciled Cost Of Revenue": NaN,
        "EBITDA": NaN,
        "EBIT": NaN,
        "Net Interest Income": NaN,
        "Interest Expense": NaN,
        "Interest Income": NaN,
        "Normalized Income": NaN,
        "Net Income From Continuing And Discontinued Operation": NaN,
        "Total Expenses": NaN,
        "Total Operating Income As Reported": NaN,
        "Diluted Average Shares": NaN,
        "Basic Average Shares": NaN,
        "Diluted EPS": NaN,
        "Basic EPS": NaN,
        "Diluted NI Availto Com Stockholders": NaN,
        "Net Income Common Stockholders": NaN,
        "Net Income": NaN,
        "Net Income Including Noncontrolling Interests": NaN,
        "Net Income Continuous Operations": NaN,
        "Tax Provision": NaN,
        "Pretax Income": NaN,
        "Other Income Expense": NaN,
        "Other Non Operating Income Expenses": NaN,
        "Special Income Charges": NaN,
        "Write Off": 0.0,
        "Restructuring And Mergern Acquisition": -18757000.0,
        "Gain On Sale Of Security": NaN,
        "Net Non Operating Interest Income Expense": NaN,
        "Interest Expense Non Operating": NaN,
        "Interest Income Non Operating": NaN,
        "Operating Income": NaN,
        "Operating Expense": NaN,
        "Depreciation Amortization Depletion Income Statement": NaN,
        "Depreciation And Amortization In Income Statement": NaN,
        "Research And Development": NaN,
        "Selling General And Administration": NaN,
        "General And Administrative Expense": NaN,
        "Other Gand A": NaN,
        "Gross Profit": NaN,
        "Cost Of Revenue": NaN,
        "Total Revenue": NaN,
        "Operating Revenue": NaN
    },
    "2023-12-31": {
        "Tax Effect Of Unusual Items": NaN,
        "Tax Rate For Calcs": NaN,
        "Normalized EBITDA": NaN,
        "Total Unusual Items": NaN,
        "Total Unusual Items Excluding Goodwill": NaN,
        "Net Income From Continuing Operation Net Minority Interest": NaN,
        "Reconciled Depreciation": NaN,
        "Reconciled Cost Of Revenue": NaN,
        "EBITDA": NaN,
        "EBIT": NaN,
        "Net Interest Income": NaN,
        "Interest Expense": NaN,
        "Interest Income": 1995000.0,
        "Normalized Income": NaN,
        "Net Income From Continuing And Discontinued Operation": NaN,
        "Total Expenses": NaN,
        "Total Operating Income As Reported": NaN,
        "Diluted Average Shares": NaN,
        "Basic Average Shares": NaN,
        "Diluted EPS": NaN,
        "Basic EPS": NaN,
        "Diluted NI Availto Com Stockholders": NaN,
        "Net Income Common Stockholders": NaN,
        "Net Income": NaN,
        "Net Income Including Noncontrolling Interests": NaN,
        "Net Income Continuous Operations": NaN,
        "Tax Provision": NaN,
        "Pretax Income": NaN,
        "Other Income Expense": NaN,
        "Other Non Operating Income Expenses": NaN,
        "Special Income Charges": NaN,
        "Write Off": NaN,
        "Restructuring And Mergern Acquisition": NaN,
        "Gain On Sale Of Security": NaN,
        "Net Non Operating Interest Income Expense": NaN,
        "Interest Expense Non Operating": NaN,
        "Interest Income Non Operating": 1995000.0,
        "Operating Income": NaN,
        "Operating Expense": NaN,
        "Depreciation Amortization Depletion Income Statement": NaN,
        "Depreciation And Amortization In Income Statement": NaN,
        "Research And Development": NaN,
        "Selling General And Administration": NaN,
        "General And Administrative Expense": NaN,
        "Other Gand A": NaN,
        "Gross Profit": NaN,
        "Cost Of Revenue": NaN,
        "Total Revenue": NaN,
        "Operating Revenue": NaN
    },
    "2024-03-31": {
        "Tax Effect Of Unusual Items": NaN,
        "Tax Rate For Calcs": NaN,
        "Normalized EBITDA": NaN,
        "Total Unusual Items": NaN,
        "Total Unusual Items Excluding Goodwill": NaN,
        "Net Income From Continuing Operation Net Minority Interest": NaN,
        "Reconciled Depreciation": NaN,
        "Reconciled Cost Of Revenue": NaN,
        "EBITDA": NaN,
        "EBIT": NaN,
        "Net Interest Income": NaN,
        "Interest Expense": NaN,
        "Interest Income": 1864000.0,
        "Normalized Income": NaN,
        "Net Income From Continuing And Discontinued Operation": NaN,
        "Total Expenses": NaN,
        "Total Operating Income As Reported": NaN,
        "Diluted Average Shares": NaN,
        "Basic Average Shares": NaN,
        "Diluted EPS": NaN,
        "Basic EPS": NaN,
        "Diluted NI Availto Com Stockholders": NaN,
        "Net Income Common Stockholders": NaN,
        "Net Income": NaN,
        "Net Income Including Noncontrolling Interests": NaN,
        "Net Income Continuous Operations": NaN,
        "Tax Provision": NaN,
        "Pretax Income": NaN,
        "Other Income Expense": NaN,
        "Other Non Operating Income Expenses": NaN,
        "Special Income Charges": NaN,
        "Write Off": NaN,
        "Restructuring And Mergern Acquisition": NaN,
        "Gain On Sale Of Security": NaN,
        "Net Non Operating Interest Income Expense": NaN,
        "Interest Expense Non Operating": NaN,
        "Interest Income Non Operating": 1864000.0,
        "Operating Income": NaN,
        "Operating Expense": NaN,
        "Depreciation Amortization Depletion Income Statement": NaN,
        "Depreciation And Amortization In Income Statement": NaN,
        "Research And Development": NaN,
        "Selling General And Administration": NaN,
        "General And Administrative Expense": NaN,
        "Other Gand A": NaN,
        "Gross Profit": NaN,
        "Cost Of Revenue": NaN,
        "Total Revenue": NaN,
        "Operating Revenue": NaN
    },
    "2024-06-30": {
        "Tax Effect Of Unusual Items": -90930.0,
        "Tax Rate For Calcs": 0.21,
        "Normalized EBITDA": -16089000.0,
        "Total Unusual Items": -433000.0,
        "Total Unusual Items Excluding Goodwill": -433000.0,
        "Net Income From Continuing Operation Net Minority Interest": -19499000.0,
        "Reconciled Depreciation": 2813000.0,
        "Reconciled Cost Of Revenue": 6826000.0,
        "EBITDA": -16522000.0,
        "EBIT": -19335000.0,
        "Net Interest Income": -110000.0,
        "Interest Expense": 110000.0,
        "Interest Income": 1838000.0,
        "Normalized Income": -19156930.0,
        "Net Income From Continuing And Discontinued Operation": -19499000.0,
        "Total Expenses": 25290000.0,
        "Total Operating Income As Reported": -18257000.0,
        "Diluted Average Shares": 143004474.0,
        "Basic Average Shares": 143004474.0,
        "Diluted EPS": -0.14,
        "Basic EPS": -0.14,
        "Diluted NI Availto Com Stockholders": -19499000.0,
        "Net Income Common Stockholders": -19499000.0,
        "Net Income": -19499000.0,
        "Net Income Including Noncontrolling Interests": -19499000.0,
        "Net Income Continuous Operations": -19499000.0,
        "Tax Provision": 54000.0,
        "Pretax Income": -19445000.0,
        "Other Income Expense": -1078000.0,
        "Other Non Operating Income Expenses": -645000.0,
        "Special Income Charges": -978000.0,
        "Write Off": 0.0,
        "Restructuring And Mergern Acquisition": 978000.0,
        "Gain On Sale Of Security": 545000.0,
        "Net Non Operating Interest Income Expense": -110000.0,
        "Interest Expense Non Operating": 110000.0,
        "Interest Income Non Operating": 1838000.0,
        "Operating Income": -18257000.0,
        "Operating Expense": 18464000.0,
        "Depreciation Amortization Depletion Income Statement": 2813000.0,
        "Depreciation And Amortization In Income Statement": 2813000.0,
        "Research And Development": 4392000.0,
        "Selling General And Administration": 11259000.0,
        "General And Administrative Expense": 11259000.0,
        "Other Gand A": 11259000.0,
        "Gross Profit": 207000.0,
        "Cost Of Revenue": 6826000.0,
        "Total Revenue": 7033000.0,
        "Operating Revenue": 7033000.0
    },
    "2024-09-30": {
        "Tax Effect Of Unusual Items": -3925740.0,
        "Tax Rate For Calcs": 0.21,
        "Normalized EBITDA": -14538000.0,
        "Total Unusual Items": -18694000.0,
        "Total Unusual Items Excluding Goodwill": -18694000.0,
        "Net Income From Continuing Operation Net Minority Interest": -36763000.0,
        "Reconciled Depreciation": 3214000.0,
        "Reconciled Cost Of Revenue": 7749000.0,
        "EBITDA": -33232000.0,
        "EBIT": -36446000.0,
        "Net Interest Income": -86000.0,
        "Interest Expense": 86000.0,
        "Interest Income": NaN,
        "Normalized Income": -21994740.0,
        "Net Income From Continuing And Discontinued Operation": -36763000.0,
        "Total Expenses": 25437000.0,
        "Total Operating Income As Reported": -32405000.0,
        "Diluted Average Shares": 143387618.0,
        "Basic Average Shares": 143387618.0,
        "Diluted EPS": -0.26,
        "Basic EPS": -0.26,
        "Diluted NI Availto Com Stockholders": -36763000.0,
        "Net Income Common Stockholders": -36763000.0,
        "Net Income": -36763000.0,
        "Net Income Including Noncontrolling Interests": -36763000.0,
        "Net Income Continuous Operations": -36763000.0,
        "Tax Provision": 231000.0,
        "Pretax Income": -36532000.0,
        "Other Income Expense": -19211000.0,
        "Other Non Operating Income Expenses": -517000.0,
        "Special Income Charges": -18111000.0,
        "Write Off": 15170000.0,
        "Restructuring And Mergern Acquisition": 2941000.0,
        "Gain On Sale Of Security": -583000.0,
        "Net Non Operating Interest Income Expense": -86000.0,
        "Interest Expense Non Operating": 86000.0,
        "Interest Income Non Operating": NaN,
        "Operating Income": -17235000.0,
        "Operating Expense": 17296000.0,
        "Depreciation Amortization Depletion Income Statement": 2822000.0,
        "Depreciation And Amortization In Income Statement": 2822000.0,
        "Research And Development": 5127000.0,
        "Selling General And Administration": 9347000.0,
        "General And Administrative Expense": 9347000.0,
        "Other Gand A": 9347000.0,
        "Gross Profit": 61000.0,
        "Cost Of Revenue": 8141000.0,
        "Total Revenue": 8202000.0,
        "Operating Revenue": 8202000.0
    },
    "2024-12-31": {
        "Tax Effect Of Unusual Items": 566790.0,
        "Tax Rate For Calcs": 0.21,
        "Normalized EBITDA": -13128000.0,
        "Total Unusual Items": 2699000.0,
        "Total Unusual Items Excluding Goodwill": 2699000.0,
        "Net Income From Continuing Operation Net Minority Interest": -13522000.0,
        "Reconciled Depreciation": 2377000.0,
        "Reconciled Cost Of Revenue": 9602000.0,
        "EBITDA": -10429000.0,
        "EBIT": -13198000.0,
        "Net Interest Income": -58000.0,
        "Interest Expense": 58000.0,
        "Interest Income": NaN,
        "Normalized Income": -15654210.0,
        "Net Income From Continuing And Discontinued Operation": -13522000.0,
        "Total Expenses": 25350000.0,
        "Total Operating Income As Reported": -16204000.0,
        "Diluted Average Shares": 144056554.0,
        "Basic Average Shares": 144056554.0,
        "Diluted EPS": -0.09,
        "Basic EPS": -0.09,
        "Diluted NI Availto Com Stockholders": -13522000.0,
        "Net Income Common Stockholders": -13522000.0,
        "Net Income": -13522000.0,
        "Net Income Including Noncontrolling Interests": -13522000.0,
        "Net Income Continuous Operations": -13522000.0,
        "Tax Provision": 266000.0,
        "Pretax Income": -13256000.0,
        "Other Income Expense": 2930000.0,
        "Other Non Operating Income Expenses": 231000.0,
        "Special Income Charges": 1622000.0,
        "Write Off": 76000.0,
        "Restructuring And Mergern Acquisition": -1698000.0,
        "Gain On Sale Of Security": 1077000.0,
        "Net Non Operating Interest Income Expense": -58000.0,
        "Interest Expense Non Operating": 58000.0,
        "Interest Income Non Operating": NaN,
        "Operating Income": -16128000.0,
        "Operating Expense": 16140000.0,
        "Depreciation Amortization Depletion Income Statement": 2769000.0,
        "Depreciation And Amortization In Income Statement": 2769000.0,
        "Research And Development": 3216000.0,
        "Selling General And Administration": 10155000.0,
        "General And Administrative Expense": 10155000.0,
        "Other Gand A": 10155000.0,
        "Gross Profit": 12000.0,
        "Cost Of Revenue": 9210000.0,
        "Total Revenue": 9222000.0,
        "Operating Revenue": 9222000.0
    },
    "2025-03-31": {
        "Tax Effect Of Unusual Items": -2659440.0,
        "Tax Rate For Calcs": 0.21,
        "Normalized EBITDA": -10956000.0,
        "Total Unusual Items": -12664000.0,
        "Total Unusual Items Excluding Goodwill": -12664000.0,
        "Net Income From Continuing Operation Net Minority Interest": -26441000.0,
        "Reconciled Depreciation": 2714000.0,
        "Reconciled Cost Of Revenue": 5317000.0,
        "EBITDA": -23620000.0,
        "EBIT": -26334000.0,
        "Net Interest Income": -48000.0,
        "Interest Expense": 48000.0,
        "Interest Income": NaN,
        "Normalized Income": -16436440.0,
        "Net Income From Continuing And Discontinued Operation": -26441000.0,
        "Total Expenses": 21443000.0,
        "Total Operating Income As Reported": -32623000.0,
        "Diluted Average Shares": 146852340.0,
        "Basic Average Shares": 146852340.0,
        "Diluted EPS": -0.18,
        "Basic EPS": -0.18,
        "Diluted NI Availto Com Stockholders": -26441000.0,
        "Net Income Common Stockholders": -26441000.0,
        "Net Income": -26441000.0,
        "Net Income Including Noncontrolling Interests": -26441000.0,
        "Net Income Continuous Operations": -26441000.0,
        "Tax Provision": 59000.0,
        "Pretax Income": -26382000.0,
        "Other Income Expense": -10321000.0,
        "Other Non Operating Income Expenses": 2343000.0,
        "Special Income Charges": -16610000.0,
        "Write Off": 16610000.0,
        "Restructuring And Mergern Acquisition": NaN,
        "Gain On Sale Of Security": 3946000.0,
        "Net Non Operating Interest Income Expense": -48000.0,
        "Interest Expense Non Operating": 48000.0,
        "Interest Income Non Operating": NaN,
        "Operating Income": -16013000.0,
        "Operating Expense": 16126000.0,
        "Depreciation Amortization Depletion Income Statement": 2714000.0,
        "Depreciation And Amortization In Income Statement": 2714000.0,
        "Research And Development": 3301000.0,
        "Selling General And Administration": 10111000.0,
        "General And Administrative Expense": 10111000.0,
        "Other Gand A": 10111000.0,
        "Gross Profit": 113000.0,
        "Cost Of Revenue": 5317000.0,
        "Total Revenue": 5430000.0,
        "Operating Revenue": 5430000.0
    },
    "2025-06-30": {
        "Tax Effect Of Unusual Items": 470820.0,
        "Tax Rate For Calcs": 0.21,
        "Normalized EBITDA": -12056000.0,
        "Total Unusual Items": 2242000.0,
        "Total Unusual Items Excluding Goodwill": 2242000.0,
        "Net Income From Continuing Operation Net Minority Interest": -12747000.0,
        "Reconciled Depreciation": 2782000.0,
        "Reconciled Cost Of Revenue": 5631000.0,
        "EBITDA": -9814000.0,
        "EBIT": -12596000.0,
        "Net Interest Income": -31000.0,
        "Interest Expense": 31000.0,
        "Interest Income": NaN,
        "Normalized Income": -14518180.0,
        "Net Income From Continuing And Discontinued Operation": -12747000.0,
        "Total Expenses": 20779000.0,
        "Total Operating Income As Reported": -14966000.0,
        "Diluted Average Shares": 147811114.0,
        "Basic Average Shares": 147811114.0,
        "Diluted EPS": -0.09,
        "Basic EPS": -0.09,
        "Diluted NI Availto Com Stockholders": -12747000.0,
        "Net Income Common Stockholders": -12747000.0,
        "Net Income": -12747000.0,
        "Net Income Including Noncontrolling Interests": -12747000.0,
        "Net Income Continuous Operations": -12747000.0,
        "Tax Provision": 120000.0,
        "Pretax Income": -12627000.0,
        "Other Income Expense": 2370000.0,
        "Other Non Operating Income Expenses": 128000.0,
        "Special Income Charges": 0.0,
        "Write Off": 0.0,
        "Restructuring And Mergern Acquisition": 0.0,
        "Gain On Sale Of Security": 2242000.0,
        "Net Non Operating Interest Income Expense": -31000.0,
        "Interest Expense Non Operating": 31000.0,
        "Interest Income Non Operating": NaN,
        "Operating Income": -14966000.0,
        "Operating Expense": 15148000.0,
        "Depreciation Amortization Depletion Income Statement": 2782000.0,
        "Depreciation And Amortization In Income Statement": 2782000.0,
        "Research And Development": 3278000.0,
        "Selling General And Administration": 9088000.0,
        "General And Administrative Expense": 9088000.0,
        "Other Gand A": 9088000.0,
        "Gross Profit": 182000.0,
        "Cost Of Revenue": 5631000.0,
        "Total Revenue": 5813000.0,
        "Operating Revenue": 5813000.0
    }
}