{
    "2023-03-31": {
        "Tax Effect Of Unusual Items": NaN,
        "Tax Rate For Calcs": NaN,
        "Normalized EBITDA": NaN,
        "Total Unusual Items": NaN,
        "Total Unusual Items Excluding Goodwill": NaN,
        "Net Income From Continuing Operation Net Minority Interest": NaN,
        "Reconciled Depreciation": NaN,
        "Reconciled Cost Of Revenue": NaN,
        "EBITDA": NaN,
        "EBIT": NaN,
        "Net Interest Income": NaN,
        "Interest Expense": NaN,
        "Normalized Income": NaN,
        "Net Income From Continuing And Discontinued Operation": NaN,
        "Total Expenses": NaN,
        "Rent Expense Supplemental": NaN,
        "Total Operating Income As Reported": NaN,
        "Diluted Average Shares": 26477113.0,
        "Basic Average Shares": 26477113.0,
        "Diluted EPS": -0.87,
        "Basic EPS": -0.87,
        "Diluted NI Availto Com Stockholders": NaN,
        "Net Income Common Stockholders": NaN,
        "Otherunder Preferred Stock Dividend": 3671000.0,
        "Net Income": NaN,
        "Minority Interests": NaN,
        "Net Income Including Noncontrolling Interests": NaN,
        "Net Income Continuous Operations": NaN,
        "Tax Provision": NaN,
        "Pretax Income": NaN,
        "Other Income Expense": NaN,
        "Other Non Operating Income Expenses": 2000.0,
        "Special Income Charges": NaN,
        "Gain On Sale Of Business": NaN,
        "Other Special Charges": 283000.0,
        "Write Off": NaN,
        "Restructuring And Mergern Acquisition": NaN,
        "Earnings From Equity Interest": NaN,
        "Gain On Sale Of Security": NaN,
        "Net Non Operating Interest Income Expense": NaN,
        "Total Other Finance Cost": NaN,
        "Interest Expense Non Operating": NaN,
        "Operating Income": NaN,
        "Operating Expense": NaN,
        "Other Operating Expenses": 2688000.0,
        "Provision For Doubtful Accounts": 12177000.0,
        "Depreciation Amortization Depletion Income Statement": NaN,
        "Depreciation And Amortization In Income Statement": NaN,
        "Amortization": NaN,
        "Amortization Of Intangibles Income Statement": NaN,
        "Depreciation Income Statement": NaN,
        "Research And Development": NaN,
        "Selling General And Administration": NaN,
        "General And Administrative Expense": NaN,
        "Other Gand A": NaN,
        "Rent And Landing Fees": NaN,
        "Salaries And Wages": NaN,
        "Gross Profit": NaN,
        "Cost Of Revenue": NaN,
        "Total Revenue": NaN,
        "Operating Revenue": NaN
    },
    "2022-12-31": {
        "Tax Effect Of Unusual Items": -108150.0,
        "Tax Rate For Calcs": 0.21,
        "Normalized EBITDA": 801000.0,
        "Total Unusual Items": -515000.0,
        "Total Unusual Items Excluding Goodwill": -515000.0,
        "Net Income From Continuing Operation Net Minority Interest": -4097000.0,
        "Reconciled Depreciation": 515000.0,
        "Reconciled Cost Of Revenue": 124000.0,
        "EBITDA": 286000.0,
        "EBIT": -229000.0,
        "Net Interest Income": -867000.0,
        "Interest Expense": 871000.0,
        "Normalized Income": -3690150.0,
        "Net Income From Continuing And Discontinued Operation": -4097000.0,
        "Total Expenses": 13017000.0,
        "Rent Expense Supplemental": 29000.0,
        "Total Operating Income As Reported": -627000.0,
        "Diluted Average Shares": NaN,
        "Basic Average Shares": NaN,
        "Diluted EPS": NaN,
        "Basic EPS": NaN,
        "Diluted NI Availto Com Stockholders": -4097000.0,
        "Net Income Common Stockholders": -4097000.0,
        "Otherunder Preferred Stock Dividend": NaN,
        "Net Income": -4097000.0,
        "Minority Interests": -2825000.0,
        "Net Income Including Noncontrolling Interests": -1272000.0,
        "Net Income Continuous Operations": -1272000.0,
        "Tax Provision": 172000.0,
        "Pretax Income": -1100000.0,
        "Other Income Expense": -840000.0,
        "Other Non Operating Income Expenses": NaN,
        "Special Income Charges": -1113000.0,
        "Gain On Sale Of Business": NaN,
        "Other Special Charges": NaN,
        "Earnings From Equity Interest": -319000.0,
        "Gain On Sale Of Security": 598000.0,
        "Net Non Operating Interest Income Expense": -867000.0,
        "Total Other Finance Cost": -4000.0,
        "Interest Expense Non Operating": 871000.0,
        "Operating Income": 607000.0,
        "Operating Expense": 12893000.0,
        "Provision For Doubtful Accounts": NaN,
        "Depreciation Amortization Depletion Income Statement": 239000.0,
        "Depreciation And Amortization In Income Statement": 239000.0,
        "Amortization": 225000.0,
        "Amortization Of Intangibles Income Statement": 225000.0,
        "Depreciation Income Statement": 14000.0,
        "Research And Development": 6119000.0,
        "Selling General And Administration": 6817000.0,
        "General And Administrative Expense": 6817000.0,
        "Other Gand A": 5258000.0,
        "Rent And Landing Fees": 29000.0,
        "Salaries And Wages": 1530000.0,
        "Gross Profit": 13500000.0,
        "Cost Of Revenue": 124000.0,
        "Total Revenue": 13624000.0,
        "Operating Revenue": 13624000.0
    },
    "2022-09-30": {
        "Tax Effect Of Unusual Items": NaN,
        "Tax Rate For Calcs": NaN,
        "Normalized EBITDA": NaN,
        "Total Unusual Items": NaN,
        "Total Unusual Items Excluding Goodwill": NaN,
        "Net Income From Continuing Operation Net Minority Interest": NaN,
        "Reconciled Depreciation": NaN,
        "Reconciled Cost Of Revenue": NaN,
        "EBITDA": NaN,
        "EBIT": NaN,
        "Net Interest Income": NaN,
        "Interest Expense": NaN,
        "Normalized Income": NaN,
        "Net Income From Continuing And Discontinued Operation": NaN,
        "Total Expenses": NaN,
        "Rent Expense Supplemental": NaN,
        "Total Operating Income As Reported": NaN,
        "Diluted Average Shares": 25403907.0,
        "Basic Average Shares": 25403907.0,
        "Diluted EPS": -0.05,
        "Basic EPS": -0.05,
        "Diluted NI Availto Com Stockholders": NaN,
        "Net Income Common Stockholders": NaN,
        "Otherunder Preferred Stock Dividend": NaN,
        "Net Income": NaN,
        "Minority Interests": NaN,
        "Net Income Including Noncontrolling Interests": NaN,
        "Net Income Continuous Operations": NaN,
        "Tax Provision": NaN,
        "Pretax Income": NaN,
        "Other Income Expense": NaN,
        "Other Non Operating Income Expenses": -2000.0,
        "Special Income Charges": NaN,
        "Gain On Sale Of Business": NaN,
        "Other Special Charges": NaN,
        "Earnings From Equity Interest": NaN,
        "Gain On Sale Of Security": NaN,
        "Net Non Operating Interest Income Expense": NaN,
        "Total Other Finance Cost": NaN,
        "Interest Expense Non Operating": NaN,
        "Operating Income": NaN,
        "Operating Expense": NaN,
        "Other Operating Expenses": NaN,
        "Provision For Doubtful Accounts": 0.0,
        "Depreciation Amortization Depletion Income Statement": NaN,
        "Depreciation And Amortization In Income Statement": NaN,
        "Amortization": NaN,
        "Amortization Of Intangibles Income Statement": NaN,
        "Depreciation Income Statement": NaN,
        "Research And Development": NaN,
        "Selling General And Administration": NaN,
        "General And Administrative Expense": NaN,
        "Other Gand A": NaN,
        "Rent And Landing Fees": NaN,
        "Salaries And Wages": NaN,
        "Gross Profit": NaN,
        "Cost Of Revenue": NaN,
        "Total Revenue": NaN,
        "Operating Revenue": NaN
    },
    "2022-06-30": {
        "Tax Effect Of Unusual Items": -59600.0,
        "Tax Rate For Calcs": 0.4,
        "Normalized EBITDA": -4592000.0,
        "Total Unusual Items": -149000.0,
        "Total Unusual Items Excluding Goodwill": -149000.0,
        "Net Income From Continuing Operation Net Minority Interest": -5427000.0,
        "Reconciled Depreciation": 501000.0,
        "Reconciled Cost Of Revenue": 8490000.0,
        "EBITDA": -4741000.0,
        "EBIT": -5242000.0,
        "Net Interest Income": -240000.0,
        "Interest Expense": 239000.0,
        "Normalized Income": -5337600.0,
        "Net Income From Continuing And Discontinued Operation": -5427000.0,
        "Total Expenses": 11933000.0,
        "Rent Expense Supplemental": 56000.0,
        "Total Operating Income As Reported": -4732000.0,
        "Diluted Average Shares": 24820756.0,
        "Basic Average Shares": 24820756.0,
        "Diluted EPS": -0.22,
        "Basic EPS": -0.22,
        "Diluted NI Availto Com Stockholders": -5427000.0,
        "Net Income Common Stockholders": -5427000.0,
        "Net Income": -5427000.0,
        "Minority Interests": 65000.0,
        "Net Income Including Noncontrolling Interests": -5492000.0,
        "Net Income Continuous Operations": -5492000.0,
        "Tax Provision": 11000.0,
        "Pretax Income": -5481000.0,
        "Other Income Expense": -509000.0,
        "Other Non Operating Income Expenses": 8000.0,
        "Special Income Charges": NaN,
        "Gain On Sale Of Business": NaN,
        "Other Special Charges": NaN,
        "Earnings From Equity Interest": -368000.0,
        "Gain On Sale Of Security": -149000.0,
        "Net Non Operating Interest Income Expense": -240000.0,
        "Total Other Finance Cost": 1000.0,
        "Interest Expense Non Operating": 239000.0,
        "Operating Income": -4732000.0,
        "Operating Expense": 3183000.0,
        "Depreciation Amortization Depletion Income Statement": 241000.0,
        "Depreciation And Amortization In Income Statement": 241000.0,
        "Amortization": 229000.0,
        "Amortization Of Intangibles Income Statement": 229000.0,
        "Depreciation Income Statement": 12000.0,
        "Research And Development": 130000.0,
        "Selling General And Administration": 2942000.0,
        "General And Administrative Expense": 2942000.0,
        "Other Gand A": 1729000.0,
        "Rent And Landing Fees": 56000.0,
        "Salaries And Wages": 1157000.0,
        "Gross Profit": -1549000.0,
        "Cost Of Revenue": 8750000.0,
        "Total Revenue": 7201000.0,
        "Operating Revenue": 7201000.0
    },
    "2022-03-31": {
        "Diluted EPS": -0.16,
        "Total Revenue": 7,
        "Gross Profit": 6,
        "Operating Income": -3,
        "EBIT": -3,
        "Net Income": -4
    },
    "2021-12-31": {
        "Diluted EPS": -0.2,
        "Total Revenue": 7,
        "Gross Profit": -4,
        "Operating Income": -7,
        "EBIT": -6,
        "Net Income": -5
    },
    "2021-09-30": {
        "Diluted EPS": -0.42,
        "Total Revenue": 9,
        "Gross Profit": -1,
        "Operating Income": -8,
        "EBIT": -7,
        "Net Income": -10
    },
    "2021-06-30": {
        "Diluted EPS": -0.11,
        "Total Revenue": 11,
        "Gross Profit": 1,
        "Operating Income": -2,
        "EBIT": -2,
        "Net Income": -3
    },
    "2021-03-31": {
        "Diluted EPS": -0.01,
        "Total Revenue": 9,
        "Gross Profit": 3,
        "Operating Income": 0,
        "EBIT": 1,
        "Net Income": 0
    },
    "2020-12-31": {
        "Diluted EPS": -3.46,
        "Total Revenue": 2,
        "Gross Profit": -45,
        "Operating Income": -53,
        "EBIT": -52,
        "Net Income": -46
    },
    "2020-09-30": {
        "Diluted EPS": -0.11,
        "Total Revenue": 2,
        "Gross Profit": -5,
        "Operating Income": -9,
        "EBIT": -9,
        "Net Income": -2
    },
    "2020-06-30": {
        "Diluted EPS": -0.95,
        "Total Revenue": 2,
        "Gross Profit": -23,
        "Operating Income": -27,
        "EBIT": -27,
        "Net Income": -20
    },
    "2020-03-31": {
        "Diluted EPS": 4.23,
        "Total Revenue": 2,
        "Gross Profit": -3,
        "Operating Income": -7,
        "EBIT": -6,
        "Net Income": 70
    },
    "2019-12-31": {
        "Diluted EPS": -0.42,
        "Total Revenue": 1,
        "Gross Profit": -2,
        "Operating Income": -5,
        "EBIT": -4,
        "Net Income": -6
    },
    "2019-09-30": {
        "Diluted EPS": -0.44,
        "Total Revenue": 1,
        "Gross Profit": -1,
        "Operating Income": -4,
        "EBIT": -3,
        "Net Income": -5
    },
    "2019-06-30": {
        "Diluted EPS": -0.36,
        "Total Revenue": 1,
        "Gross Profit": -2,
        "Operating Income": -5,
        "EBIT": -4,
        "Net Income": -5
    },
    "2019-03-31": {
        "Diluted EPS": -0.55,
        "Total Revenue": 0,
        "Gross Profit": -5,
        "Operating Income": -8,
        "EBIT": -7,
        "Net Income": -8
    },
    "2018-12-31": {
        "Diluted EPS": -0.58,
        "Total Revenue": 8,
        "Gross Profit": 3,
        "Operating Income": -10,
        "EBIT": -9,
        "Net Income": -9
    },
    "2018-11-30": {
        "Diluted EPS": 0.0,
        "Total Revenue": NaN,
        "Gross Profit": NaN,
        "Operating Income": NaN,
        "EBIT": NaN,
        "Net Income": NaN
    },
    "2018-08-31": {
        "Diluted EPS": -0.35,
        "Total Revenue": 6,
        "Gross Profit": 3,
        "Operating Income": -1,
        "EBIT": 0,
        "Net Income": -5
    },
    "2018-05-31": {
        "Diluted EPS": -0.2,
        "Total Revenue": 4,
        "Gross Profit": 2,
        "Operating Income": -3,
        "EBIT": -2,
        "Net Income": -3
    },
    "2018-02-28": {
        "Diluted EPS": -0.52,
        "Total Revenue": 3,
        "Gross Profit": 1,
        "Operating Income": -3,
        "EBIT": -3,
        "Net Income": -6
    },
    "2017-11-30": {
        "Diluted EPS": 0.0,
        "Total Revenue": NaN,
        "Gross Profit": NaN,
        "Operating Income": NaN,
        "EBIT": NaN,
        "Net Income": NaN
    },
    "2017-08-31": {
        "Diluted EPS": -0.4,
        "Total Revenue": 3,
        "Gross Profit": 1,
        "Operating Income": -3,
        "EBIT": -3,
        "Net Income": -4
    },
    "2017-05-31": {
        "Diluted EPS": -0.26,
        "Total Revenue": 2,
        "Gross Profit": 1,
        "Operating Income": -2,
        "EBIT": -2,
        "Net Income": -2
    },
    "2017-02-28": {
        "Diluted EPS": -0.66,
        "Total Revenue": 2,
        "Gross Profit": 0,
        "Operating Income": -3,
        "EBIT": -3,
        "Net Income": -6
    },
    "2016-11-30": {
        "Diluted EPS": 0.0,
        "Total Revenue": NaN,
        "Gross Profit": NaN,
        "Operating Income": NaN,
        "EBIT": NaN,
        "Net Income": NaN
    },
    "2016-08-31": {
        "Diluted EPS": -0.24,
        "Total Revenue": 2,
        "Gross Profit": 0,
        "Operating Income": -2,
        "EBIT": -2,
        "Net Income": -3
    },
    "2016-05-31": {
        "Diluted EPS": -0.48,
        "Total Revenue": 1,
        "Gross Profit": -1,
        "Operating Income": -4,
        "EBIT": -3,
        "Net Income": -4
    },
    "2016-02-29": {
        "Diluted EPS": 0.01,
        "Total Revenue": 2,
        "Gross Profit": 0,
        "Operating Income": -2,
        "EBIT": -1,
        "Net Income": 0
    },
    "2015-11-30": {
        "Diluted EPS": 0.0,
        "Total Revenue": NaN,
        "Gross Profit": NaN,
        "Operating Income": NaN,
        "EBIT": NaN,
        "Net Income": NaN
    },
    "2015-08-31": {
        "Diluted EPS": 0.48,
        "Total Revenue": 1,
        "Gross Profit": 0,
        "Operating Income": -2,
        "EBIT": -1,
        "Net Income": -2
    },
    "2015-05-31": {
        "Diluted EPS": 0.36,
        "Total Revenue": 1,
        "Gross Profit": 0,
        "Operating Income": -2,
        "EBIT": -1,
        "Net Income": -1
    },
    "2015-02-28": {
        "Diluted EPS": -0.24,
        "Total Revenue": NaN,
        "Gross Profit": NaN,
        "Operating Income": -1,
        "EBIT": -1,
        "Net Income": -1
    },
    "2014-11-30": {
        "Diluted EPS": 0.0,
        "Total Revenue": NaN,
        "Gross Profit": NaN,
        "Operating Income": NaN,
        "EBIT": NaN,
        "Net Income": NaN
    },
    "2014-08-31": {
        "Diluted EPS": 0.72,
        "Total Revenue": NaN,
        "Gross Profit": NaN,
        "Operating Income": -1,
        "EBIT": -1,
        "Net Income": -3
    },
    "2014-05-31": {
        "Diluted EPS": 0.36,
        "Total Revenue": NaN,
        "Gross Profit": NaN,
        "Operating Income": -2,
        "EBIT": -2,
        "Net Income": -2
    },
    "2014-02-28": {
        "Diluted EPS": 0.12,
        "Total Revenue": NaN,
        "Gross Profit": NaN,
        "Operating Income": -1,
        "EBIT": -1,
        "Net Income": 1
    },
    "2013-11-30": {
        "Diluted EPS": 0.0,
        "Total Revenue": NaN,
        "Gross Profit": NaN,
        "Operating Income": NaN,
        "EBIT": NaN,
        "Net Income": NaN
    },
    "2013-08-31": {
        "Diluted EPS": -0.24,
        "Total Revenue": NaN,
        "Gross Profit": NaN,
        "Operating Income": -1,
        "EBIT": -1,
        "Net Income": -1
    },
    "2013-05-31": {
        "Diluted EPS": 0.36,
        "Total Revenue": NaN,
        "Gross Profit": NaN,
        "Operating Income": -1,
        "EBIT": -1,
        "Net Income": -2
    },
    "2013-02-28": {
        "Diluted EPS": 0.36,
        "Total Revenue": NaN,
        "Gross Profit": NaN,
        "Operating Income": -1,
        "EBIT": -1,
        "Net Income": -1
    },
    "2012-12-31": {
        "Diluted EPS": 0.0,
        "Total Revenue": NaN,
        "Gross Profit": NaN,
        "Operating Income": -1,
        "EBIT": -1,
        "Net Income": -1
    },
    "2012-11-30": {
        "Diluted EPS": 0.0,
        "Total Revenue": NaN,
        "Gross Profit": NaN,
        "Operating Income": NaN,
        "EBIT": NaN,
        "Net Income": NaN
    },
    "2012-09-30": {
        "Diluted EPS": 0.0,
        "Total Revenue": NaN,
        "Gross Profit": NaN,
        "Operating Income": -1,
        "EBIT": -1,
        "Net Income": -2
    },
    "2012-08-31": {
        "Diluted EPS": 0.48,
        "Total Revenue": NaN,
        "Gross Profit": NaN,
        "Operating Income": -2,
        "EBIT": -2,
        "Net Income": -2
    },
    "2012-06-30": {
        "Diluted EPS": 0.0,
        "Total Revenue": NaN,
        "Gross Profit": NaN,
        "Operating Income": -1,
        "EBIT": -1,
        "Net Income": -2
    },
    "2012-05-31": {
        "Diluted EPS": 0.24,
        "Total Revenue": NaN,
        "Gross Profit": NaN,
        "Operating Income": -1,
        "EBIT": -1,
        "Net Income": -1
    },
    "2012-03-31": {
        "Diluted EPS": 0.0,
        "Total Revenue": NaN,
        "Gross Profit": NaN,
        "Operating Income": 0,
        "EBIT": 0,
        "Net Income": -1
    },
    "2012-02-29": {
        "Diluted EPS": 0.12,
        "Total Revenue": NaN,
        "Gross Profit": NaN,
        "Operating Income": -1,
        "EBIT": -1,
        "Net Income": -1
    },
    "2023-06-30": {
        "Tax Effect Of Unusual Items": -4266150.0,
        "Tax Rate For Calcs": 0.21,
        "Normalized EBITDA": -9593000.0,
        "Total Unusual Items": -20315000.0,
        "Total Unusual Items Excluding Goodwill": -20315000.0,
        "Net Income From Continuing Operation Net Minority Interest": -25543000.0,
        "Reconciled Depreciation": 597000.0,
        "Reconciled Cost Of Revenue": 2864000.0,
        "EBITDA": -29908000.0,
        "EBIT": -30505000.0,
        "Net Interest Income": -598000.0,
        "Interest Expense": 597000.0,
        "Normalized Income": -9494150.0,
        "Net Income From Continuing And Discontinued Operation": -25543000.0,
        "Total Expenses": 10305000.0,
        "Rent Expense Supplemental": 48000.0,
        "Total Operating Income As Reported": 25070000.0,
        "Diluted Average Shares": 28603597.0,
        "Basic Average Shares": 28603597.0,
        "Diluted EPS": -0.76,
        "Basic EPS": -0.76,
        "Diluted NI Availto Com Stockholders": -21872000.0,
        "Net Income Common Stockholders": -21872000.0,
        "Otherunder Preferred Stock Dividend": -3671000.0,
        "Net Income": -25543000.0,
        "Minority Interests": 5650000.0,
        "Net Income Including Noncontrolling Interests": -31193000.0,
        "Net Income Continuous Operations": -31193000.0,
        "Tax Provision": 91000.0,
        "Pretax Income": -31102000.0,
        "Other Income Expense": -20312000.0,
        "Other Non Operating Income Expenses": NaN,
        "Special Income Charges": -20221000.0,
        "Gain On Sale Of Business": -5343000.0,
        "Other Special Charges": NaN,
        "Write Off": 14878000.0,
        "Restructuring And Mergern Acquisition": 0.0,
        "Earnings From Equity Interest": 3000.0,
        "Gain On Sale Of Security": -94000.0,
        "Net Non Operating Interest Income Expense": -598000.0,
        "Total Other Finance Cost": 1000.0,
        "Interest Expense Non Operating": 597000.0,
        "Operating Income": -10192000.0,
        "Operating Expense": 7073000.0,
        "Other Operating Expenses": NaN,
        "Provision For Doubtful Accounts": 0.0,
        "Depreciation Amortization Depletion Income Statement": 229000.0,
        "Depreciation And Amortization In Income Statement": 229000.0,
        "Amortization": 208000.0,
        "Amortization Of Intangibles Income Statement": 208000.0,
        "Depreciation Income Statement": 21000.0,
        "Research And Development": 3678000.0,
        "Selling General And Administration": 3166000.0,
        "General And Administrative Expense": 3166000.0,
        "Other Gand A": 1959000.0,
        "Rent And Landing Fees": 48000.0,
        "Salaries And Wages": 1159000.0,
        "Gross Profit": -3119000.0,
        "Cost Of Revenue": 3232000.0,
        "Total Revenue": 113000.0,
        "Operating Revenue": 113000.0
    },
    "2023-09-30": {
        "Tax Effect Of Unusual Items": 14490.0,
        "Tax Rate For Calcs": 0.21,
        "Normalized EBITDA": -2598000.0,
        "Total Unusual Items": 69000.0,
        "Total Unusual Items Excluding Goodwill": 69000.0,
        "Net Income From Continuing Operation Net Minority Interest": -3725000.0,
        "Reconciled Depreciation": 191000.0,
        "Reconciled Cost Of Revenue": 105000.0,
        "EBITDA": -2529000.0,
        "EBIT": -2720000.0,
        "Net Interest Income": -613000.0,
        "Interest Expense": 611000.0,
        "Normalized Income": -3779510.0,
        "Net Income From Continuing And Discontinued Operation": -3725000.0,
        "Total Expenses": 2345000.0,
        "Rent Expense Supplemental": 13000.0,
        "Total Operating Income As Reported": -2788000.0,
        "Diluted Average Shares": 30022591.0,
        "Basic Average Shares": 30022591.0,
        "Diluted EPS": -0.12,
        "Basic EPS": -0.12,
        "Diluted NI Availto Com Stockholders": -3725000.0,
        "Net Income Common Stockholders": -3725000.0,
        "Otherunder Preferred Stock Dividend": NaN,
        "Net Income": -3725000.0,
        "Minority Interests": 0.0,
        "Net Income Including Noncontrolling Interests": -3725000.0,
        "Net Income Continuous Operations": -3725000.0,
        "Tax Provision": 394000.0,
        "Pretax Income": -3331000.0,
        "Other Income Expense": -482000.0,
        "Other Non Operating Income Expenses": 2000.0,
        "Special Income Charges": 0.0,
        "Gain On Sale Of Business": 0.0,
        "Other Special Charges": NaN,
        "Write Off": NaN,
        "Restructuring And Mergern Acquisition": NaN,
        "Earnings From Equity Interest": -553000.0,
        "Gain On Sale Of Security": 69000.0,
        "Net Non Operating Interest Income Expense": -613000.0,
        "Total Other Finance Cost": 2000.0,
        "Interest Expense Non Operating": 611000.0,
        "Operating Income": -2235000.0,
        "Operating Expense": 2206000.0,
        "Other Operating Expenses": NaN,
        "Provision For Doubtful Accounts": 0.0,
        "Depreciation Amortization Depletion Income Statement": 157000.0,
        "Depreciation And Amortization In Income Statement": 157000.0,
        "Amortization": 153000.0,
        "Amortization Of Intangibles Income Statement": 153000.0,
        "Depreciation Income Statement": 4000.0,
        "Research And Development": 868000.0,
        "Selling General And Administration": 1181000.0,
        "General And Administrative Expense": 1181000.0,
        "Other Gand A": 856000.0,
        "Rent And Landing Fees": 13000.0,
        "Salaries And Wages": 312000.0,
        "Gross Profit": -29000.0,
        "Cost Of Revenue": 139000.0,
        "Total Revenue": 110000.0,
        "Operating Revenue": 110000.0
    },
    "2023-12-31": {
        "Tax Effect Of Unusual Items": -20935.729701,
        "Tax Rate For Calcs": 0.00317,
        "Normalized EBITDA": -37147000.0,
        "Total Unusual Items": -6605000.0,
        "Total Unusual Items Excluding Goodwill": -6605000.0,
        "Net Income From Continuing Operation Net Minority Interest": -34392000.0,
        "Reconciled Depreciation": 194000.0,
        "Reconciled Cost Of Revenue": 131000.0,
        "EBITDA": -43752000.0,
        "EBIT": -43946000.0,
        "Net Interest Income": -540000.0,
        "Interest Expense": 538000.0,
        "Normalized Income": -27807935.729701,
        "Net Income From Continuing And Discontinued Operation": -34392000.0,
        "Total Expenses": 32523000.0,
        "Rent Expense Supplemental": 34000.0,
        "Total Operating Income As Reported": -71922000.0,
        "Diluted Average Shares": NaN,
        "Basic Average Shares": NaN,
        "Diluted EPS": NaN,
        "Basic EPS": NaN,
        "Diluted NI Availto Com Stockholders": -34392000.0,
        "Net Income Common Stockholders": -34392000.0,
        "Otherunder Preferred Stock Dividend": NaN,
        "Net Income": -34392000.0,
        "Minority Interests": 9951000.0,
        "Net Income Including Noncontrolling Interests": -44343000.0,
        "Net Income Continuous Operations": -44343000.0,
        "Tax Provision": -141000.0,
        "Pretax Income": -44484000.0,
        "Other Income Expense": 2178000.0,
        "Other Non Operating Income Expenses": 0.0,
        "Special Income Charges": -6453000.0,
        "Gain On Sale Of Business": -5754000.0,
        "Other Special Charges": 0.0,
        "Write Off": NaN,
        "Restructuring And Mergern Acquisition": NaN,
        "Earnings From Equity Interest": 8783000.0,
        "Gain On Sale Of Security": -152000.0,
        "Net Non Operating Interest Income Expense": -540000.0,
        "Total Other Finance Cost": 2000.0,
        "Interest Expense Non Operating": 538000.0,
        "Operating Income": -46122000.0,
        "Operating Expense": 32361000.0,
        "Other Operating Expenses": NaN,
        "Provision For Doubtful Accounts": NaN,
        "Depreciation Amortization Depletion Income Statement": 163000.0,
        "Depreciation And Amortization In Income Statement": 163000.0,
        "Amortization": 153000.0,
        "Amortization Of Intangibles Income Statement": 153000.0,
        "Depreciation Income Statement": 10000.0,
        "Research And Development": 3050000.0,
        "Selling General And Administration": 26460000.0,
        "General And Administrative Expense": 26460000.0,
        "Other Gand A": 26069000.0,
        "Rent And Landing Fees": 34000.0,
        "Salaries And Wages": 357000.0,
        "Gross Profit": -13761000.0,
        "Cost Of Revenue": 162000.0,
        "Total Revenue": -13599000.0,
        "Operating Revenue": -13599000.0
    },
    "2024-03-31": {
        "Tax Effect Of Unusual Items": -53760.0,
        "Tax Rate For Calcs": 0.21,
        "Normalized EBITDA": -8550000.0,
        "Total Unusual Items": -256000.0,
        "Total Unusual Items Excluding Goodwill": -256000.0,
        "Net Income From Continuing Operation Net Minority Interest": -9765000.0,
        "Reconciled Depreciation": 381000.0,
        "Reconciled Cost Of Revenue": 274000.0,
        "EBITDA": -8806000.0,
        "EBIT": -9187000.0,
        "Net Interest Income": -803000.0,
        "Interest Expense": 802000.0,
        "Normalized Income": -9562760.0,
        "Net Income From Continuing And Discontinued Operation": -9765000.0,
        "Total Expenses": 9071000.0,
        "Rent Expense Supplemental": 56000.0,
        "Total Operating Income As Reported": -8930000.0,
        "Diluted Average Shares": 33176657.0,
        "Basic Average Shares": 33176657.0,
        "Diluted EPS": -0.29,
        "Basic EPS": -0.29,
        "Diluted NI Availto Com Stockholders": -9765000.0,
        "Net Income Common Stockholders": -9765000.0,
        "Otherunder Preferred Stock Dividend": NaN,
        "Net Income": -9765000.0,
        "Minority Interests": 240000.0,
        "Net Income Including Noncontrolling Interests": -10005000.0,
        "Net Income Continuous Operations": -10005000.0,
        "Tax Provision": 16000.0,
        "Pretax Income": -9989000.0,
        "Other Income Expense": -256000.0,
        "Other Non Operating Income Expenses": NaN,
        "Special Income Charges": -207000.0,
        "Gain On Sale Of Business": -66000.0,
        "Other Special Charges": 141000.0,
        "Write Off": NaN,
        "Restructuring And Mergern Acquisition": NaN,
        "Earnings From Equity Interest": 0.0,
        "Gain On Sale Of Security": -49000.0,
        "Net Non Operating Interest Income Expense": -803000.0,
        "Total Other Finance Cost": 1000.0,
        "Interest Expense Non Operating": 802000.0,
        "Operating Income": -8930000.0,
        "Operating Expense": 8579000.0,
        "Other Operating Expenses": NaN,
        "Provision For Doubtful Accounts": 3225000.0,
        "Depreciation Amortization Depletion Income Statement": 163000.0,
        "Depreciation And Amortization In Income Statement": 163000.0,
        "Amortization": 153000.0,
        "Amortization Of Intangibles Income Statement": 153000.0,
        "Depreciation Income Statement": 10000.0,
        "Research And Development": 2534000.0,
        "Selling General And Administration": 2657000.0,
        "General And Administrative Expense": 2657000.0,
        "Other Gand A": 1846000.0,
        "Rent And Landing Fees": 56000.0,
        "Salaries And Wages": 755000.0,
        "Gross Profit": -351000.0,
        "Cost Of Revenue": 492000.0,
        "Total Revenue": 141000.0,
        "Operating Revenue": 141000.0
    },
    "2024-06-30": {
        "Tax Effect Of Unusual Items": -878220.0,
        "Tax Rate For Calcs": 0.21,
        "Normalized EBITDA": -3834000.0,
        "Total Unusual Items": -4182000.0,
        "Total Unusual Items Excluding Goodwill": -4182000.0,
        "Net Income From Continuing Operation Net Minority Interest": -8904000.0,
        "Reconciled Depreciation": 706000.0,
        "Reconciled Cost Of Revenue": 118000.0,
        "EBITDA": -8016000.0,
        "EBIT": -8722000.0,
        "Net Interest Income": -619000.0,
        "Interest Expense": 639000.0,
        "Normalized Income": -5600220.0,
        "Net Income From Continuing And Discontinued Operation": -8904000.0,
        "Total Expenses": 4814000.0,
        "Rent Expense Supplemental": 94000.0,
        "Total Operating Income As Reported": 4250000.0,
        "Diluted Average Shares": 38860727.0,
        "Basic Average Shares": 38860727.0,
        "Diluted EPS": -0.23,
        "Basic EPS": -0.23,
        "Diluted NI Availto Com Stockholders": -8904000.0,
        "Net Income Common Stockholders": -8904000.0,
        "Otherunder Preferred Stock Dividend": 0.0,
        "Net Income": -8904000.0,
        "Minority Interests": 462000.0,
        "Net Income Including Noncontrolling Interests": -9366000.0,
        "Net Income Continuous Operations": -9366000.0,
        "Tax Provision": 5000.0,
        "Pretax Income": -9361000.0,
        "Other Income Expense": -4174000.0,
        "Other Non Operating Income Expenses": 8000.0,
        "Special Income Charges": -3986000.0,
        "Gain On Sale Of Business": 0.0,
        "Other Special Charges": 4304000.0,
        "Write Off": -500000.0,
        "Restructuring And Mergern Acquisition": 182000.0,
        "Earnings From Equity Interest": 0.0,
        "Gain On Sale Of Security": -196000.0,
        "Net Non Operating Interest Income Expense": -619000.0,
        "Total Other Finance Cost": -20000.0,
        "Interest Expense Non Operating": 639000.0,
        "Operating Income": -4568000.0,
        "Operating Expense": 4276000.0,
        "Other Operating Expenses": NaN,
        "Provision For Doubtful Accounts": 0.0,
        "Depreciation Amortization Depletion Income Statement": 286000.0,
        "Depreciation And Amortization In Income Statement": 286000.0,
        "Amortization": 226000.0,
        "Amortization Of Intangibles Income Statement": 226000.0,
        "Depreciation Income Statement": 60000.0,
        "Research And Development": 2210000.0,
        "Selling General And Administration": 1780000.0,
        "General And Administrative Expense": 1780000.0,
        "Other Gand A": 519000.0,
        "Rent And Landing Fees": 94000.0,
        "Salaries And Wages": 1167000.0,
        "Gross Profit": -292000.0,
        "Cost Of Revenue": 538000.0,
        "Total Revenue": 246000.0,
        "Operating Revenue": 246000.0
    }
}