{
    "2023-12-31": {
        "Tax Effect Of Unusual Items": NaN,
        "Tax Rate For Calcs": NaN,
        "Normalized EBITDA": NaN,
        "Total Unusual Items": NaN,
        "Total Unusual Items Excluding Goodwill": NaN,
        "Net Income From Continuing Operation Net Minority Interest": NaN,
        "Reconciled Depreciation": NaN,
        "Reconciled Cost Of Revenue": NaN,
        "EBITDA": NaN,
        "EBIT": NaN,
        "Net Interest Income": NaN,
        "Interest Expense": NaN,
        "Interest Income": NaN,
        "Normalized Income": NaN,
        "Net Income From Continuing And Discontinued Operation": NaN,
        "Total Expenses": NaN,
        "Total Operating Income As Reported": NaN,
        "Diluted Average Shares": NaN,
        "Basic Average Shares": NaN,
        "Diluted EPS": NaN,
        "Basic EPS": NaN,
        "Diluted NI Availto Com Stockholders": NaN,
        "Net Income Common Stockholders": NaN,
        "Net Income": NaN,
        "Net Income Including Noncontrolling Interests": NaN,
        "Net Income Continuous Operations": NaN,
        "Tax Provision": NaN,
        "Pretax Income": NaN,
        "Other Income Expense": NaN,
        "Other Non Operating Income Expenses": NaN,
        "Special Income Charges": -72743000.0,
        "Other Special Charges": 0.0,
        "Gain On Sale Of Security": NaN,
        "Net Non Operating Interest Income Expense": NaN,
        "Interest Expense Non Operating": NaN,
        "Interest Income Non Operating": NaN,
        "Operating Income": NaN,
        "Operating Expense": NaN,
        "Other Operating Expenses": NaN,
        "Depreciation Amortization Depletion Income Statement": NaN,
        "Depreciation And Amortization In Income Statement": NaN,
        "Depreciation Income Statement": NaN,
        "Selling General And Administration": NaN,
        "General And Administrative Expense": NaN,
        "Other Gand A": NaN,
        "Salaries And Wages": NaN,
        "Gross Profit": NaN,
        "Cost Of Revenue": NaN,
        "Total Revenue": NaN,
        "Operating Revenue": NaN
    },
    "2023-09-30": {
        "Tax Effect Of Unusual Items": NaN,
        "Tax Rate For Calcs": NaN,
        "Normalized EBITDA": NaN,
        "Total Unusual Items": NaN,
        "Total Unusual Items Excluding Goodwill": NaN,
        "Net Income From Continuing Operation Net Minority Interest": NaN,
        "Reconciled Depreciation": NaN,
        "Reconciled Cost Of Revenue": NaN,
        "EBITDA": NaN,
        "EBIT": NaN,
        "Net Interest Income": NaN,
        "Interest Expense": NaN,
        "Interest Income": NaN,
        "Normalized Income": NaN,
        "Net Income From Continuing And Discontinued Operation": NaN,
        "Total Expenses": NaN,
        "Total Operating Income As Reported": NaN,
        "Diluted Average Shares": 331500000.0,
        "Basic Average Shares": 313800000.0,
        "Diluted EPS": 0.02,
        "Basic EPS": 0.02,
        "Diluted NI Availto Com Stockholders": NaN,
        "Net Income Common Stockholders": NaN,
        "Net Income": NaN,
        "Net Income Including Noncontrolling Interests": NaN,
        "Net Income Continuous Operations": NaN,
        "Tax Provision": NaN,
        "Pretax Income": NaN,
        "Other Income Expense": NaN,
        "Other Non Operating Income Expenses": NaN,
        "Special Income Charges": -1547000.0,
        "Other Special Charges": 1547000.0,
        "Gain On Sale Of Security": NaN,
        "Net Non Operating Interest Income Expense": NaN,
        "Interest Expense Non Operating": NaN,
        "Interest Income Non Operating": NaN,
        "Operating Income": NaN,
        "Operating Expense": NaN,
        "Other Operating Expenses": NaN,
        "Depreciation Amortization Depletion Income Statement": NaN,
        "Depreciation And Amortization In Income Statement": NaN,
        "Depreciation Income Statement": NaN,
        "Selling General And Administration": NaN,
        "General And Administrative Expense": NaN,
        "Other Gand A": NaN,
        "Salaries And Wages": NaN,
        "Gross Profit": NaN,
        "Cost Of Revenue": NaN,
        "Total Revenue": NaN,
        "Operating Revenue": NaN
    },
    "2023-06-30": {
        "Tax Effect Of Unusual Items": NaN,
        "Tax Rate For Calcs": NaN,
        "Normalized EBITDA": NaN,
        "Total Unusual Items": NaN,
        "Total Unusual Items Excluding Goodwill": NaN,
        "Net Income From Continuing Operation Net Minority Interest": NaN,
        "Reconciled Depreciation": NaN,
        "Reconciled Cost Of Revenue": NaN,
        "EBITDA": NaN,
        "EBIT": NaN,
        "Net Interest Income": NaN,
        "Interest Expense": NaN,
        "Interest Income": NaN,
        "Normalized Income": NaN,
        "Net Income From Continuing And Discontinued Operation": NaN,
        "Total Expenses": NaN,
        "Total Operating Income As Reported": 37539000.0,
        "Diluted Average Shares": 329400000.0,
        "Basic Average Shares": 311200000.0,
        "Diluted EPS": 0.04,
        "Basic EPS": 0.04,
        "Diluted NI Availto Com Stockholders": NaN,
        "Net Income Common Stockholders": NaN,
        "Net Income": NaN,
        "Net Income Including Noncontrolling Interests": NaN,
        "Net Income Continuous Operations": NaN,
        "Tax Provision": NaN,
        "Pretax Income": NaN,
        "Other Income Expense": NaN,
        "Special Income Charges": 0.0,
        "Other Special Charges": NaN,
        "Gain On Sale Of Security": NaN,
        "Net Non Operating Interest Income Expense": NaN,
        "Interest Expense Non Operating": NaN,
        "Interest Income Non Operating": NaN,
        "Operating Income": NaN,
        "Operating Expense": NaN,
        "Other Operating Expenses": NaN,
        "Depreciation Amortization Depletion Income Statement": NaN,
        "Depreciation And Amortization In Income Statement": NaN,
        "Depreciation Income Statement": NaN,
        "Selling General And Administration": NaN,
        "General And Administrative Expense": NaN,
        "Other Gand A": NaN,
        "Salaries And Wages": NaN,
        "Gross Profit": NaN,
        "Cost Of Revenue": NaN,
        "Total Revenue": NaN,
        "Operating Revenue": NaN
    },
    "2023-03-31": {
        "Tax Effect Of Unusual Items": NaN,
        "Tax Rate For Calcs": NaN,
        "Normalized EBITDA": NaN,
        "Total Unusual Items": NaN,
        "Total Unusual Items Excluding Goodwill": NaN,
        "Net Income From Continuing Operation Net Minority Interest": NaN,
        "Reconciled Depreciation": NaN,
        "Reconciled Cost Of Revenue": NaN,
        "EBITDA": NaN,
        "EBIT": NaN,
        "Net Interest Income": NaN,
        "Interest Expense": NaN,
        "Interest Income": NaN,
        "Normalized Income": NaN,
        "Net Income From Continuing And Discontinued Operation": NaN,
        "Total Expenses": NaN,
        "Total Operating Income As Reported": 32179000.0,
        "Diluted Average Shares": 325600000.0,
        "Basic Average Shares": 306300000.0,
        "Diluted EPS": 0.04,
        "Basic EPS": 0.04,
        "Diluted NI Availto Com Stockholders": NaN,
        "Net Income Common Stockholders": NaN,
        "Net Income": NaN,
        "Net Income Including Noncontrolling Interests": NaN,
        "Net Income Continuous Operations": NaN,
        "Tax Provision": NaN,
        "Pretax Income": NaN,
        "Other Income Expense": NaN,
        "Special Income Charges": NaN,
        "Other Special Charges": NaN,
        "Gain On Sale Of Security": NaN,
        "Net Non Operating Interest Income Expense": NaN,
        "Interest Expense Non Operating": NaN,
        "Interest Income Non Operating": NaN,
        "Operating Income": NaN,
        "Operating Expense": NaN,
        "Other Operating Expenses": NaN,
        "Depreciation Amortization Depletion Income Statement": NaN,
        "Depreciation And Amortization In Income Statement": NaN,
        "Depreciation Income Statement": NaN,
        "Selling General And Administration": NaN,
        "General And Administrative Expense": NaN,
        "Other Gand A": NaN,
        "Salaries And Wages": NaN,
        "Gross Profit": NaN,
        "Cost Of Revenue": NaN,
        "Total Revenue": NaN,
        "Operating Revenue": NaN
    },
    "2022-12-31": {
        "Tax Effect Of Unusual Items": NaN,
        "Tax Rate For Calcs": NaN,
        "Normalized EBITDA": NaN,
        "Total Unusual Items": NaN,
        "Total Unusual Items Excluding Goodwill": NaN,
        "Net Income From Continuing Operation Net Minority Interest": NaN,
        "Reconciled Depreciation": NaN,
        "Reconciled Cost Of Revenue": NaN,
        "EBITDA": NaN,
        "EBIT": NaN,
        "Net Interest Income": NaN,
        "Interest Expense": NaN,
        "Interest Income": NaN,
        "Normalized Income": NaN,
        "Net Income From Continuing And Discontinued Operation": NaN,
        "Total Expenses": NaN,
        "Total Operating Income As Reported": 38186000.0,
        "Diluted Average Shares": NaN,
        "Basic Average Shares": NaN,
        "Diluted EPS": NaN,
        "Basic EPS": NaN,
        "Diluted NI Availto Com Stockholders": NaN,
        "Net Income Common Stockholders": NaN,
        "Net Income": NaN,
        "Net Income Including Noncontrolling Interests": NaN,
        "Net Income Continuous Operations": NaN,
        "Tax Provision": NaN,
        "Pretax Income": NaN,
        "Other Income Expense": NaN,
        "Other Non Operating Income Expenses": 35000.0,
        "Special Income Charges": 0.0,
        "Other Special Charges": 0.0,
        "Gain On Sale Of Security": NaN,
        "Net Non Operating Interest Income Expense": NaN,
        "Interest Expense Non Operating": NaN,
        "Interest Income Non Operating": NaN,
        "Operating Income": NaN,
        "Operating Expense": NaN,
        "Other Operating Expenses": NaN,
        "Depreciation Amortization Depletion Income Statement": NaN,
        "Depreciation And Amortization In Income Statement": NaN,
        "Depreciation Income Statement": NaN,
        "Selling General And Administration": NaN,
        "General And Administrative Expense": NaN,
        "Other Gand A": NaN,
        "Salaries And Wages": NaN,
        "Gross Profit": NaN,
        "Cost Of Revenue": NaN,
        "Total Revenue": NaN,
        "Operating Revenue": NaN
    },
    "2022-09-30": {
        "Tax Effect Of Unusual Items": NaN,
        "Tax Rate For Calcs": NaN,
        "Normalized EBITDA": NaN,
        "Total Unusual Items": NaN,
        "Total Unusual Items Excluding Goodwill": NaN,
        "Net Income From Continuing Operation Net Minority Interest": NaN,
        "Reconciled Depreciation": NaN,
        "Reconciled Cost Of Revenue": NaN,
        "EBITDA": NaN,
        "EBIT": NaN,
        "Net Interest Income": NaN,
        "Interest Expense": NaN,
        "Interest Income": NaN,
        "Normalized Income": NaN,
        "Net Income From Continuing And Discontinued Operation": NaN,
        "Total Expenses": NaN,
        "Total Operating Income As Reported": 29557000.0,
        "Diluted Average Shares": 296739000.0,
        "Basic Average Shares": 282476000.0,
        "Diluted EPS": 0.03,
        "Basic EPS": 0.03,
        "Diluted NI Availto Com Stockholders": NaN,
        "Net Income Common Stockholders": NaN,
        "Net Income": NaN,
        "Net Income Including Noncontrolling Interests": NaN,
        "Net Income Continuous Operations": NaN,
        "Tax Provision": NaN,
        "Pretax Income": NaN,
        "Other Income Expense": NaN,
        "Other Non Operating Income Expenses": 4000.0,
        "Special Income Charges": 0.0,
        "Other Special Charges": NaN,
        "Gain On Sale Of Security": NaN,
        "Net Non Operating Interest Income Expense": NaN,
        "Interest Expense Non Operating": NaN,
        "Interest Income Non Operating": NaN,
        "Operating Income": NaN,
        "Operating Expense": NaN,
        "Other Operating Expenses": NaN,
        "Depreciation Amortization Depletion Income Statement": NaN,
        "Depreciation And Amortization In Income Statement": NaN,
        "Depreciation Income Statement": NaN,
        "Selling General And Administration": NaN,
        "General And Administrative Expense": NaN,
        "Other Gand A": NaN,
        "Salaries And Wages": NaN,
        "Gross Profit": NaN,
        "Cost Of Revenue": NaN,
        "Total Revenue": NaN,
        "Operating Revenue": NaN
    },
    "2024-06-30": {
        "Tax Effect Of Unusual Items": 312000.0,
        "Tax Rate For Calcs": 0.15,
        "Normalized EBITDA": 58163000.0,
        "Total Unusual Items": 2080000.0,
        "Total Unusual Items Excluding Goodwill": 2080000.0,
        "Net Income From Continuing Operation Net Minority Interest": 24265000.0,
        "Reconciled Depreciation": 9701000.0,
        "Reconciled Cost Of Revenue": 20622000.0,
        "EBITDA": 60243000.0,
        "EBIT": 50542000.0,
        "Net Interest Income": 3786000.0,
        "Interest Expense": 1929000.0,
        "Interest Income": 5715000.0,
        "Normalized Income": 22497000.0,
        "Net Income From Continuing And Discontinued Operation": 24265000.0,
        "Total Expenses": 41823000.0,
        "Total Operating Income As Reported": 54373000.0,
        "Diluted Average Shares": 333000000.0,
        "Basic Average Shares": 318000000.0,
        "Diluted EPS": 0.07,
        "Basic EPS": 0.08,
        "Diluted NI Availto Com Stockholders": 24265000.0,
        "Net Income Common Stockholders": 24265000.0,
        "Net Income": 24265000.0,
        "Net Income Including Noncontrolling Interests": 24265000.0,
        "Net Income Continuous Operations": 24265000.0,
        "Tax Provision": 24348000.0,
        "Pretax Income": 48613000.0,
        "Other Income Expense": 2080000.0,
        "Other Non Operating Income Expenses": NaN,
        "Special Income Charges": NaN,
        "Other Special Charges": NaN,
        "Gain On Sale Of Security": 2080000.0,
        "Net Non Operating Interest Income Expense": 3786000.0,
        "Interest Expense Non Operating": 1929000.0,
        "Interest Income Non Operating": 5715000.0,
        "Operating Income": 42747000.0,
        "Operating Expense": 11626000.0,
        "Other Operating Expenses": 6787000.0,
        "Depreciation Amortization Depletion Income Statement": 126000.0,
        "Depreciation And Amortization In Income Statement": 126000.0,
        "Depreciation Income Statement": 126000.0,
        "Selling General And Administration": 4713000.0,
        "General And Administrative Expense": 4713000.0,
        "Other Gand A": 1952000.0,
        "Salaries And Wages": 2761000.0,
        "Gross Profit": 54373000.0,
        "Cost Of Revenue": 30197000.0,
        "Total Revenue": 84570000.0,
        "Operating Revenue": 84570000.0
    },
    "2024-09-30": {
        "Tax Effect Of Unusual Items": 341400.0,
        "Tax Rate For Calcs": 0.15,
        "Normalized EBITDA": 59737000.0,
        "Total Unusual Items": 2276000.0,
        "Total Unusual Items Excluding Goodwill": 2276000.0,
        "Net Income From Continuing Operation Net Minority Interest": 21144000.0,
        "Reconciled Depreciation": 11718000.0,
        "Reconciled Cost Of Revenue": 22975000.0,
        "EBITDA": 62013000.0,
        "EBIT": 50295000.0,
        "Net Interest Income": 298000.0,
        "Interest Expense": 1618000.0,
        "Interest Income": 1916000.0,
        "Normalized Income": 19209400.0,
        "Net Income From Continuing And Discontinued Operation": 21144000.0,
        "Total Expenses": 53204000.0,
        "Total Operating Income As Reported": 64735000.0,
        "Diluted Average Shares": 334600000.0,
        "Basic Average Shares": 320300000.0,
        "Diluted EPS": 0.06,
        "Basic EPS": 0.07,
        "Diluted NI Availto Com Stockholders": 21144000.0,
        "Net Income Common Stockholders": 21144000.0,
        "Net Income": 21144000.0,
        "Net Income Including Noncontrolling Interests": 21144000.0,
        "Net Income Continuous Operations": 21144000.0,
        "Tax Provision": 27533000.0,
        "Pretax Income": 48677000.0,
        "Other Income Expense": 2276000.0,
        "Other Non Operating Income Expenses": NaN,
        "Special Income Charges": 0.0,
        "Other Special Charges": NaN,
        "Gain On Sale Of Security": 2276000.0,
        "Net Non Operating Interest Income Expense": 298000.0,
        "Interest Expense Non Operating": 1618000.0,
        "Interest Income Non Operating": 1916000.0,
        "Operating Income": 46103000.0,
        "Operating Expense": 18632000.0,
        "Other Operating Expenses": 13781000.0,
        "Depreciation Amortization Depletion Income Statement": 121000.0,
        "Depreciation And Amortization In Income Statement": 121000.0,
        "Depreciation Income Statement": 121000.0,
        "Selling General And Administration": 4730000.0,
        "General And Administrative Expense": 4730000.0,
        "Other Gand A": 2235000.0,
        "Salaries And Wages": 2495000.0,
        "Gross Profit": 64735000.0,
        "Cost Of Revenue": 34572000.0,
        "Total Revenue": 99307000.0,
        "Operating Revenue": 99307000.0
    },
    "2024-12-31": {
        "Tax Effect Of Unusual Items": 912600.0,
        "Tax Rate For Calcs": 0.15,
        "Normalized EBITDA": 55698000.0,
        "Total Unusual Items": 6084000.0,
        "Total Unusual Items Excluding Goodwill": 6084000.0,
        "Net Income From Continuing Operation Net Minority Interest": 26087000.0,
        "Reconciled Depreciation": 10745000.0,
        "Reconciled Cost Of Revenue": 22221000.0,
        "EBITDA": 61782000.0,
        "EBIT": 51037000.0,
        "Net Interest Income": 927000.0,
        "Interest Expense": 882000.0,
        "Interest Income": 1809000.0,
        "Normalized Income": 20915600.0,
        "Net Income From Continuing And Discontinued Operation": 26087000.0,
        "Total Expenses": 49619000.0,
        "Total Operating Income As Reported": 59830000.0,
        "Diluted Average Shares": NaN,
        "Basic Average Shares": NaN,
        "Diluted EPS": NaN,
        "Basic EPS": NaN,
        "Diluted NI Availto Com Stockholders": 26087000.0,
        "Net Income Common Stockholders": 26087000.0,
        "Net Income": 26087000.0,
        "Net Income Including Noncontrolling Interests": 26087000.0,
        "Net Income Continuous Operations": 26087000.0,
        "Tax Provision": 24068000.0,
        "Pretax Income": 50155000.0,
        "Other Income Expense": 6084000.0,
        "Other Non Operating Income Expenses": NaN,
        "Special Income Charges": -5000.0,
        "Other Special Charges": NaN,
        "Gain On Sale Of Security": 6089000.0,
        "Net Non Operating Interest Income Expense": 927000.0,
        "Interest Expense Non Operating": 882000.0,
        "Interest Income Non Operating": 1809000.0,
        "Operating Income": 43144000.0,
        "Operating Expense": 16686000.0,
        "Other Operating Expenses": 9670000.0,
        "Depreciation Amortization Depletion Income Statement": 33000.0,
        "Depreciation And Amortization In Income Statement": 33000.0,
        "Depreciation Income Statement": 33000.0,
        "Selling General And Administration": 6983000.0,
        "General And Administrative Expense": 6983000.0,
        "Other Gand A": 2856000.0,
        "Salaries And Wages": 4127000.0,
        "Gross Profit": 59830000.0,
        "Cost Of Revenue": 32933000.0,
        "Total Revenue": 92763000.0,
        "Operating Revenue": 92763000.0
    },
    "2025-03-31": {
        "Tax Effect Of Unusual Items": -12472800.0,
        "Tax Rate For Calcs": 0.15,
        "Normalized EBITDA": 58957000.0,
        "Total Unusual Items": -83152000.0,
        "Total Unusual Items Excluding Goodwill": -83152000.0,
        "Net Income From Continuing Operation Net Minority Interest": -69832000.0,
        "Reconciled Depreciation": 16919000.0,
        "Reconciled Cost Of Revenue": 51617000.0,
        "EBITDA": -24195000.0,
        "EBIT": -41114000.0,
        "Net Interest Income": -1068000.0,
        "Interest Expense": 2893000.0,
        "Interest Income": 1825000.0,
        "Normalized Income": 847200.0,
        "Net Income From Continuing And Discontinued Operation": -69832000.0,
        "Total Expenses": 100441000.0,
        "Total Operating Income As Reported": 72254000.0,
        "Diluted Average Shares": 322400000.0,
        "Basic Average Shares": 322400000.0,
        "Diluted EPS": -0.22,
        "Basic EPS": -0.22,
        "Diluted NI Availto Com Stockholders": -69832000.0,
        "Net Income Common Stockholders": -69832000.0,
        "Net Income": -69832000.0,
        "Net Income Including Noncontrolling Interests": -69832000.0,
        "Net Income Continuous Operations": -69832000.0,
        "Tax Provision": 25825000.0,
        "Pretax Income": -44007000.0,
        "Other Income Expense": -83168000.0,
        "Other Non Operating Income Expenses": -16000.0,
        "Special Income Charges": NaN,
        "Other Special Charges": NaN,
        "Gain On Sale Of Security": -83152000.0,
        "Net Non Operating Interest Income Expense": -1068000.0,
        "Interest Expense Non Operating": 2893000.0,
        "Interest Income Non Operating": 1825000.0,
        "Operating Income": 40229000.0,
        "Operating Expense": 32025000.0,
        "Other Operating Expenses": 12785000.0,
        "Depreciation Amortization Depletion Income Statement": 120000.0,
        "Depreciation And Amortization In Income Statement": 120000.0,
        "Depreciation Income Statement": 120000.0,
        "Selling General And Administration": 19120000.0,
        "General And Administrative Expense": 19120000.0,
        "Other Gand A": 13061000.0,
        "Salaries And Wages": 6059000.0,
        "Gross Profit": 72254000.0,
        "Cost Of Revenue": 68416000.0,
        "Total Revenue": 140670000.0,
        "Operating Revenue": 140670000.0
    },
    "2024-03-31": {
        "Tax Effect Of Unusual Items": NaN,
        "Tax Rate For Calcs": NaN,
        "Normalized EBITDA": NaN,
        "Total Unusual Items": NaN,
        "Total Unusual Items Excluding Goodwill": NaN,
        "Net Income From Continuing Operation Net Minority Interest": NaN,
        "Reconciled Depreciation": NaN,
        "Reconciled Cost Of Revenue": NaN,
        "EBITDA": NaN,
        "EBIT": NaN,
        "Net Interest Income": NaN,
        "Interest Expense": NaN,
        "Interest Income": NaN,
        "Normalized Income": NaN,
        "Net Income From Continuing And Discontinued Operation": NaN,
        "Total Expenses": NaN,
        "Total Operating Income As Reported": NaN,
        "Diluted Average Shares": 327700000.0,
        "Basic Average Shares": 315100000.0,
        "Diluted EPS": 0.05,
        "Basic EPS": 0.06,
        "Diluted NI Availto Com Stockholders": NaN,
        "Net Income Common Stockholders": NaN,
        "Net Income": NaN,
        "Net Income Including Noncontrolling Interests": NaN,
        "Net Income Continuous Operations": NaN,
        "Tax Provision": NaN,
        "Pretax Income": NaN,
        "Other Income Expense": NaN,
        "Other Non Operating Income Expenses": NaN,
        "Special Income Charges": NaN,
        "Other Special Charges": NaN,
        "Gain On Sale Of Security": NaN,
        "Net Non Operating Interest Income Expense": NaN,
        "Interest Expense Non Operating": NaN,
        "Interest Income Non Operating": NaN,
        "Operating Income": NaN,
        "Operating Expense": NaN,
        "Other Operating Expenses": NaN,
        "Depreciation Amortization Depletion Income Statement": NaN,
        "Depreciation And Amortization In Income Statement": NaN,
        "Depreciation Income Statement": NaN,
        "Selling General And Administration": NaN,
        "General And Administrative Expense": NaN,
        "Other Gand A": NaN,
        "Salaries And Wages": NaN,
        "Gross Profit": NaN,
        "Cost Of Revenue": NaN,
        "Total Revenue": NaN,
        "Operating Revenue": NaN
    },
    "2025-06-30": {
        "Tax Effect Of Unusual Items": -1090200.0,
        "Tax Rate For Calcs": 0.15,
        "Normalized EBITDA": 153794000.0,
        "Total Unusual Items": -7268000.0,
        "Total Unusual Items Excluding Goodwill": -7268000.0,
        "Net Income From Continuing Operation Net Minority Interest": 48212000.0,
        "Reconciled Depreciation": 40869000.0,
        "Reconciled Cost Of Revenue": 91979000.0,
        "EBITDA": 146526000.0,
        "EBIT": 105657000.0,
        "Net Interest Income": -14221000.0,
        "Interest Expense": 16102000.0,
        "Interest Income": 1881000.0,
        "Normalized Income": 54389800.0,
        "Net Income From Continuing And Discontinued Operation": 48212000.0,
        "Total Expenses": 152690000.0,
        "Total Operating Income As Reported": 131009000.0,
        "Diluted Average Shares": 387600000.0,
        "Basic Average Shares": 324900000.0,
        "Diluted EPS": 0.13,
        "Basic EPS": 0.15,
        "Diluted NI Availto Com Stockholders": 48212000.0,
        "Net Income Common Stockholders": 48212000.0,
        "Net Income": 48212000.0,
        "Net Income Including Noncontrolling Interests": 48212000.0,
        "Net Income Continuous Operations": 48212000.0,
        "Tax Provision": 41343000.0,
        "Pretax Income": 89555000.0,
        "Other Income Expense": -7281000.0,
        "Other Non Operating Income Expenses": -13000.0,
        "Special Income Charges": NaN,
        "Other Special Charges": NaN,
        "Gain On Sale Of Security": -7268000.0,
        "Net Non Operating Interest Income Expense": -14221000.0,
        "Interest Expense Non Operating": 16102000.0,
        "Interest Income Non Operating": 1881000.0,
        "Operating Income": 111057000.0,
        "Operating Expense": 19952000.0,
        "Other Operating Expenses": 10360000.0,
        "Depreciation Amortization Depletion Income Statement": 110000.0,
        "Depreciation And Amortization In Income Statement": 110000.0,
        "Depreciation Income Statement": 110000.0,
        "Selling General And Administration": 9482000.0,
        "General And Administrative Expense": 9482000.0,
        "Other Gand A": 5164000.0,
        "Salaries And Wages": 4318000.0,
        "Gross Profit": 131009000.0,
        "Cost Of Revenue": 132738000.0,
        "Total Revenue": 263747000.0,
        "Operating Revenue": 263747000.0
    }
}