{
    "2023-03-31": {
        "Tax Effect Of Unusual Items": NaN,
        "Tax Rate For Calcs": NaN,
        "Normalized EBITDA": NaN,
        "Net Income From Continuing Operation Net Minority Interest": NaN,
        "Reconciled Depreciation": NaN,
        "EBITDA": NaN,
        "EBIT": NaN,
        "Net Interest Income": NaN,
        "Interest Expense": NaN,
        "Interest Income": NaN,
        "Normalized Income": NaN,
        "Net Income From Continuing And Discontinued Operation": NaN,
        "Total Expenses": NaN,
        "Total Operating Income As Reported": NaN,
        "Diluted Average Shares": 40041258.0,
        "Basic Average Shares": 40041258.0,
        "Diluted EPS": -0.08,
        "Basic EPS": -0.08,
        "Diluted NI Availto Com Stockholders": NaN,
        "Net Income Common Stockholders": NaN,
        "Net Income": NaN,
        "Minority Interests": NaN,
        "Net Income Including Noncontrolling Interests": NaN,
        "Net Income Continuous Operations": NaN,
        "Tax Provision": NaN,
        "Pretax Income": NaN,
        "Net Non Operating Interest Income Expense": NaN,
        "Interest Expense Non Operating": NaN,
        "Interest Income Non Operating": NaN,
        "Operating Income": NaN,
        "Operating Expense": NaN,
        "Research And Development": NaN,
        "Selling General And Administration": NaN,
        "Selling And Marketing Expense": NaN,
        "General And Administrative Expense": NaN,
        "Other Gand A": NaN,
        "Total Revenue": NaN,
        "Operating Revenue": NaN
    },
    "2022-12-31": {
        "Tax Effect Of Unusual Items": NaN,
        "Tax Rate For Calcs": NaN,
        "Normalized EBITDA": NaN,
        "Net Income From Continuing Operation Net Minority Interest": NaN,
        "Reconciled Depreciation": NaN,
        "EBITDA": NaN,
        "EBIT": NaN,
        "Net Interest Income": NaN,
        "Interest Expense": NaN,
        "Interest Income": NaN,
        "Normalized Income": NaN,
        "Net Income From Continuing And Discontinued Operation": NaN,
        "Total Expenses": NaN,
        "Total Operating Income As Reported": NaN,
        "Diluted Average Shares": NaN,
        "Basic Average Shares": NaN,
        "Diluted EPS": NaN,
        "Basic EPS": NaN,
        "Diluted NI Availto Com Stockholders": NaN,
        "Net Income Common Stockholders": NaN,
        "Net Income": NaN,
        "Minority Interests": NaN,
        "Net Income Including Noncontrolling Interests": NaN,
        "Net Income Continuous Operations": NaN,
        "Tax Provision": 0.0,
        "Pretax Income": NaN,
        "Net Non Operating Interest Income Expense": NaN,
        "Total Other Finance Cost": 1939000.0,
        "Interest Expense Non Operating": NaN,
        "Interest Income Non Operating": NaN,
        "Operating Income": NaN,
        "Operating Expense": NaN,
        "Research And Development": NaN,
        "Selling General And Administration": NaN,
        "Selling And Marketing Expense": NaN,
        "General And Administrative Expense": NaN,
        "Other Gand A": NaN,
        "Total Revenue": NaN,
        "Operating Revenue": NaN
    },
    "2022-09-30": {
        "Tax Effect Of Unusual Items": NaN,
        "Tax Rate For Calcs": NaN,
        "Normalized EBITDA": NaN,
        "Net Income From Continuing Operation Net Minority Interest": NaN,
        "Reconciled Depreciation": NaN,
        "EBITDA": NaN,
        "EBIT": NaN,
        "Net Interest Income": NaN,
        "Interest Expense": 0.0,
        "Interest Income": NaN,
        "Normalized Income": NaN,
        "Net Income From Continuing And Discontinued Operation": NaN,
        "Total Expenses": NaN,
        "Total Operating Income As Reported": NaN,
        "Diluted Average Shares": 39100231.0,
        "Basic Average Shares": 39100231.0,
        "Diluted EPS": -0.18,
        "Basic EPS": -0.18,
        "Diluted NI Availto Com Stockholders": NaN,
        "Net Income Common Stockholders": NaN,
        "Net Income": NaN,
        "Minority Interests": NaN,
        "Net Income Including Noncontrolling Interests": NaN,
        "Net Income Continuous Operations": NaN,
        "Tax Provision": 100000.0,
        "Pretax Income": NaN,
        "Net Non Operating Interest Income Expense": NaN,
        "Total Other Finance Cost": -1036000.0,
        "Interest Expense Non Operating": 0.0,
        "Interest Income Non Operating": NaN,
        "Operating Income": NaN,
        "Operating Expense": NaN,
        "Research And Development": NaN,
        "Selling General And Administration": NaN,
        "Selling And Marketing Expense": NaN,
        "General And Administrative Expense": NaN,
        "Other Gand A": NaN,
        "Total Revenue": NaN,
        "Operating Revenue": NaN
    },
    "2022-06-30": {
        "Tax Effect Of Unusual Items": 0.0,
        "Tax Rate For Calcs": 0.0,
        "Normalized EBITDA": -11402000.0,
        "Net Income From Continuing Operation Net Minority Interest": -10533000.0,
        "Reconciled Depreciation": 15000.0,
        "EBITDA": -11402000.0,
        "EBIT": -11417000.0,
        "Net Interest Income": 350000.0,
        "Interest Income": 350000.0,
        "Normalized Income": -10533000.0,
        "Net Income From Continuing And Discontinued Operation": -10533000.0,
        "Total Expenses": 12091000.0,
        "Total Operating Income As Reported": -11417000.0,
        "Diluted Average Shares": 38795318.0,
        "Basic Average Shares": 38795318.0,
        "Diluted EPS": -0.27,
        "Basic EPS": -0.27,
        "Diluted NI Availto Com Stockholders": -10533000.0,
        "Net Income Common Stockholders": -10533000.0,
        "Net Income": -10533000.0,
        "Minority Interests": 534000.0,
        "Net Income Including Noncontrolling Interests": -11067000.0,
        "Net Income Continuous Operations": -11067000.0,
        "Tax Provision": NaN,
        "Pretax Income": -11067000.0,
        "Net Non Operating Interest Income Expense": 350000.0,
        "Total Other Finance Cost": NaN,
        "Interest Income Non Operating": 350000.0,
        "Operating Income": -11417000.0,
        "Operating Expense": 12091000.0,
        "Research And Development": 9179000.0,
        "Selling General And Administration": 2912000.0,
        "Selling And Marketing Expense": 380000.0,
        "General And Administrative Expense": 2532000.0,
        "Other Gand A": 2532000.0,
        "Total Revenue": 674000.0,
        "Operating Revenue": 674000.0
    },
    "2022-03-31": {
        "Diluted EPS": -0.27,
        "Total Revenue": 1,
        "Gross Profit": 1,
        "Operating Income": -11,
        "EBIT": -11,
        "Net Income": -11
    },
    "2021-12-31": {
        "Diluted EPS": 0.24,
        "Total Revenue": -1,
        "Gross Profit": -1,
        "Operating Income": 6,
        "EBIT": 6,
        "Net Income": 5
    },
    "2021-11-30": {
        "Diluted EPS": -0.22,
        "Total Revenue": 1,
        "Gross Profit": 1,
        "Operating Income": -8,
        "EBIT": -8,
        "Net Income": -8
    },
    "2021-09-30": {
        "Diluted EPS": -0.21,
        "Total Revenue": 1,
        "Gross Profit": 1,
        "Operating Income": -7,
        "EBIT": -7,
        "Net Income": -7
    },
    "2021-08-31": {
        "Diluted EPS": 0.0,
        "Total Revenue": NaN,
        "Gross Profit": NaN,
        "Operating Income": NaN,
        "EBIT": NaN,
        "Net Income": NaN
    },
    "2021-06-30": {
        "Diluted EPS": -0.12,
        "Total Revenue": 1,
        "Gross Profit": 1,
        "Operating Income": -4,
        "EBIT": -4,
        "Net Income": -4
    },
    "2021-05-31": {
        "Diluted EPS": -0.17,
        "Total Revenue": 1,
        "Gross Profit": 1,
        "Operating Income": -6,
        "EBIT": -6,
        "Net Income": -5
    },
    "2021-03-31": {
        "Diluted EPS": -0.2,
        "Total Revenue": 1,
        "Gross Profit": 1,
        "Operating Income": -7,
        "EBIT": -7,
        "Net Income": -6
    },
    "2021-02-28": {
        "Diluted EPS": -0.17,
        "Total Revenue": 1,
        "Gross Profit": 1,
        "Operating Income": -5,
        "EBIT": -5,
        "Net Income": -5
    },
    "2020-11-30": {
        "Diluted EPS": -0.23,
        "Total Revenue": 1,
        "Gross Profit": 1,
        "Operating Income": -6,
        "EBIT": -6,
        "Net Income": -6
    },
    "2020-08-31": {
        "Diluted EPS": 0.0,
        "Total Revenue": NaN,
        "Gross Profit": NaN,
        "Operating Income": NaN,
        "EBIT": NaN,
        "Net Income": NaN
    },
    "2020-05-31": {
        "Diluted EPS": -0.1,
        "Total Revenue": 1,
        "Gross Profit": 1,
        "Operating Income": -2,
        "EBIT": -2,
        "Net Income": -2
    },
    "2020-02-29": {
        "Diluted EPS": -0.21,
        "Total Revenue": 1,
        "Gross Profit": 1,
        "Operating Income": -4,
        "EBIT": -4,
        "Net Income": -4
    },
    "2019-11-30": {
        "Diluted EPS": -0.15,
        "Total Revenue": 1,
        "Gross Profit": 1,
        "Operating Income": -2,
        "EBIT": -2,
        "Net Income": -3
    },
    "2019-08-31": {
        "Diluted EPS": 0.0,
        "Total Revenue": NaN,
        "Gross Profit": NaN,
        "Operating Income": NaN,
        "EBIT": NaN,
        "Net Income": NaN
    },
    "2019-05-31": {
        "Diluted EPS": -0.23,
        "Total Revenue": 1,
        "Gross Profit": 1,
        "Operating Income": -4,
        "EBIT": -4,
        "Net Income": -4
    },
    "2019-02-28": {
        "Diluted EPS": -0.21,
        "Total Revenue": 1,
        "Gross Profit": 1,
        "Operating Income": -4,
        "EBIT": -4,
        "Net Income": -4
    },
    "2018-11-30": {
        "Diluted EPS": -0.25,
        "Total Revenue": 1,
        "Gross Profit": 1,
        "Operating Income": -5,
        "EBIT": -5,
        "Net Income": -4
    },
    "2018-08-31": {
        "Diluted EPS": 0.0,
        "Total Revenue": NaN,
        "Gross Profit": NaN,
        "Operating Income": NaN,
        "EBIT": NaN,
        "Net Income": NaN
    },
    "2018-05-31": {
        "Diluted EPS": -0.3,
        "Total Revenue": 1,
        "Gross Profit": 1,
        "Operating Income": -5,
        "EBIT": -5,
        "Net Income": -4
    },
    "2018-02-28": {
        "Diluted EPS": -0.2,
        "Total Revenue": 1,
        "Gross Profit": 1,
        "Operating Income": -3,
        "EBIT": -3,
        "Net Income": -3
    },
    "2017-11-30": {
        "Diluted EPS": -0.18,
        "Total Revenue": 1,
        "Gross Profit": 1,
        "Operating Income": -3,
        "EBIT": -3,
        "Net Income": -3
    },
    "2017-08-31": {
        "Diluted EPS": 0.0,
        "Total Revenue": NaN,
        "Gross Profit": NaN,
        "Operating Income": NaN,
        "EBIT": NaN,
        "Net Income": NaN
    },
    "2017-05-31": {
        "Diluted EPS": -0.15,
        "Total Revenue": 1,
        "Gross Profit": 1,
        "Operating Income": -2,
        "EBIT": -2,
        "Net Income": -2
    },
    "2017-02-28": {
        "Diluted EPS": -0.24,
        "Total Revenue": 1,
        "Gross Profit": 1,
        "Operating Income": -3,
        "EBIT": -3,
        "Net Income": -3
    },
    "2016-11-30": {
        "Diluted EPS": -0.2,
        "Total Revenue": 1,
        "Gross Profit": 0,
        "Operating Income": -2,
        "EBIT": -2,
        "Net Income": -3
    },
    "2016-08-31": {
        "Diluted EPS": 0.0,
        "Total Revenue": NaN,
        "Gross Profit": NaN,
        "Operating Income": NaN,
        "EBIT": NaN,
        "Net Income": NaN
    },
    "2016-05-31": {
        "Diluted EPS": -0.15,
        "Total Revenue": 0,
        "Gross Profit": 0,
        "Operating Income": -2,
        "EBIT": -2,
        "Net Income": -2
    },
    "2016-02-29": {
        "Diluted EPS": -0.14,
        "Total Revenue": 0,
        "Gross Profit": 0,
        "Operating Income": -2,
        "EBIT": -2,
        "Net Income": -2
    },
    "2015-11-30": {
        "Diluted EPS": -0.21,
        "Total Revenue": NaN,
        "Gross Profit": NaN,
        "Operating Income": -2,
        "EBIT": -2,
        "Net Income": -2
    },
    "2015-08-31": {
        "Diluted EPS": 0.0,
        "Total Revenue": NaN,
        "Gross Profit": NaN,
        "Operating Income": NaN,
        "EBIT": NaN,
        "Net Income": NaN
    },
    "2015-05-31": {
        "Diluted EPS": -0.15,
        "Total Revenue": NaN,
        "Gross Profit": NaN,
        "Operating Income": -2,
        "EBIT": -2,
        "Net Income": -2
    },
    "2015-02-28": {
        "Diluted EPS": -0.15,
        "Total Revenue": NaN,
        "Gross Profit": NaN,
        "Operating Income": -2,
        "EBIT": -2,
        "Net Income": -2
    },
    "2014-11-30": {
        "Diluted EPS": -0.19,
        "Total Revenue": NaN,
        "Gross Profit": NaN,
        "Operating Income": -2,
        "EBIT": -2,
        "Net Income": -2
    },
    "2014-08-31": {
        "Diluted EPS": 0.0,
        "Total Revenue": NaN,
        "Gross Profit": NaN,
        "Operating Income": NaN,
        "EBIT": NaN,
        "Net Income": NaN
    },
    "2014-05-31": {
        "Diluted EPS": -0.18,
        "Total Revenue": NaN,
        "Gross Profit": NaN,
        "Operating Income": -2,
        "EBIT": -2,
        "Net Income": -2
    },
    "2014-02-28": {
        "Diluted EPS": -0.12,
        "Total Revenue": NaN,
        "Gross Profit": NaN,
        "Operating Income": -1,
        "EBIT": -1,
        "Net Income": -1
    },
    "2013-11-30": {
        "Diluted EPS": -0.14,
        "Total Revenue": NaN,
        "Gross Profit": NaN,
        "Operating Income": -1,
        "EBIT": -1,
        "Net Income": -1
    },
    "2013-08-31": {
        "Diluted EPS": 0.0,
        "Total Revenue": NaN,
        "Gross Profit": NaN,
        "Operating Income": NaN,
        "EBIT": NaN,
        "Net Income": NaN
    },
    "2013-05-31": {
        "Diluted EPS": -0.17,
        "Total Revenue": NaN,
        "Gross Profit": NaN,
        "Operating Income": -1,
        "EBIT": -1,
        "Net Income": -1
    },
    "2013-02-28": {
        "Diluted EPS": -0.17,
        "Total Revenue": NaN,
        "Gross Profit": NaN,
        "Operating Income": -1,
        "EBIT": -1,
        "Net Income": -1
    },
    "2012-12-31": {
        "Diluted EPS": 0.0,
        "Total Revenue": NaN,
        "Gross Profit": NaN,
        "Operating Income": NaN,
        "EBIT": NaN,
        "Net Income": NaN
    },
    "2012-11-30": {
        "Diluted EPS": -0.14,
        "Total Revenue": NaN,
        "Gross Profit": NaN,
        "Operating Income": -1,
        "EBIT": -1,
        "Net Income": -1
    },
    "2012-08-31": {
        "Diluted EPS": 0.0,
        "Total Revenue": NaN,
        "Gross Profit": NaN,
        "Operating Income": NaN,
        "EBIT": NaN,
        "Net Income": NaN
    },
    "2012-05-31": {
        "Diluted EPS": -0.09,
        "Total Revenue": NaN,
        "Gross Profit": NaN,
        "Operating Income": -1,
        "EBIT": -1,
        "Net Income": -1
    },
    "2012-02-29": {
        "Diluted EPS": -0.17,
        "Total Revenue": NaN,
        "Gross Profit": NaN,
        "Operating Income": -1,
        "EBIT": -1,
        "Net Income": -1
    },
    "2011-12-31": {
        "Diluted EPS": 0.0,
        "Total Revenue": NaN,
        "Gross Profit": NaN,
        "Operating Income": NaN,
        "EBIT": NaN,
        "Net Income": NaN
    },
    "2011-11-30": {
        "Diluted EPS": -0.01,
        "Total Revenue": NaN,
        "Gross Profit": NaN,
        "Operating Income": 0,
        "EBIT": 0,
        "Net Income": 0
    },
    "2011-09-30": {
        "Diluted EPS": 0.0,
        "Total Revenue": NaN,
        "Gross Profit": NaN,
        "Operating Income": 0,
        "EBIT": 0,
        "Net Income": 0
    },
    "2011-08-31": {
        "Diluted EPS": 0.0,
        "Total Revenue": NaN,
        "Gross Profit": NaN,
        "Operating Income": NaN,
        "EBIT": NaN,
        "Net Income": NaN
    },
    "2011-06-30": {
        "Diluted EPS": 0.0,
        "Total Revenue": NaN,
        "Gross Profit": NaN,
        "Operating Income": 0,
        "EBIT": 0,
        "Net Income": -1
    },
    "2011-05-31": {
        "Diluted EPS": 0.01,
        "Total Revenue": NaN,
        "Gross Profit": NaN,
        "Operating Income": -1,
        "EBIT": -1,
        "Net Income": 0
    },
    "2011-03-31": {
        "Diluted EPS": 0.0,
        "Total Revenue": NaN,
        "Gross Profit": NaN,
        "Operating Income": 0,
        "EBIT": 0,
        "Net Income": -1
    },
    "2011-02-28": {
        "Diluted EPS": -0.01,
        "Total Revenue": NaN,
        "Gross Profit": NaN,
        "Operating Income": -1,
        "EBIT": -1,
        "Net Income": -1
    },
    "2010-12-31": {
        "Diluted EPS": 0.0,
        "Total Revenue": NaN,
        "Gross Profit": NaN,
        "Operating Income": -1,
        "EBIT": -1,
        "Net Income": -1
    },
    "2010-11-30": {
        "Diluted EPS": -0.01,
        "Total Revenue": NaN,
        "Gross Profit": NaN,
        "Operating Income": -1,
        "EBIT": -1,
        "Net Income": -1
    },
    "2023-06-30": {
        "Tax Effect Of Unusual Items": NaN,
        "Tax Rate For Calcs": NaN,
        "Normalized EBITDA": NaN,
        "Net Income From Continuing Operation Net Minority Interest": NaN,
        "Reconciled Depreciation": NaN,
        "EBITDA": NaN,
        "EBIT": NaN,
        "Net Interest Income": NaN,
        "Interest Expense": NaN,
        "Interest Income": 2478000.0,
        "Normalized Income": NaN,
        "Net Income From Continuing And Discontinued Operation": NaN,
        "Total Expenses": NaN,
        "Total Operating Income As Reported": NaN,
        "Diluted Average Shares": 40225594.0,
        "Basic Average Shares": 40225594.0,
        "Diluted EPS": -0.03,
        "Basic EPS": -0.03,
        "Diluted NI Availto Com Stockholders": NaN,
        "Net Income Common Stockholders": NaN,
        "Net Income": NaN,
        "Minority Interests": NaN,
        "Net Income Including Noncontrolling Interests": NaN,
        "Net Income Continuous Operations": NaN,
        "Tax Provision": 0.0,
        "Pretax Income": NaN,
        "Net Non Operating Interest Income Expense": NaN,
        "Interest Expense Non Operating": NaN,
        "Interest Income Non Operating": 2478000.0,
        "Operating Income": NaN,
        "Operating Expense": NaN,
        "Research And Development": NaN,
        "Selling General And Administration": NaN,
        "Selling And Marketing Expense": NaN,
        "General And Administrative Expense": NaN,
        "Other Gand A": NaN,
        "Total Revenue": NaN,
        "Operating Revenue": NaN
    },
    "2023-09-30": {
        "Tax Effect Of Unusual Items": NaN,
        "Tax Rate For Calcs": NaN,
        "Normalized EBITDA": NaN,
        "Net Income From Continuing Operation Net Minority Interest": NaN,
        "Reconciled Depreciation": NaN,
        "EBITDA": NaN,
        "EBIT": NaN,
        "Net Interest Income": NaN,
        "Interest Expense": NaN,
        "Interest Income": 435000.0,
        "Normalized Income": NaN,
        "Net Income From Continuing And Discontinued Operation": NaN,
        "Total Expenses": NaN,
        "Total Operating Income As Reported": NaN,
        "Diluted Average Shares": 40445896.0,
        "Basic Average Shares": 40445896.0,
        "Diluted EPS": -0.08,
        "Basic EPS": -0.08,
        "Diluted NI Availto Com Stockholders": NaN,
        "Net Income Common Stockholders": NaN,
        "Net Income": NaN,
        "Minority Interests": NaN,
        "Net Income Including Noncontrolling Interests": NaN,
        "Net Income Continuous Operations": NaN,
        "Tax Provision": 0.0,
        "Pretax Income": NaN,
        "Net Non Operating Interest Income Expense": NaN,
        "Interest Expense Non Operating": NaN,
        "Interest Income Non Operating": 435000.0,
        "Operating Income": NaN,
        "Operating Expense": NaN,
        "Research And Development": NaN,
        "Selling General And Administration": NaN,
        "Selling And Marketing Expense": NaN,
        "General And Administrative Expense": NaN,
        "Other Gand A": NaN,
        "Total Revenue": NaN,
        "Operating Revenue": NaN
    },
    "2023-12-31": {
        "Tax Effect Of Unusual Items": 0.0,
        "Tax Rate For Calcs": 0.0,
        "Normalized EBITDA": 14560000.0,
        "Net Income From Continuing Operation Net Minority Interest": 13336000.0,
        "Reconciled Depreciation": 53000.0,
        "EBITDA": 14560000.0,
        "EBIT": 14507000.0,
        "Net Interest Income": 905000.0,
        "Interest Expense": 1211000.0,
        "Interest Income": 3516000.0,
        "Normalized Income": 13336000.0,
        "Net Income From Continuing And Discontinued Operation": 13336000.0,
        "Total Expenses": 3877000.0,
        "Total Operating Income As Reported": -3877000.0,
        "Diluted Average Shares": NaN,
        "Basic Average Shares": NaN,
        "Diluted EPS": NaN,
        "Basic EPS": NaN,
        "Diluted NI Availto Com Stockholders": 13336000.0,
        "Net Income Common Stockholders": 13336000.0,
        "Net Income": 13336000.0,
        "Minority Interests": 40000.0,
        "Net Income Including Noncontrolling Interests": 13296000.0,
        "Net Income Continuous Operations": 13296000.0,
        "Tax Provision": 0.0,
        "Pretax Income": 13296000.0,
        "Net Non Operating Interest Income Expense": 905000.0,
        "Interest Expense Non Operating": 1211000.0,
        "Interest Income Non Operating": 3516000.0,
        "Operating Income": -3877000.0,
        "Operating Expense": 3877000.0,
        "Research And Development": 1766000.0,
        "Selling General And Administration": 2111000.0,
        "Selling And Marketing Expense": 0.0,
        "General And Administrative Expense": 2111000.0,
        "Other Gand A": 2111000.0,
        "Total Revenue": 0.0,
        "Operating Revenue": 0.0
    },
    "2024-03-31": {
        "Tax Effect Of Unusual Items": 0.0,
        "Tax Rate For Calcs": 0.21,
        "Normalized EBITDA": 2182000.0,
        "Net Income From Continuing Operation Net Minority Interest": 1536000.0,
        "Reconciled Depreciation": 56000.0,
        "EBITDA": 2182000.0,
        "EBIT": 2126000.0,
        "Net Interest Income": 4496000.0,
        "Interest Expense": 592000.0,
        "Interest Income": 5088000.0,
        "Normalized Income": 1536000.0,
        "Net Income From Continuing And Discontinued Operation": 1536000.0,
        "Total Expenses": 2962000.0,
        "Total Operating Income As Reported": -2962000.0,
        "Diluted Average Shares": 41564007.0,
        "Basic Average Shares": 40835953.0,
        "Diluted EPS": 0.04,
        "Basic EPS": 0.04,
        "Diluted NI Availto Com Stockholders": 1536000.0,
        "Net Income Common Stockholders": 1536000.0,
        "Net Income": 1536000.0,
        "Minority Interests": 2000.0,
        "Net Income Including Noncontrolling Interests": 1534000.0,
        "Net Income Continuous Operations": 1534000.0,
        "Tax Provision": NaN,
        "Pretax Income": 1534000.0,
        "Net Non Operating Interest Income Expense": 4496000.0,
        "Interest Expense Non Operating": 592000.0,
        "Interest Income Non Operating": 5088000.0,
        "Operating Income": -2962000.0,
        "Operating Expense": 2962000.0,
        "Research And Development": 1179000.0,
        "Selling General And Administration": 1783000.0,
        "Selling And Marketing Expense": 0.0,
        "General And Administrative Expense": 1783000.0,
        "Other Gand A": 1783000.0,
        "Total Revenue": 0.0,
        "Operating Revenue": 0.0
    },
    "2024-06-30": {
        "Tax Effect Of Unusual Items": 0.0,
        "Tax Rate For Calcs": 0.150766,
        "Normalized EBITDA": 11153000.0,
        "Net Income From Continuing Operation Net Minority Interest": 9212000.0,
        "Reconciled Depreciation": 54000.0,
        "EBITDA": 11153000.0,
        "EBIT": 11099000.0,
        "Net Interest Income": 13973000.0,
        "Interest Expense": 261000.0,
        "Interest Income": 14234000.0,
        "Normalized Income": 9212000.0,
        "Net Income From Continuing And Discontinued Operation": 9212000.0,
        "Total Expenses": 3135000.0,
        "Total Operating Income As Reported": -3135000.0,
        "Diluted Average Shares": 41591007.0,
        "Basic Average Shares": 40959759.0,
        "Diluted EPS": 0.22,
        "Basic EPS": 0.22,
        "Diluted NI Availto Com Stockholders": 9212000.0,
        "Net Income Common Stockholders": 9212000.0,
        "Net Income": 9212000.0,
        "Minority Interests": 8000.0,
        "Net Income Including Noncontrolling Interests": 9204000.0,
        "Net Income Continuous Operations": 9204000.0,
        "Tax Provision": 1634000.0,
        "Pretax Income": 10838000.0,
        "Net Non Operating Interest Income Expense": 13973000.0,
        "Interest Expense Non Operating": 261000.0,
        "Interest Income Non Operating": 14234000.0,
        "Operating Income": -3135000.0,
        "Operating Expense": 3135000.0,
        "Research And Development": 1442000.0,
        "Selling General And Administration": 1693000.0,
        "Selling And Marketing Expense": 0.0,
        "General And Administrative Expense": 1693000.0,
        "Other Gand A": 1693000.0,
        "Total Revenue": 0.0,
        "Operating Revenue": 0.0
    },
    "2024-09-30": {
        "Tax Effect Of Unusual Items": 0.0,
        "Tax Rate For Calcs": 0.21,
        "Normalized EBITDA": -3037000.0,
        "Net Income From Continuing Operation Net Minority Interest": -19619000.0,
        "Reconciled Depreciation": 52000.0,
        "EBITDA": -3037000.0,
        "EBIT": -3089000.0,
        "Net Interest Income": -15420000.0,
        "Interest Expense": 15420000.0,
        "Interest Income": NaN,
        "Normalized Income": -19619000.0,
        "Net Income From Continuing And Discontinued Operation": -19619000.0,
        "Total Expenses": 3089000.0,
        "Total Operating Income As Reported": -3089000.0,
        "Diluted Average Shares": 40896845.0,
        "Basic Average Shares": 40896845.0,
        "Diluted EPS": -0.48,
        "Basic EPS": -0.48,
        "Diluted NI Availto Com Stockholders": -19619000.0,
        "Net Income Common Stockholders": -19619000.0,
        "Net Income": -19619000.0,
        "Minority Interests": 23000.0,
        "Net Income Including Noncontrolling Interests": -19642000.0,
        "Net Income Continuous Operations": -19642000.0,
        "Tax Provision": 1133000.0,
        "Pretax Income": -18509000.0,
        "Net Non Operating Interest Income Expense": -15420000.0,
        "Interest Expense Non Operating": 15420000.0,
        "Interest Income Non Operating": NaN,
        "Operating Income": -3089000.0,
        "Operating Expense": 3089000.0,
        "Research And Development": 2242000.0,
        "Selling General And Administration": 847000.0,
        "Selling And Marketing Expense": 0.0,
        "General And Administrative Expense": 847000.0,
        "Other Gand A": 847000.0,
        "Total Revenue": 0.0,
        "Operating Revenue": 0.0
    },
    "2024-12-31": {
        "Tax Effect Of Unusual Items": 0.0,
        "Tax Rate For Calcs": 0.21,
        "Normalized EBITDA": -9752000.0,
        "Net Income From Continuing Operation Net Minority Interest": -10189000.0,
        "Reconciled Depreciation": 31000.0,
        "EBITDA": -9752000.0,
        "EBIT": -9783000.0,
        "Net Interest Income": 1054000.0,
        "Interest Expense": 0.0,
        "Interest Income": 1096000.0,
        "Normalized Income": -10189000.0,
        "Net Income From Continuing And Discontinued Operation": -10189000.0,
        "Total Expenses": 3595000.0,
        "Total Operating Income As Reported": -3595000.0,
        "Diluted Average Shares": NaN,
        "Basic Average Shares": NaN,
        "Diluted EPS": NaN,
        "Basic EPS": NaN,
        "Diluted NI Availto Com Stockholders": -10189000.0,
        "Net Income Common Stockholders": -10189000.0,
        "Net Income": -10189000.0,
        "Minority Interests": 10000.0,
        "Net Income Including Noncontrolling Interests": -10199000.0,
        "Net Income Continuous Operations": -10199000.0,
        "Tax Provision": 416000.0,
        "Pretax Income": -9783000.0,
        "Net Non Operating Interest Income Expense": 1054000.0,
        "Interest Expense Non Operating": 0.0,
        "Interest Income Non Operating": 1096000.0,
        "Operating Income": -3595000.0,
        "Operating Expense": 3595000.0,
        "Research And Development": 1461000.0,
        "Selling General And Administration": 2134000.0,
        "Selling And Marketing Expense": 0.0,
        "General And Administrative Expense": 2134000.0,
        "Other Gand A": 2134000.0,
        "Total Revenue": 0.0,
        "Operating Revenue": 0.0
    }
}