{
    "2023-03-31": {
        "Tax Effect Of Unusual Items": 2652.892562,
        "Tax Rate For Calcs": 0.000689,
        "Normalized EBITDA": -19676000.0,
        "Total Unusual Items": 3852000.0,
        "Total Unusual Items Excluding Goodwill": 3852000.0,
        "Net Income From Continuing Operation Net Minority Interest": -17412000.0,
        "Reconciled Depreciation": 643000.0,
        "Reconciled Cost Of Revenue": 367000.0,
        "EBITDA": -15824000.0,
        "EBIT": -16467000.0,
        "Net Interest Income": 72000.0,
        "Interest Expense": 957000.0,
        "Interest Income": 1029000.0,
        "Normalized Income": -21261347.107438,
        "Net Income From Continuing And Discontinued Operation": -17412000.0,
        "Total Expenses": 27495000.0,
        "Total Operating Income As Reported": -26258000.0,
        "Diluted Average Shares": 14180900.0,
        "Basic Average Shares": 14180900.0,
        "Diluted EPS": -1.2,
        "Basic EPS": -1.2,
        "Diluted NI Availto Com Stockholders": -17412000.0,
        "Net Income Common Stockholders": -17412000.0,
        "Net Income": -17412000.0,
        "Net Income Including Noncontrolling Interests": -17412000.0,
        "Net Income Continuous Operations": -17412000.0,
        "Tax Provision": -12000.0,
        "Pretax Income": -17424000.0,
        "Other Income Expense": 8762000.0,
        "Other Non Operating Income Expenses": 4910000.0,
        "Special Income Charges": NaN,
        "Restructuring And Mergern Acquisition": NaN,
        "Gain On Sale Of Security": 3852000.0,
        "Net Non Operating Interest Income Expense": 72000.0,
        "Interest Expense Non Operating": 957000.0,
        "Interest Income Non Operating": 1029000.0,
        "Operating Income": -26258000.0,
        "Operating Expense": 27128000.0,
        "Research And Development": 15993000.0,
        "Selling General And Administration": 11135000.0,
        "Selling And Marketing Expense": 838000.0,
        "General And Administrative Expense": 10297000.0,
        "Other Gand A": 4298000.0,
        "Salaries And Wages": 5999000.0,
        "Gross Profit": 870000.0,
        "Cost Of Revenue": 367000.0,
        "Total Revenue": 1237000.0,
        "Operating Revenue": 1237000.0
    },
    "2022-12-31": {
        "Tax Effect Of Unusual Items": 0.0,
        "Tax Rate For Calcs": 0.125277,
        "Normalized EBITDA": -7358000.0,
        "Total Unusual Items": 0.0,
        "Total Unusual Items Excluding Goodwill": 0.0,
        "Net Income From Continuing Operation Net Minority Interest": -7883000.0,
        "Reconciled Depreciation": 721000.0,
        "Reconciled Cost Of Revenue": 2433000.0,
        "EBITDA": -7358000.0,
        "EBIT": -8079000.0,
        "Net Interest Income": -76000.0,
        "Interest Expense": 933000.0,
        "Interest Income": 857000.0,
        "Normalized Income": -7883000.0,
        "Net Income From Continuing And Discontinued Operation": -7883000.0,
        "Total Expenses": 38578000.0,
        "Total Operating Income As Reported": -31592000.0,
        "Diluted Average Shares": NaN,
        "Basic Average Shares": NaN,
        "Diluted EPS": NaN,
        "Basic EPS": NaN,
        "Diluted NI Availto Com Stockholders": -7883000.0,
        "Net Income Common Stockholders": -7883000.0,
        "Net Income": -7883000.0,
        "Net Income Including Noncontrolling Interests": -7883000.0,
        "Net Income Continuous Operations": -7883000.0,
        "Tax Provision": -1129000.0,
        "Pretax Income": -9012000.0,
        "Other Income Expense": 22656000.0,
        "Other Non Operating Income Expenses": 22656000.0,
        "Special Income Charges": 0.0,
        "Restructuring And Mergern Acquisition": 0.0,
        "Gain On Sale Of Security": NaN,
        "Net Non Operating Interest Income Expense": -76000.0,
        "Interest Expense Non Operating": 933000.0,
        "Interest Income Non Operating": 857000.0,
        "Operating Income": -31592000.0,
        "Operating Expense": 36145000.0,
        "Research And Development": 25545000.0,
        "Selling General And Administration": 10600000.0,
        "Selling And Marketing Expense": 895000.0,
        "General And Administrative Expense": 9705000.0,
        "Other Gand A": 3957000.0,
        "Salaries And Wages": 5748000.0,
        "Gross Profit": 4553000.0,
        "Cost Of Revenue": 2433000.0,
        "Total Revenue": 6986000.0,
        "Operating Revenue": 6986000.0
    },
    "2022-09-30": {
        "Tax Effect Of Unusual Items": 2384.180559,
        "Tax Rate For Calcs": 0.022282,
        "Normalized EBITDA": -47303000.0,
        "Total Unusual Items": 107000.0,
        "Total Unusual Items Excluding Goodwill": 107000.0,
        "Net Income From Continuing Operation Net Minority Interest": -47565000.0,
        "Reconciled Depreciation": 654000.0,
        "Reconciled Cost Of Revenue": 1645000.0,
        "EBITDA": -47196000.0,
        "EBIT": -47850000.0,
        "Net Interest Income": -395000.0,
        "Interest Expense": 799000.0,
        "Interest Income": 404000.0,
        "Normalized Income": -47669615.819441,
        "Net Income From Continuing And Discontinued Operation": -47565000.0,
        "Total Expenses": 31351000.0,
        "Total Operating Income As Reported": -25467000.0,
        "Diluted Average Shares": 12813209.0,
        "Basic Average Shares": 12813209.0,
        "Diluted EPS": -3.7,
        "Basic EPS": -3.7,
        "Diluted NI Availto Com Stockholders": -47565000.0,
        "Net Income Common Stockholders": -47565000.0,
        "Net Income": -47565000.0,
        "Net Income Including Noncontrolling Interests": -47565000.0,
        "Net Income Continuous Operations": -47565000.0,
        "Tax Provision": -1084000.0,
        "Pretax Income": -48649000.0,
        "Other Income Expense": -22680000.0,
        "Other Non Operating Income Expenses": -22787000.0,
        "Special Income Charges": 107000.0,
        "Restructuring And Mergern Acquisition": -107000.0,
        "Gain On Sale Of Security": NaN,
        "Net Non Operating Interest Income Expense": -395000.0,
        "Interest Expense Non Operating": 799000.0,
        "Interest Income Non Operating": 404000.0,
        "Operating Income": -25574000.0,
        "Operating Expense": 29706000.0,
        "Research And Development": 18103000.0,
        "Selling General And Administration": 11603000.0,
        "Selling And Marketing Expense": 927000.0,
        "General And Administrative Expense": 10676000.0,
        "Other Gand A": 4434000.0,
        "Salaries And Wages": 6242000.0,
        "Gross Profit": 4132000.0,
        "Cost Of Revenue": 1645000.0,
        "Total Revenue": 5777000.0,
        "Operating Revenue": 5777000.0
    },
    "2022-06-30": {
        "Tax Effect Of Unusual Items": 0.0,
        "Tax Rate For Calcs": 0.004283,
        "Normalized EBITDA": -49806000.0,
        "Total Unusual Items": NaN,
        "Total Unusual Items Excluding Goodwill": NaN,
        "Net Income From Continuing Operation Net Minority Interest": -50916000.0,
        "Reconciled Depreciation": 657000.0,
        "Reconciled Cost Of Revenue": 1122000.0,
        "EBITDA": -49806000.0,
        "EBIT": -50463000.0,
        "Net Interest Income": -459000.0,
        "Interest Expense": 672000.0,
        "Interest Income": 213000.0,
        "Normalized Income": -50916000.0,
        "Net Income From Continuing And Discontinued Operation": -50916000.0,
        "Total Expenses": 36817000.0,
        "Total Operating Income As Reported": -32449000.0,
        "Diluted Average Shares": 12785460.0,
        "Basic Average Shares": 12785460.0,
        "Diluted EPS": -4.0,
        "Basic EPS": -4.0,
        "Diluted NI Availto Com Stockholders": -50916000.0,
        "Net Income Common Stockholders": -50916000.0,
        "Net Income": -50916000.0,
        "Net Income Including Noncontrolling Interests": -50916000.0,
        "Net Income Continuous Operations": -50916000.0,
        "Tax Provision": -219000.0,
        "Pretax Income": -51135000.0,
        "Other Income Expense": -18227000.0,
        "Other Non Operating Income Expenses": -18227000.0,
        "Special Income Charges": NaN,
        "Restructuring And Mergern Acquisition": NaN,
        "Gain On Sale Of Security": NaN,
        "Net Non Operating Interest Income Expense": -459000.0,
        "Interest Expense Non Operating": 672000.0,
        "Interest Income Non Operating": 213000.0,
        "Operating Income": -32449000.0,
        "Operating Expense": 35695000.0,
        "Research And Development": 21965000.0,
        "Selling General And Administration": 13730000.0,
        "Selling And Marketing Expense": 1540000.0,
        "General And Administrative Expense": 12190000.0,
        "Other Gand A": 5420000.0,
        "Salaries And Wages": 6770000.0,
        "Gross Profit": 3246000.0,
        "Cost Of Revenue": 1122000.0,
        "Total Revenue": 4368000.0,
        "Operating Revenue": 4368000.0
    },
    "2022-03-31": {
        "Diluted EPS": -3.5,
        "Total Revenue": 6,
        "Gross Profit": 4,
        "Operating Income": -38,
        "EBIT": -37,
        "Net Income": -44
    },
    "2021-12-31": {
        "Diluted EPS": 7.73,
        "Total Revenue": 0,
        "Gross Profit": 0,
        "Operating Income": -36,
        "EBIT": -36,
        "Net Income": -36
    },
    "2021-09-30": {
        "Diluted EPS": -2.9,
        "Total Revenue": 1,
        "Gross Profit": 1,
        "Operating Income": -33,
        "EBIT": -32,
        "Net Income": -36
    },
    "2021-06-30": {
        "Diluted EPS": -2.9,
        "Total Revenue": NaN,
        "Gross Profit": NaN,
        "Operating Income": -36,
        "EBIT": -35,
        "Net Income": -37
    },
    "2021-03-31": {
        "Diluted EPS": -3.1,
        "Total Revenue": NaN,
        "Gross Profit": NaN,
        "Operating Income": -35,
        "EBIT": -35,
        "Net Income": -35
    },
    "2020-12-31": {
        "Diluted EPS": -3.4,
        "Total Revenue": NaN,
        "Gross Profit": 0,
        "Operating Income": -39,
        "EBIT": -39,
        "Net Income": -34
    },
    "2020-09-30": {
        "Diluted EPS": -2.0,
        "Total Revenue": 2,
        "Gross Profit": 1,
        "Operating Income": -26,
        "EBIT": -26,
        "Net Income": -20
    },
    "2020-06-30": {
        "Diluted EPS": -4.8,
        "Total Revenue": 1,
        "Gross Profit": 0,
        "Operating Income": -47,
        "EBIT": -46,
        "Net Income": -48
    },
    "2020-03-31": {
        "Diluted EPS": -5.1,
        "Total Revenue": NaN,
        "Gross Profit": NaN,
        "Operating Income": -45,
        "EBIT": -46,
        "Net Income": -51
    },
    "2019-12-31": {
        "Diluted EPS": -4.6,
        "Total Revenue": 1,
        "Gross Profit": 0,
        "Operating Income": -49,
        "EBIT": -50,
        "Net Income": -45
    },
    "2019-09-30": {
        "Diluted EPS": -3.8,
        "Total Revenue": 2,
        "Gross Profit": 1,
        "Operating Income": -41,
        "EBIT": -42,
        "Net Income": -37
    },
    "2019-06-30": {
        "Diluted EPS": -5.6,
        "Total Revenue": NaN,
        "Gross Profit": NaN,
        "Operating Income": -54,
        "EBIT": -55,
        "Net Income": -51
    },
    "2019-03-31": {
        "Diluted EPS": -3.5,
        "Total Revenue": NaN,
        "Gross Profit": NaN,
        "Operating Income": -28,
        "EBIT": -29,
        "Net Income": -31
    },
    "2018-12-31": {
        "Diluted EPS": 100.5,
        "Total Revenue": 1,
        "Gross Profit": 1,
        "Operating Income": -29,
        "EBIT": -30,
        "Net Income": -25
    },
    "2018-09-30": {
        "Diluted EPS": -32.9,
        "Total Revenue": 1,
        "Gross Profit": 1,
        "Operating Income": -34,
        "EBIT": -37,
        "Net Income": -34
    },
    "2018-06-30": {
        "Diluted EPS": -154.5,
        "Total Revenue": NaN,
        "Gross Profit": NaN,
        "Operating Income": -158,
        "EBIT": -159,
        "Net Income": -156
    },
    "2018-03-31": {
        "Diluted EPS": -15.3,
        "Total Revenue": NaN,
        "Gross Profit": NaN,
        "Operating Income": -14,
        "EBIT": -14,
        "Net Income": -15
    },
    "2017-12-31": {
        "Diluted EPS": 0.0,
        "Total Revenue": NaN,
        "Gross Profit": NaN,
        "Operating Income": NaN,
        "EBIT": NaN,
        "Net Income": NaN
    },
    "2016-12-31": {
        "Diluted EPS": 0.0,
        "Total Revenue": NaN,
        "Gross Profit": NaN,
        "Operating Income": NaN,
        "EBIT": NaN,
        "Net Income": NaN
    },
    "2023-06-30": {
        "Tax Effect Of Unusual Items": 1559140.0,
        "Tax Rate For Calcs": 0.19,
        "Normalized EBITDA": -18858000.0,
        "Total Unusual Items": 8206000.0,
        "Total Unusual Items Excluding Goodwill": 8206000.0,
        "Net Income From Continuing Operation Net Minority Interest": -12307000.0,
        "Reconciled Depreciation": 655000.0,
        "Reconciled Cost Of Revenue": 2189000.0,
        "EBITDA": -10652000.0,
        "EBIT": -11307000.0,
        "Net Interest Income": 416000.0,
        "Interest Expense": 975000.0,
        "Interest Income": 1391000.0,
        "Normalized Income": -18953860.0,
        "Net Income From Continuing And Discontinued Operation": -12307000.0,
        "Total Expenses": 29876000.0,
        "Total Operating Income As Reported": -22562000.0,
        "Diluted Average Shares": 18928633.0,
        "Basic Average Shares": 18928633.0,
        "Diluted EPS": -0.7,
        "Basic EPS": -0.7,
        "Diluted NI Availto Com Stockholders": -12307000.0,
        "Net Income Common Stockholders": -12307000.0,
        "Net Income": -12307000.0,
        "Net Income Including Noncontrolling Interests": -12307000.0,
        "Net Income Continuous Operations": -12307000.0,
        "Tax Provision": 25000.0,
        "Pretax Income": -12282000.0,
        "Other Income Expense": 9864000.0,
        "Other Non Operating Income Expenses": 1658000.0,
        "Special Income Charges": NaN,
        "Restructuring And Mergern Acquisition": NaN,
        "Gain On Sale Of Security": 8206000.0,
        "Net Non Operating Interest Income Expense": 416000.0,
        "Interest Expense Non Operating": 975000.0,
        "Interest Income Non Operating": 1391000.0,
        "Operating Income": -22562000.0,
        "Operating Expense": 27687000.0,
        "Research And Development": 16695000.0,
        "Selling General And Administration": 10992000.0,
        "Selling And Marketing Expense": 933000.0,
        "General And Administrative Expense": 10059000.0,
        "Other Gand A": 4455000.0,
        "Salaries And Wages": 5604000.0,
        "Gross Profit": 5125000.0,
        "Cost Of Revenue": 2189000.0,
        "Total Revenue": 7314000.0,
        "Operating Revenue": 7314000.0
    },
    "2023-09-30": {
        "Tax Effect Of Unusual Items": -1672190.0,
        "Tax Rate For Calcs": 0.19,
        "Normalized EBITDA": -23958000.0,
        "Total Unusual Items": -8801000.0,
        "Total Unusual Items Excluding Goodwill": -8801000.0,
        "Net Income From Continuing Operation Net Minority Interest": -35319000.0,
        "Reconciled Depreciation": 652000.0,
        "Reconciled Cost Of Revenue": 1745000.0,
        "EBITDA": -32759000.0,
        "EBIT": -33411000.0,
        "Net Interest Income": 573000.0,
        "Interest Expense": 932000.0,
        "Interest Income": 1505000.0,
        "Normalized Income": -28190190.0,
        "Net Income From Continuing And Discontinued Operation": -35319000.0,
        "Total Expenses": 27907000.0,
        "Total Operating Income As Reported": -21605000.0,
        "Diluted Average Shares": 22838856.0,
        "Basic Average Shares": 22838856.0,
        "Diluted EPS": -1.5,
        "Basic EPS": -1.5,
        "Diluted NI Availto Com Stockholders": -35319000.0,
        "Net Income Common Stockholders": -35319000.0,
        "Net Income": -35319000.0,
        "Net Income Including Noncontrolling Interests": -35319000.0,
        "Net Income Continuous Operations": -35319000.0,
        "Tax Provision": 976000.0,
        "Pretax Income": -34343000.0,
        "Other Income Expense": -13311000.0,
        "Other Non Operating Income Expenses": -4510000.0,
        "Special Income Charges": 0.0,
        "Restructuring And Mergern Acquisition": 0.0,
        "Gain On Sale Of Security": -8801000.0,
        "Net Non Operating Interest Income Expense": 573000.0,
        "Interest Expense Non Operating": 932000.0,
        "Interest Income Non Operating": 1505000.0,
        "Operating Income": -21605000.0,
        "Operating Expense": 26162000.0,
        "Research And Development": 14553000.0,
        "Selling General And Administration": 11609000.0,
        "Selling And Marketing Expense": 775000.0,
        "General And Administrative Expense": 10834000.0,
        "Other Gand A": 5857000.0,
        "Salaries And Wages": 4977000.0,
        "Gross Profit": 4557000.0,
        "Cost Of Revenue": 1745000.0,
        "Total Revenue": 6302000.0,
        "Operating Revenue": 6302000.0
    }
}