{
    "2023-03-31": {
        "Tax Effect Of Unusual Items": NaN,
        "Tax Rate For Calcs": NaN,
        "Normalized EBITDA": NaN,
        "Total Unusual Items": NaN,
        "Total Unusual Items Excluding Goodwill": NaN,
        "Net Income From Continuing Operation Net Minority Interest": NaN,
        "Reconciled Depreciation": NaN,
        "Reconciled Cost Of Revenue": NaN,
        "EBITDA": NaN,
        "EBIT": NaN,
        "Net Interest Income": NaN,
        "Interest Expense": NaN,
        "Interest Income": NaN,
        "Normalized Income": NaN,
        "Net Income From Continuing And Discontinued Operation": NaN,
        "Total Expenses": NaN,
        "Total Operating Income As Reported": NaN,
        "Diluted Average Shares": 65830985.0,
        "Basic Average Shares": 65440014.0,
        "Diluted EPS": 1.34,
        "Basic EPS": 1.35,
        "Diluted NI Availto Com Stockholders": NaN,
        "Net Income Common Stockholders": NaN,
        "Net Income": NaN,
        "Net Income Including Noncontrolling Interests": NaN,
        "Net Income Continuous Operations": NaN,
        "Earnings From Equity Interest Net Of Tax": NaN,
        "Tax Provision": NaN,
        "Pretax Income": NaN,
        "Other Income Expense": NaN,
        "Other Non Operating Income Expenses": NaN,
        "Special Income Charges": NaN,
        "Impairment Of Capital Assets": NaN,
        "Net Non Operating Interest Income Expense": NaN,
        "Interest Expense Non Operating": NaN,
        "Interest Income Non Operating": NaN,
        "Operating Income": NaN,
        "Operating Expense": NaN,
        "Depreciation Amortization Depletion Income Statement": NaN,
        "Depreciation And Amortization In Income Statement": NaN,
        "Amortization": NaN,
        "Amortization Of Intangibles Income Statement": NaN,
        "Selling General And Administration": NaN,
        "Gross Profit": NaN,
        "Cost Of Revenue": NaN,
        "Total Revenue": NaN,
        "Operating Revenue": NaN
    },
    "2022-12-31": {
        "Tax Effect Of Unusual Items": NaN,
        "Tax Rate For Calcs": NaN,
        "Normalized EBITDA": NaN,
        "Total Unusual Items": -5600000.0,
        "Total Unusual Items Excluding Goodwill": -5600000.0,
        "Net Income From Continuing Operation Net Minority Interest": NaN,
        "Reconciled Depreciation": NaN,
        "Reconciled Cost Of Revenue": NaN,
        "EBITDA": NaN,
        "EBIT": NaN,
        "Net Interest Income": NaN,
        "Interest Expense": NaN,
        "Interest Income": NaN,
        "Normalized Income": NaN,
        "Net Income From Continuing And Discontinued Operation": NaN,
        "Total Expenses": NaN,
        "Total Operating Income As Reported": NaN,
        "Diluted Average Shares": NaN,
        "Basic Average Shares": NaN,
        "Diluted EPS": NaN,
        "Basic EPS": NaN,
        "Diluted NI Availto Com Stockholders": NaN,
        "Net Income Common Stockholders": NaN,
        "Net Income": NaN,
        "Net Income Including Noncontrolling Interests": NaN,
        "Net Income Continuous Operations": NaN,
        "Earnings From Equity Interest Net Of Tax": NaN,
        "Tax Provision": NaN,
        "Pretax Income": NaN,
        "Other Income Expense": NaN,
        "Other Non Operating Income Expenses": NaN,
        "Special Income Charges": -5600000.0,
        "Impairment Of Capital Assets": 5600000.0,
        "Net Non Operating Interest Income Expense": NaN,
        "Interest Expense Non Operating": NaN,
        "Interest Income Non Operating": NaN,
        "Operating Income": NaN,
        "Operating Expense": NaN,
        "Depreciation Amortization Depletion Income Statement": NaN,
        "Depreciation And Amortization In Income Statement": NaN,
        "Amortization": NaN,
        "Amortization Of Intangibles Income Statement": NaN,
        "Selling General And Administration": NaN,
        "Gross Profit": NaN,
        "Cost Of Revenue": NaN,
        "Total Revenue": NaN,
        "Operating Revenue": NaN
    },
    "2022-09-30": {
        "Tax Effect Of Unusual Items": NaN,
        "Tax Rate For Calcs": NaN,
        "Normalized EBITDA": NaN,
        "Total Unusual Items": -2100000.0,
        "Total Unusual Items Excluding Goodwill": -2100000.0,
        "Net Income From Continuing Operation Net Minority Interest": NaN,
        "Reconciled Depreciation": NaN,
        "Reconciled Cost Of Revenue": NaN,
        "EBITDA": NaN,
        "EBIT": NaN,
        "Net Interest Income": NaN,
        "Interest Expense": NaN,
        "Interest Income": NaN,
        "Normalized Income": NaN,
        "Net Income From Continuing And Discontinued Operation": NaN,
        "Total Expenses": NaN,
        "Total Operating Income As Reported": NaN,
        "Diluted Average Shares": NaN,
        "Basic Average Shares": NaN,
        "Diluted EPS": NaN,
        "Basic EPS": NaN,
        "Diluted NI Availto Com Stockholders": NaN,
        "Net Income Common Stockholders": NaN,
        "Net Income": NaN,
        "Net Income Including Noncontrolling Interests": NaN,
        "Net Income Continuous Operations": NaN,
        "Earnings From Equity Interest Net Of Tax": NaN,
        "Tax Provision": NaN,
        "Pretax Income": NaN,
        "Other Income Expense": NaN,
        "Other Non Operating Income Expenses": NaN,
        "Special Income Charges": -2100000.0,
        "Impairment Of Capital Assets": 2100000.0,
        "Net Non Operating Interest Income Expense": NaN,
        "Interest Expense Non Operating": NaN,
        "Interest Income Non Operating": NaN,
        "Operating Income": NaN,
        "Operating Expense": NaN,
        "Depreciation Amortization Depletion Income Statement": NaN,
        "Depreciation And Amortization In Income Statement": NaN,
        "Amortization": NaN,
        "Amortization Of Intangibles Income Statement": NaN,
        "Selling General And Administration": NaN,
        "Gross Profit": NaN,
        "Cost Of Revenue": NaN,
        "Total Revenue": NaN,
        "Operating Revenue": NaN
    },
    "2022-06-30": {
        "Tax Effect Of Unusual Items": 0.0,
        "Tax Rate For Calcs": 0.323,
        "Normalized EBITDA": 82500000.0,
        "Total Unusual Items": NaN,
        "Total Unusual Items Excluding Goodwill": NaN,
        "Net Income From Continuing Operation Net Minority Interest": 26900000.0,
        "Reconciled Depreciation": 26900000.0,
        "Reconciled Cost Of Revenue": 1801800000.0,
        "EBITDA": 82500000.0,
        "EBIT": 55600000.0,
        "Net Interest Income": -11900000.0,
        "Interest Expense": 13200000.0,
        "Interest Income": 1300000.0,
        "Normalized Income": 26900000.0,
        "Net Income From Continuing And Discontinued Operation": 26900000.0,
        "Total Expenses": 1996600000.0,
        "Total Operating Income As Reported": 69400000.0,
        "Diluted Average Shares": 66008860.0,
        "Basic Average Shares": 65613527.0,
        "Diluted EPS": 0.49,
        "Basic EPS": 0.49,
        "Diluted NI Availto Com Stockholders": 26900000.0,
        "Net Income Common Stockholders": 26900000.0,
        "Net Income": 26900000.0,
        "Net Income Including Noncontrolling Interests": 26900000.0,
        "Net Income Continuous Operations": 26900000.0,
        "Earnings From Equity Interest Net Of Tax": -1800000.0,
        "Tax Provision": 13700000.0,
        "Pretax Income": 42400000.0,
        "Other Income Expense": -15100000.0,
        "Other Non Operating Income Expenses": -15100000.0,
        "Special Income Charges": NaN,
        "Impairment Of Capital Assets": NaN,
        "Net Non Operating Interest Income Expense": -11900000.0,
        "Interest Expense Non Operating": 13200000.0,
        "Interest Income Non Operating": 1300000.0,
        "Operating Income": 69400000.0,
        "Operating Expense": 170700000.0,
        "Depreciation Amortization Depletion Income Statement": 2800000.0,
        "Depreciation And Amortization In Income Statement": 2800000.0,
        "Amortization": 2800000.0,
        "Amortization Of Intangibles Income Statement": 2800000.0,
        "Selling General And Administration": 167900000.0,
        "Gross Profit": 240100000.0,
        "Cost Of Revenue": 1825900000.0,
        "Total Revenue": 2066000000.0,
        "Operating Revenue": 2066000000.0
    },
    "2023-06-30": {
        "Tax Effect Of Unusual Items": NaN,
        "Tax Rate For Calcs": NaN,
        "Normalized EBITDA": NaN,
        "Total Unusual Items": 0.0,
        "Total Unusual Items Excluding Goodwill": 0.0,
        "Net Income From Continuing Operation Net Minority Interest": NaN,
        "Reconciled Depreciation": NaN,
        "Reconciled Cost Of Revenue": NaN,
        "EBITDA": NaN,
        "EBIT": NaN,
        "Net Interest Income": NaN,
        "Interest Expense": NaN,
        "Interest Income": NaN,
        "Normalized Income": NaN,
        "Net Income From Continuing And Discontinued Operation": NaN,
        "Total Expenses": NaN,
        "Total Operating Income As Reported": NaN,
        "Diluted Average Shares": NaN,
        "Basic Average Shares": NaN,
        "Diluted EPS": NaN,
        "Basic EPS": NaN,
        "Diluted NI Availto Com Stockholders": NaN,
        "Net Income Common Stockholders": NaN,
        "Net Income": NaN,
        "Net Income Including Noncontrolling Interests": NaN,
        "Net Income Continuous Operations": NaN,
        "Earnings From Equity Interest Net Of Tax": NaN,
        "Tax Provision": NaN,
        "Pretax Income": NaN,
        "Other Income Expense": NaN,
        "Other Non Operating Income Expenses": NaN,
        "Special Income Charges": 0.0,
        "Impairment Of Capital Assets": 0.0,
        "Net Non Operating Interest Income Expense": NaN,
        "Interest Expense Non Operating": NaN,
        "Interest Income Non Operating": NaN,
        "Operating Income": NaN,
        "Operating Expense": NaN,
        "Depreciation Amortization Depletion Income Statement": NaN,
        "Depreciation And Amortization In Income Statement": NaN,
        "Amortization": NaN,
        "Amortization Of Intangibles Income Statement": NaN,
        "Selling General And Administration": NaN,
        "Gross Profit": NaN,
        "Cost Of Revenue": NaN,
        "Total Revenue": NaN,
        "Operating Revenue": NaN
    },
    "2022-03-31": {
        "Diluted EPS": 0.0,
        "Total Revenue": NaN,
        "Gross Profit": 204,
        "Operating Income": 32,
        "EBIT": 58,
        "Net Income": 0
    },
    "2021-12-31": {
        "Diluted EPS": 0.0,
        "Total Revenue": NaN,
        "Gross Profit": NaN,
        "Operating Income": NaN,
        "EBIT": NaN,
        "Net Income": NaN
    },
    "2021-09-30": {
        "Diluted EPS": 1.3,
        "Total Revenue": NaN,
        "Gross Profit": 279,
        "Operating Income": 104,
        "EBIT": 131,
        "Net Income": 90
    },
    "2021-06-30": {
        "Diluted EPS": 3.07,
        "Total Revenue": NaN,
        "Gross Profit": 385,
        "Operating Income": 204,
        "EBIT": 233,
        "Net Income": 214
    },
    "2021-03-31": {
        "Diluted EPS": 1.44,
        "Total Revenue": NaN,
        "Gross Profit": 315,
        "Operating Income": 141,
        "EBIT": 163,
        "Net Income": 100
    },
    "2020-12-31": {
        "Diluted EPS": 1.01,
        "Total Revenue": NaN,
        "Gross Profit": 243,
        "Operating Income": NaN,
        "EBIT": NaN,
        "Net Income": 70
    },
    "2020-09-30": {
        "Diluted EPS": 0.0,
        "Total Revenue": NaN,
        "Gross Profit": NaN,
        "Operating Income": NaN,
        "EBIT": NaN,
        "Net Income": NaN
    },
    "2020-06-30": {
        "Diluted EPS": 1.17,
        "Total Revenue": NaN,
        "Gross Profit": 258,
        "Operating Income": 119,
        "EBIT": 141,
        "Net Income": 80
    },
    "2020-03-31": {
        "Diluted EPS": 0.99,
        "Total Revenue": NaN,
        "Gross Profit": 292,
        "Operating Income": 134,
        "EBIT": 184,
        "Net Income": 69
    },
    "2019-12-31": {
        "Diluted EPS": 1.1,
        "Total Revenue": NaN,
        "Gross Profit": 290,
        "Operating Income": NaN,
        "EBIT": NaN,
        "Net Income": 76
    },
    "2019-09-30": {
        "Diluted EPS": 0.0,
        "Total Revenue": NaN,
        "Gross Profit": NaN,
        "Operating Income": NaN,
        "EBIT": NaN,
        "Net Income": NaN
    },
    "2019-06-30": {
        "Diluted EPS": 2.72,
        "Total Revenue": NaN,
        "Gross Profit": 434,
        "Operating Income": 258,
        "EBIT": 287,
        "Net Income": 192
    },
    "2019-03-31": {
        "Diluted EPS": 1.82,
        "Total Revenue": NaN,
        "Gross Profit": 358,
        "Operating Income": 176,
        "EBIT": 233,
        "Net Income": 129
    },
    "2018-12-31": {
        "Diluted EPS": 1.51,
        "Total Revenue": NaN,
        "Gross Profit": 328,
        "Operating Income": NaN,
        "EBIT": NaN,
        "Net Income": 109
    },
    "2018-09-30": {
        "Diluted EPS": 0.0,
        "Total Revenue": NaN,
        "Gross Profit": NaN,
        "Operating Income": NaN,
        "EBIT": NaN,
        "Net Income": NaN
    },
    "2018-06-30": {
        "Diluted EPS": 2.05,
        "Total Revenue": NaN,
        "Gross Profit": 404,
        "Operating Income": 223,
        "EBIT": 253,
        "Net Income": 153
    },
    "2018-03-31": {
        "Diluted EPS": 1.47,
        "Total Revenue": NaN,
        "Gross Profit": 336,
        "Operating Income": 156,
        "EBIT": 218,
        "Net Income": 111
    },
    "2017-12-31": {
        "Diluted EPS": 0.74,
        "Total Revenue": NaN,
        "Gross Profit": 243,
        "Operating Income": NaN,
        "EBIT": NaN,
        "Net Income": 56
    },
    "2017-09-30": {
        "Diluted EPS": 0.0,
        "Total Revenue": NaN,
        "Gross Profit": NaN,
        "Operating Income": NaN,
        "EBIT": NaN,
        "Net Income": NaN
    },
    "2017-06-30": {
        "Diluted EPS": 1.69,
        "Total Revenue": NaN,
        "Gross Profit": 387,
        "Operating Income": 212,
        "EBIT": 245,
        "Net Income": 129
    },
    "2017-03-31": {
        "Diluted EPS": 0.58,
        "Total Revenue": NaN,
        "Gross Profit": 261,
        "Operating Income": 80,
        "EBIT": 145,
        "Net Income": 44
    },
    "2016-12-31": {
        "Diluted EPS": 0.26,
        "Total Revenue": NaN,
        "Gross Profit": 200,
        "Operating Income": NaN,
        "EBIT": NaN,
        "Net Income": 19
    },
    "2016-09-30": {
        "Diluted EPS": 0.0,
        "Total Revenue": NaN,
        "Gross Profit": NaN,
        "Operating Income": NaN,
        "EBIT": NaN,
        "Net Income": NaN
    },
    "2016-06-30": {
        "Diluted EPS": 1.13,
        "Total Revenue": NaN,
        "Gross Profit": 315,
        "Operating Income": 147,
        "EBIT": 179,
        "Net Income": 84
    },
    "2016-03-31": {
        "Diluted EPS": 0.76,
        "Total Revenue": NaN,
        "Gross Profit": 259,
        "Operating Income": 91,
        "EBIT": 155,
        "Net Income": 56
    },
    "2015-12-31": {
        "Diluted EPS": 0.19,
        "Total Revenue": NaN,
        "Gross Profit": 183,
        "Operating Income": NaN,
        "EBIT": NaN,
        "Net Income": 15
    },
    "2015-09-30": {
        "Diluted EPS": 0.0,
        "Total Revenue": NaN,
        "Gross Profit": NaN,
        "Operating Income": NaN,
        "EBIT": NaN,
        "Net Income": NaN
    },
    "2015-06-30": {
        "Diluted EPS": 1.13,
        "Total Revenue": NaN,
        "Gross Profit": 284,
        "Operating Income": 137,
        "EBIT": 167,
        "Net Income": 90
    },
    "2015-03-31": {
        "Diluted EPS": 0.69,
        "Total Revenue": NaN,
        "Gross Profit": 276,
        "Operating Income": 110,
        "EBIT": 174,
        "Net Income": 55
    },
    "2014-12-31": {
        "Diluted EPS": 0.43,
        "Total Revenue": NaN,
        "Gross Profit": 230,
        "Operating Income": NaN,
        "EBIT": NaN,
        "Net Income": 35
    },
    "2014-09-30": {
        "Diluted EPS": 0.0,
        "Total Revenue": NaN,
        "Gross Profit": NaN,
        "Operating Income": NaN,
        "EBIT": NaN,
        "Net Income": NaN
    },
    "2014-06-30": {
        "Diluted EPS": 1.22,
        "Total Revenue": NaN,
        "Gross Profit": 347,
        "Operating Income": 174,
        "EBIT": 206,
        "Net Income": 105
    },
    "2014-03-31": {
        "Diluted EPS": 0.83,
        "Total Revenue": NaN,
        "Gross Profit": 291,
        "Operating Income": 119,
        "EBIT": 183,
        "Net Income": 71
    },
    "2013-12-31": {
        "Diluted EPS": 0.63,
        "Total Revenue": NaN,
        "Gross Profit": 255,
        "Operating Income": NaN,
        "EBIT": NaN,
        "Net Income": 55
    },
    "2013-09-30": {
        "Diluted EPS": 0.0,
        "Total Revenue": NaN,
        "Gross Profit": NaN,
        "Operating Income": NaN,
        "EBIT": NaN,
        "Net Income": NaN
    },
    "2013-06-30": {
        "Diluted EPS": 1.67,
        "Total Revenue": NaN,
        "Gross Profit": 386,
        "Operating Income": 226,
        "EBIT": 258,
        "Net Income": 148
    },
    "2013-03-31": {
        "Diluted EPS": 0.97,
        "Total Revenue": NaN,
        "Gross Profit": 303,
        "Operating Income": 135,
        "EBIT": 198,
        "Net Income": 87
    },
    "2012-12-31": {
        "Diluted EPS": 0.51,
        "Total Revenue": NaN,
        "Gross Profit": 246,
        "Operating Income": NaN,
        "EBIT": NaN,
        "Net Income": 46
    },
    "2012-09-30": {
        "Diluted EPS": 0.0,
        "Total Revenue": NaN,
        "Gross Profit": NaN,
        "Operating Income": NaN,
        "EBIT": NaN,
        "Net Income": NaN
    },
    "2012-06-30": {
        "Diluted EPS": 0.82,
        "Total Revenue": NaN,
        "Gross Profit": 275,
        "Operating Income": 126,
        "EBIT": 158,
        "Net Income": 76
    },
    "2012-03-31": {
        "Diluted EPS": 0.41,
        "Total Revenue": NaN,
        "Gross Profit": 244,
        "Operating Income": 84,
        "EBIT": 148,
        "Net Income": 37
    },
    "2011-12-31": {
        "Diluted EPS": 0.42,
        "Total Revenue": NaN,
        "Gross Profit": 222,
        "Operating Income": NaN,
        "EBIT": NaN,
        "Net Income": 39
    },
    "2011-09-30": {
        "Diluted EPS": 0.0,
        "Total Revenue": NaN,
        "Gross Profit": NaN,
        "Operating Income": NaN,
        "EBIT": NaN,
        "Net Income": NaN
    },
    "2011-06-30": {
        "Diluted EPS": 0.75,
        "Total Revenue": NaN,
        "Gross Profit": 272,
        "Operating Income": 126,
        "EBIT": 161,
        "Net Income": 68
    },
    "2011-03-31": {
        "Diluted EPS": 0.74,
        "Total Revenue": NaN,
        "Gross Profit": 281,
        "Operating Income": 132,
        "EBIT": 202,
        "Net Income": 68
    },
    "2010-12-31": {
        "Diluted EPS": 1.09,
        "Total Revenue": NaN,
        "Gross Profit": 309,
        "Operating Income": NaN,
        "EBIT": NaN,
        "Net Income": 100
    },
    "2010-09-30": {
        "Diluted EPS": 0.0,
        "Total Revenue": NaN,
        "Gross Profit": NaN,
        "Operating Income": NaN,
        "EBIT": NaN,
        "Net Income": NaN
    },
    "2010-06-30": {
        "Diluted EPS": 2.31,
        "Total Revenue": NaN,
        "Gross Profit": 482,
        "Operating Income": 341,
        "EBIT": 378,
        "Net Income": 211
    },
    "2010-03-31": {
        "Diluted EPS": 3.22,
        "Total Revenue": NaN,
        "Gross Profit": 628,
        "Operating Income": 494,
        "EBIT": 575,
        "Net Income": 293
    },
    "2009-12-31": {
        "Diluted EPS": 1.87,
        "Total Revenue": NaN,
        "Gross Profit": 479,
        "Operating Income": NaN,
        "EBIT": NaN,
        "Net Income": 170
    },
    "2009-09-30": {
        "Diluted EPS": 0.0,
        "Total Revenue": NaN,
        "Gross Profit": NaN,
        "Operating Income": NaN,
        "EBIT": NaN,
        "Net Income": NaN
    },
    "2009-06-30": {
        "Diluted EPS": -0.36,
        "Total Revenue": NaN,
        "Gross Profit": 176,
        "Operating Income": 39,
        "EBIT": 76,
        "Net Income": -27
    },
    "2009-03-31": {
        "Diluted EPS": -16.02,
        "Total Revenue": NaN,
        "Gross Profit": 137,
        "Operating Income": NaN,
        "EBIT": NaN,
        "Net Income": NaN
    },
    "2023-09-30": {
        "Tax Effect Of Unusual Items": NaN,
        "Tax Rate For Calcs": NaN,
        "Normalized EBITDA": NaN,
        "Total Unusual Items": 0.0,
        "Total Unusual Items Excluding Goodwill": 0.0,
        "Net Income From Continuing Operation Net Minority Interest": NaN,
        "Reconciled Depreciation": NaN,
        "Reconciled Cost Of Revenue": NaN,
        "EBITDA": NaN,
        "EBIT": NaN,
        "Net Interest Income": NaN,
        "Interest Expense": NaN,
        "Interest Income": NaN,
        "Normalized Income": NaN,
        "Net Income From Continuing And Discontinued Operation": NaN,
        "Total Expenses": NaN,
        "Total Operating Income As Reported": NaN,
        "Diluted Average Shares": NaN,
        "Basic Average Shares": NaN,
        "Diluted EPS": NaN,
        "Basic EPS": NaN,
        "Diluted NI Availto Com Stockholders": NaN,
        "Net Income Common Stockholders": NaN,
        "Net Income": NaN,
        "Net Income Including Noncontrolling Interests": NaN,
        "Net Income Continuous Operations": NaN,
        "Earnings From Equity Interest Net Of Tax": NaN,
        "Tax Provision": NaN,
        "Pretax Income": NaN,
        "Other Income Expense": NaN,
        "Other Non Operating Income Expenses": NaN,
        "Special Income Charges": 0.0,
        "Impairment Of Capital Assets": 0.0,
        "Net Non Operating Interest Income Expense": NaN,
        "Interest Expense Non Operating": NaN,
        "Interest Income Non Operating": NaN,
        "Operating Income": NaN,
        "Operating Expense": NaN,
        "Depreciation Amortization Depletion Income Statement": NaN,
        "Depreciation And Amortization In Income Statement": NaN,
        "Amortization": NaN,
        "Amortization Of Intangibles Income Statement": NaN,
        "Selling General And Administration": NaN,
        "Gross Profit": NaN,
        "Cost Of Revenue": NaN,
        "Total Revenue": NaN,
        "Operating Revenue": NaN
    },
    "2023-12-31": {
        "Tax Effect Of Unusual Items": NaN,
        "Tax Rate For Calcs": NaN,
        "Normalized EBITDA": NaN,
        "Total Unusual Items": 0.0,
        "Total Unusual Items Excluding Goodwill": 0.0,
        "Net Income From Continuing Operation Net Minority Interest": NaN,
        "Reconciled Depreciation": NaN,
        "Reconciled Cost Of Revenue": NaN,
        "EBITDA": NaN,
        "EBIT": NaN,
        "Net Interest Income": NaN,
        "Interest Expense": NaN,
        "Interest Income": NaN,
        "Normalized Income": NaN,
        "Net Income From Continuing And Discontinued Operation": NaN,
        "Total Expenses": NaN,
        "Total Operating Income As Reported": NaN,
        "Diluted Average Shares": NaN,
        "Basic Average Shares": NaN,
        "Diluted EPS": NaN,
        "Basic EPS": NaN,
        "Diluted NI Availto Com Stockholders": NaN,
        "Net Income Common Stockholders": NaN,
        "Net Income": NaN,
        "Net Income Including Noncontrolling Interests": NaN,
        "Net Income Continuous Operations": NaN,
        "Earnings From Equity Interest Net Of Tax": NaN,
        "Tax Provision": NaN,
        "Pretax Income": NaN,
        "Other Income Expense": NaN,
        "Other Non Operating Income Expenses": NaN,
        "Special Income Charges": 0.0,
        "Impairment Of Capital Assets": 0.0,
        "Net Non Operating Interest Income Expense": NaN,
        "Interest Expense Non Operating": NaN,
        "Interest Income Non Operating": NaN,
        "Operating Income": NaN,
        "Operating Expense": NaN,
        "Depreciation Amortization Depletion Income Statement": NaN,
        "Depreciation And Amortization In Income Statement": NaN,
        "Amortization": NaN,
        "Amortization Of Intangibles Income Statement": NaN,
        "Selling General And Administration": NaN,
        "Gross Profit": NaN,
        "Cost Of Revenue": NaN,
        "Total Revenue": NaN,
        "Operating Revenue": NaN
    },
    "2024-03-31": {
        "Tax Effect Of Unusual Items": 0.0,
        "Tax Rate For Calcs": 0.230899,
        "Normalized EBITDA": 305900000.0,
        "Total Unusual Items": NaN,
        "Total Unusual Items Excluding Goodwill": NaN,
        "Net Income From Continuing Operation Net Minority Interest": 179400000.0,
        "Reconciled Depreciation": 46600000.0,
        "Reconciled Cost Of Revenue": 2040700000.0,
        "EBITDA": 305900000.0,
        "EBIT": 259300000.0,
        "Net Interest Income": -20800000.0,
        "Interest Expense": 22400000.0,
        "Interest Income": 1600000.0,
        "Normalized Income": 179400000.0,
        "Net Income From Continuing And Discontinued Operation": 179400000.0,
        "Total Expenses": 2284100000.0,
        "Total Operating Income As Reported": 259700000.0,
        "Diluted Average Shares": 66127651.0,
        "Basic Average Shares": 65729472.0,
        "Diluted EPS": 2.71,
        "Basic EPS": 2.73,
        "Diluted NI Availto Com Stockholders": 179400000.0,
        "Net Income Common Stockholders": 179400000.0,
        "Net Income": 179400000.0,
        "Net Income Including Noncontrolling Interests": 179400000.0,
        "Net Income Continuous Operations": 179400000.0,
        "Earnings From Equity Interest Net Of Tax": -2800000.0,
        "Tax Provision": 54700000.0,
        "Pretax Income": 236900000.0,
        "Other Income Expense": -2000000.0,
        "Other Non Operating Income Expenses": -2000000.0,
        "Special Income Charges": NaN,
        "Impairment Of Capital Assets": NaN,
        "Net Non Operating Interest Income Expense": -20800000.0,
        "Interest Expense Non Operating": 22400000.0,
        "Interest Income Non Operating": 1600000.0,
        "Operating Income": 259700000.0,
        "Operating Expense": 210300000.0,
        "Depreciation Amortization Depletion Income Statement": 13500000.0,
        "Depreciation And Amortization In Income Statement": 13500000.0,
        "Amortization": 13500000.0,
        "Amortization Of Intangibles Income Statement": 13500000.0,
        "Selling General And Administration": 196800000.0,
        "Gross Profit": 470000000.0,
        "Cost Of Revenue": 2073800000.0,
        "Total Revenue": 2543800000.0,
        "Operating Revenue": 2543800000.0
    },
    "2024-06-30": {
        "Tax Effect Of Unusual Items": -12074400.0,
        "Tax Rate For Calcs": 0.234,
        "Normalized EBITDA": 360600000.0,
        "Total Unusual Items": -51600000.0,
        "Total Unusual Items Excluding Goodwill": -51600000.0,
        "Net Income From Continuing Operation Net Minority Interest": 168600000.0,
        "Reconciled Depreciation": 47900000.0,
        "Reconciled Cost Of Revenue": 2266500000.0,
        "EBITDA": 309000000.0,
        "EBIT": 261100000.0,
        "Net Interest Income": -30300000.0,
        "Interest Expense": 32000000.0,
        "Interest Income": 1700000.0,
        "Normalized Income": 208125600.0,
        "Net Income From Continuing And Discontinued Operation": 168600000.0,
        "Total Expenses": 2534400000.0,
        "Total Operating Income As Reported": 260900000.0,
        "Diluted Average Shares": 65889777.0,
        "Basic Average Shares": 65531669.0,
        "Diluted EPS": 2.56,
        "Basic EPS": 2.57,
        "Diluted NI Availto Com Stockholders": 168600000.0,
        "Net Income Common Stockholders": 168600000.0,
        "Net Income": 168600000.0,
        "Net Income Including Noncontrolling Interests": 168600000.0,
        "Net Income Continuous Operations": 168600000.0,
        "Earnings From Equity Interest Net Of Tax": -7000000.0,
        "Tax Provision": 53500000.0,
        "Pretax Income": 229100000.0,
        "Other Income Expense": -53100000.0,
        "Other Non Operating Income Expenses": -1500000.0,
        "Special Income Charges": -51600000.0,
        "Impairment Of Capital Assets": 51600000.0,
        "Net Non Operating Interest Income Expense": -30300000.0,
        "Interest Expense Non Operating": 32000000.0,
        "Interest Income Non Operating": 1700000.0,
        "Operating Income": 312500000.0,
        "Operating Expense": 233600000.0,
        "Depreciation Amortization Depletion Income Statement": 13600000.0,
        "Depreciation And Amortization In Income Statement": 13600000.0,
        "Amortization": 13600000.0,
        "Amortization Of Intangibles Income Statement": 13600000.0,
        "Selling General And Administration": 220000000.0,
        "Gross Profit": 546100000.0,
        "Cost Of Revenue": 2300800000.0,
        "Total Revenue": 2846900000.0,
        "Operating Revenue": 2846900000.0
    },
    "2024-09-30": {
        "Tax Effect Of Unusual Items": 0.0,
        "Tax Rate For Calcs": 0.237715,
        "Normalized EBITDA": 323600000.0,
        "Total Unusual Items": 0.0,
        "Total Unusual Items Excluding Goodwill": 0.0,
        "Net Income From Continuing Operation Net Minority Interest": 180300000.0,
        "Reconciled Depreciation": 51900000.0,
        "Reconciled Cost Of Revenue": 2196900000.0,
        "EBITDA": 323600000.0,
        "EBIT": 271700000.0,
        "Net Interest Income": -31700000.0,
        "Interest Expense": 33600000.0,
        "Interest Income": 1900000.0,
        "Normalized Income": 180300000.0,
        "Net Income From Continuing And Discontinued Operation": 180300000.0,
        "Total Expenses": 2475200000.0,
        "Total Operating Income As Reported": 266200000.0,
        "Diluted Average Shares": 65663198.0,
        "Basic Average Shares": 65329124.0,
        "Diluted EPS": 2.75,
        "Basic EPS": 2.76,
        "Diluted NI Availto Com Stockholders": 180300000.0,
        "Net Income Common Stockholders": 180300000.0,
        "Net Income": 180300000.0,
        "Net Income Including Noncontrolling Interests": 180300000.0,
        "Net Income Continuous Operations": 180300000.0,
        "Earnings From Equity Interest Net Of Tax": -1200000.0,
        "Tax Provision": 56600000.0,
        "Pretax Income": 238100000.0,
        "Other Income Expense": 3600000.0,
        "Other Non Operating Income Expenses": 3600000.0,
        "Special Income Charges": 0.0,
        "Impairment Of Capital Assets": 0.0,
        "Net Non Operating Interest Income Expense": -31700000.0,
        "Interest Expense Non Operating": 33600000.0,
        "Interest Income Non Operating": 1900000.0,
        "Operating Income": 266200000.0,
        "Operating Expense": 239800000.0,
        "Depreciation Amortization Depletion Income Statement": 13400000.0,
        "Depreciation And Amortization In Income Statement": 13400000.0,
        "Amortization": 13400000.0,
        "Amortization Of Intangibles Income Statement": 13400000.0,
        "Selling General And Administration": 226400000.0,
        "Gross Profit": 506000000.0,
        "Cost Of Revenue": 2235400000.0,
        "Total Revenue": 2741400000.0,
        "Operating Revenue": 2741400000.0
    },
    "2024-12-31": {
        "Tax Effect Of Unusual Items": 0.0,
        "Tax Rate For Calcs": 0.22725,
        "Normalized EBITDA": 284100000.0,
        "Total Unusual Items": 0.0,
        "Total Unusual Items Excluding Goodwill": 0.0,
        "Net Income From Continuing Operation Net Minority Interest": 153100000.0,
        "Reconciled Depreciation": 53700000.0,
        "Reconciled Cost Of Revenue": 2111300000.0,
        "EBITDA": 284100000.0,
        "EBIT": 230400000.0,
        "Net Interest Income": -29100000.0,
        "Interest Expense": 31500000.0,
        "Interest Income": 2400000.0,
        "Normalized Income": 153100000.0,
        "Net Income From Continuing And Discontinued Operation": 153100000.0,
        "Total Expenses": 2374200000.0,
        "Total Operating Income As Reported": 223900000.0,
        "Diluted Average Shares": 65641286.0,
        "Basic Average Shares": 65248981.0,
        "Diluted EPS": 2.33,
        "Basic EPS": 2.35,
        "Diluted NI Availto Com Stockholders": 153100000.0,
        "Net Income Common Stockholders": 153100000.0,
        "Net Income": 153100000.0,
        "Net Income Including Noncontrolling Interests": 153100000.0,
        "Net Income Continuous Operations": 153100000.0,
        "Earnings From Equity Interest Net Of Tax": -600000.0,
        "Tax Provision": 45200000.0,
        "Pretax Income": 198900000.0,
        "Other Income Expense": 4100000.0,
        "Other Non Operating Income Expenses": 4100000.0,
        "Special Income Charges": 0.0,
        "Impairment Of Capital Assets": 0.0,
        "Net Non Operating Interest Income Expense": -29100000.0,
        "Interest Expense Non Operating": 31500000.0,
        "Interest Income Non Operating": 2400000.0,
        "Operating Income": 223900000.0,
        "Operating Expense": 223400000.0,
        "Depreciation Amortization Depletion Income Statement": 14200000.0,
        "Depreciation And Amortization In Income Statement": 14200000.0,
        "Amortization": 14200000.0,
        "Amortization Of Intangibles Income Statement": 14200000.0,
        "Selling General And Administration": 209200000.0,
        "Gross Profit": 447300000.0,
        "Cost Of Revenue": 2150800000.0,
        "Total Revenue": 2598100000.0,
        "Operating Revenue": 2598100000.0
    },
    "2025-03-31": {
        "Tax Effect Of Unusual Items": 0.0,
        "Tax Rate For Calcs": 0.24387,
        "Normalized EBITDA": 231500000.0,
        "Total Unusual Items": NaN,
        "Total Unusual Items Excluding Goodwill": NaN,
        "Net Income From Continuing Operation Net Minority Interest": 112200000.0,
        "Reconciled Depreciation": 53600000.0,
        "Reconciled Cost Of Revenue": 1872800000.0,
        "EBITDA": 231500000.0,
        "EBIT": 177900000.0,
        "Net Interest Income": -25000000.0,
        "Interest Expense": 27000000.0,
        "Interest Income": 2000000.0,
        "Normalized Income": 112200000.0,
        "Net Income From Continuing And Discontinued Operation": 112200000.0,
        "Total Expenses": 2137400000.0,
        "Total Operating Income As Reported": 175400000.0,
        "Diluted Average Shares": 65072359.0,
        "Basic Average Shares": 64796278.0,
        "Diluted EPS": 1.72,
        "Basic EPS": 1.73,
        "Diluted NI Availto Com Stockholders": 112200000.0,
        "Net Income Common Stockholders": 112200000.0,
        "Net Income": 112200000.0,
        "Net Income Including Noncontrolling Interests": 112200000.0,
        "Net Income Continuous Operations": 112200000.0,
        "Earnings From Equity Interest Net Of Tax": -1900000.0,
        "Tax Provision": 36800000.0,
        "Pretax Income": 150900000.0,
        "Other Income Expense": 500000.0,
        "Other Non Operating Income Expenses": 500000.0,
        "Special Income Charges": NaN,
        "Impairment Of Capital Assets": NaN,
        "Net Non Operating Interest Income Expense": -25000000.0,
        "Interest Expense Non Operating": 27000000.0,
        "Interest Income Non Operating": 2000000.0,
        "Operating Income": 175400000.0,
        "Operating Expense": 224500000.0,
        "Depreciation Amortization Depletion Income Statement": 13500000.0,
        "Depreciation And Amortization In Income Statement": 13500000.0,
        "Amortization": 13500000.0,
        "Amortization Of Intangibles Income Statement": 13500000.0,
        "Selling General And Administration": 211000000.0,
        "Gross Profit": 399900000.0,
        "Cost Of Revenue": 1912900000.0,
        "Total Revenue": 2312800000.0,
        "Operating Revenue": 2312800000.0
    }
}