{
    "2023-03-31": {
        "Tax Effect Of Unusual Items": NaN,
        "Tax Rate For Calcs": NaN,
        "Normalized EBITDA": NaN,
        "Net Income From Continuing Operation Net Minority Interest": NaN,
        "Reconciled Depreciation": NaN,
        "EBITDA": NaN,
        "EBIT": NaN,
        "Normalized Income": NaN,
        "Net Income From Continuing And Discontinued Operation": NaN,
        "Total Expenses": NaN,
        "Total Operating Income As Reported": NaN,
        "Diluted Average Shares": 70490704.0,
        "Basic Average Shares": 70490704.0,
        "Diluted EPS": -0.19,
        "Basic EPS": -0.19,
        "Diluted NI Availto Com Stockholders": NaN,
        "Net Income Common Stockholders": NaN,
        "Otherunder Preferred Stock Dividend": NaN,
        "Net Income": NaN,
        "Net Income Including Noncontrolling Interests": NaN,
        "Net Income Continuous Operations": NaN,
        "Tax Provision": NaN,
        "Pretax Income": NaN,
        "Other Income Expense": NaN,
        "Other Non Operating Income Expenses": 1536000.0,
        "Operating Income": NaN,
        "Operating Expense": NaN,
        "Research And Development": NaN,
        "Selling General And Administration": NaN,
        "General And Administrative Expense": NaN,
        "Other Gand A": NaN,
        "Salaries And Wages": NaN,
        "Total Revenue": NaN,
        "Operating Revenue": NaN
    },
    "2022-12-31": {
        "Tax Effect Of Unusual Items": NaN,
        "Tax Rate For Calcs": NaN,
        "Normalized EBITDA": NaN,
        "Net Income From Continuing Operation Net Minority Interest": NaN,
        "Reconciled Depreciation": NaN,
        "EBITDA": NaN,
        "EBIT": NaN,
        "Normalized Income": NaN,
        "Net Income From Continuing And Discontinued Operation": NaN,
        "Total Expenses": NaN,
        "Total Operating Income As Reported": NaN,
        "Diluted Average Shares": 70472598.0,
        "Basic Average Shares": 70472598.0,
        "Diluted EPS": -0.16,
        "Basic EPS": -0.16,
        "Diluted NI Availto Com Stockholders": NaN,
        "Net Income Common Stockholders": NaN,
        "Otherunder Preferred Stock Dividend": 0.0,
        "Net Income": NaN,
        "Net Income Including Noncontrolling Interests": NaN,
        "Net Income Continuous Operations": NaN,
        "Tax Provision": NaN,
        "Pretax Income": NaN,
        "Other Income Expense": NaN,
        "Other Non Operating Income Expenses": 668123.0,
        "Operating Income": NaN,
        "Operating Expense": NaN,
        "Research And Development": NaN,
        "Selling General And Administration": NaN,
        "General And Administrative Expense": NaN,
        "Other Gand A": NaN,
        "Salaries And Wages": NaN,
        "Total Revenue": NaN,
        "Operating Revenue": NaN
    },
    "2022-09-30": {
        "Tax Effect Of Unusual Items": 0.0,
        "Tax Rate For Calcs": 0.0,
        "Normalized EBITDA": -12388786.0,
        "Net Income From Continuing Operation Net Minority Interest": -11967771.0,
        "Reconciled Depreciation": 415365.0,
        "EBITDA": -12388786.0,
        "EBIT": -12804151.0,
        "Normalized Income": -11967771.0,
        "Net Income From Continuing And Discontinued Operation": -11967771.0,
        "Total Expenses": 12815253.0,
        "Total Operating Income As Reported": -12803856.0,
        "Diluted Average Shares": 70430554.0,
        "Basic Average Shares": 70430554.0,
        "Diluted EPS": -0.17,
        "Basic EPS": -0.17,
        "Diluted NI Availto Com Stockholders": -11967771.0,
        "Net Income Common Stockholders": -11967771.0,
        "Otherunder Preferred Stock Dividend": 0.0,
        "Net Income": -11967771.0,
        "Net Income Including Noncontrolling Interests": -11967771.0,
        "Net Income Continuous Operations": -11967771.0,
        "Tax Provision": 0.0,
        "Pretax Income": -11967771.0,
        "Other Income Expense": 836085.0,
        "Other Non Operating Income Expenses": 836085.0,
        "Operating Income": -12804151.0,
        "Operating Expense": 12815253.0,
        "Research And Development": 5183253.0,
        "Selling General And Administration": 7632000.0,
        "General And Administrative Expense": 7632000.0,
        "Other Gand A": 3659000.0,
        "Salaries And Wages": 3973000.0,
        "Total Revenue": 11102.0,
        "Operating Revenue": 11102.0
    },
    "2022-06-30": {
        "Tax Effect Of Unusual Items": 0.0,
        "Tax Rate For Calcs": 0.0,
        "Normalized EBITDA": -13851187.0,
        "Net Income From Continuing Operation Net Minority Interest": -14588414.0,
        "Reconciled Depreciation": 452483.0,
        "EBITDA": -13851187.0,
        "EBIT": -14303670.0,
        "Normalized Income": -14588414.0,
        "Net Income From Continuing And Discontinued Operation": -14588414.0,
        "Total Expenses": 14303670.0,
        "Total Operating Income As Reported": -14304287.0,
        "Diluted Average Shares": 70391458.0,
        "Basic Average Shares": 70391458.0,
        "Diluted EPS": -0.21,
        "Basic EPS": -0.21,
        "Diluted NI Availto Com Stockholders": -14588414.0,
        "Net Income Common Stockholders": -14588414.0,
        "Otherunder Preferred Stock Dividend": 0.0,
        "Net Income": -14588414.0,
        "Net Income Including Noncontrolling Interests": -14588414.0,
        "Net Income Continuous Operations": -14588414.0,
        "Tax Provision": 0.0,
        "Pretax Income": -14588414.0,
        "Other Income Expense": -284127.0,
        "Other Non Operating Income Expenses": -284127.0,
        "Operating Income": -14303670.0,
        "Operating Expense": 14303670.0,
        "Research And Development": 6046670.0,
        "Selling General And Administration": 8257000.0,
        "General And Administrative Expense": 8257000.0,
        "Other Gand A": 4397000.0,
        "Salaries And Wages": 3860000.0,
        "Total Revenue": 0.0,
        "Operating Revenue": 0.0
    },
    "2022-03-31": {
        "Diluted EPS": -0.23,
        "Total Revenue": 1,
        "Gross Profit": 1,
        "Operating Income": -16,
        "EBIT": -16,
        "Net Income": -16
    },
    "2021-12-31": {
        "Diluted EPS": -0.37,
        "Total Revenue": NaN,
        "Gross Profit": NaN,
        "Operating Income": -26,
        "EBIT": -26,
        "Net Income": -22
    },
    "2021-09-30": {
        "Diluted EPS": -0.17,
        "Total Revenue": NaN,
        "Gross Profit": NaN,
        "Operating Income": -12,
        "EBIT": -12,
        "Net Income": -11
    },
    "2021-06-30": {
        "Diluted EPS": -0.23,
        "Total Revenue": NaN,
        "Gross Profit": NaN,
        "Operating Income": -14,
        "EBIT": -14,
        "Net Income": -16
    },
    "2021-03-31": {
        "Diluted EPS": 2.53,
        "Total Revenue": 208,
        "Gross Profit": 208,
        "Operating Income": 177,
        "EBIT": 177,
        "Net Income": 169
    },
    "2020-12-31": {
        "Diluted EPS": -0.33,
        "Total Revenue": 6,
        "Gross Profit": 6,
        "Operating Income": -22,
        "EBIT": -22,
        "Net Income": -22
    },
    "2020-09-30": {
        "Diluted EPS": -0.28,
        "Total Revenue": 7,
        "Gross Profit": 7,
        "Operating Income": -16,
        "EBIT": -16,
        "Net Income": -16
    },
    "2020-06-30": {
        "Diluted EPS": -0.41,
        "Total Revenue": NaN,
        "Gross Profit": NaN,
        "Operating Income": -23,
        "EBIT": -23,
        "Net Income": -23
    },
    "2020-03-31": {
        "Diluted EPS": -0.37,
        "Total Revenue": NaN,
        "Gross Profit": NaN,
        "Operating Income": -20,
        "EBIT": -20,
        "Net Income": -20
    },
    "2019-12-31": {
        "Diluted EPS": -0.31,
        "Total Revenue": NaN,
        "Gross Profit": NaN,
        "Operating Income": -17,
        "EBIT": -17,
        "Net Income": -17
    },
    "2019-09-30": {
        "Diluted EPS": -0.43,
        "Total Revenue": NaN,
        "Gross Profit": NaN,
        "Operating Income": -17,
        "EBIT": -17,
        "Net Income": -17
    },
    "2019-06-30": {
        "Diluted EPS": -0.34,
        "Total Revenue": NaN,
        "Gross Profit": NaN,
        "Operating Income": -13,
        "EBIT": -13,
        "Net Income": -13
    },
    "2019-03-31": {
        "Diluted EPS": -0.46,
        "Total Revenue": NaN,
        "Gross Profit": NaN,
        "Operating Income": -14,
        "EBIT": -14,
        "Net Income": -14
    },
    "2018-12-31": {
        "Diluted EPS": -0.51,
        "Total Revenue": NaN,
        "Gross Profit": NaN,
        "Operating Income": -13,
        "EBIT": -13,
        "Net Income": -13
    },
    "2018-09-30": {
        "Diluted EPS": -0.53,
        "Total Revenue": NaN,
        "Gross Profit": NaN,
        "Operating Income": -13,
        "EBIT": -13,
        "Net Income": -13
    },
    "2018-06-30": {
        "Diluted EPS": -0.53,
        "Total Revenue": NaN,
        "Gross Profit": NaN,
        "Operating Income": -13,
        "EBIT": -13,
        "Net Income": -13
    },
    "2018-03-31": {
        "Diluted EPS": -0.54,
        "Total Revenue": NaN,
        "Gross Profit": NaN,
        "Operating Income": -13,
        "EBIT": -13,
        "Net Income": -13
    },
    "2017-12-31": {
        "Diluted EPS": 1.08,
        "Total Revenue": NaN,
        "Gross Profit": NaN,
        "Operating Income": -11,
        "EBIT": -11,
        "Net Income": -11
    },
    "2017-09-30": {
        "Diluted EPS": -0.38,
        "Total Revenue": NaN,
        "Gross Profit": NaN,
        "Operating Income": -9,
        "EBIT": -9,
        "Net Income": -9
    },
    "2017-06-30": {
        "Diluted EPS": -0.57,
        "Total Revenue": NaN,
        "Gross Profit": NaN,
        "Operating Income": -10,
        "EBIT": -10,
        "Net Income": -10
    },
    "2017-03-31": {
        "Diluted EPS": -3.48,
        "Total Revenue": NaN,
        "Gross Profit": NaN,
        "Operating Income": -34,
        "EBIT": -34,
        "Net Income": -34
    },
    "2016-12-31": {
        "Diluted EPS": -0.77,
        "Total Revenue": NaN,
        "Gross Profit": NaN,
        "Operating Income": -8,
        "EBIT": -8,
        "Net Income": -8
    },
    "2016-09-30": {
        "Diluted EPS": -0.59,
        "Total Revenue": NaN,
        "Gross Profit": NaN,
        "Operating Income": -6,
        "EBIT": -6,
        "Net Income": -6
    },
    "2016-06-30": {
        "Diluted EPS": -0.55,
        "Total Revenue": NaN,
        "Gross Profit": NaN,
        "Operating Income": -5,
        "EBIT": -5,
        "Net Income": -5
    },
    "2016-03-31": {
        "Diluted EPS": -0.37,
        "Total Revenue": NaN,
        "Gross Profit": NaN,
        "Operating Income": -4,
        "EBIT": -4,
        "Net Income": -4
    },
    "2015-12-31": {
        "Diluted EPS": 0.0,
        "Total Revenue": NaN,
        "Gross Profit": NaN,
        "Operating Income": NaN,
        "EBIT": NaN,
        "Net Income": NaN
    },
    "2023-06-30": {
        "Tax Effect Of Unusual Items": NaN,
        "Tax Rate For Calcs": NaN,
        "Normalized EBITDA": NaN,
        "Net Income From Continuing Operation Net Minority Interest": NaN,
        "Reconciled Depreciation": NaN,
        "EBITDA": NaN,
        "EBIT": NaN,
        "Normalized Income": NaN,
        "Net Income From Continuing And Discontinued Operation": NaN,
        "Total Expenses": NaN,
        "Total Operating Income As Reported": NaN,
        "Diluted Average Shares": 70534181.0,
        "Basic Average Shares": 70534181.0,
        "Diluted EPS": -0.18,
        "Basic EPS": -0.18,
        "Diluted NI Availto Com Stockholders": NaN,
        "Net Income Common Stockholders": NaN,
        "Otherunder Preferred Stock Dividend": NaN,
        "Net Income": NaN,
        "Net Income Including Noncontrolling Interests": NaN,
        "Net Income Continuous Operations": NaN,
        "Tax Provision": NaN,
        "Pretax Income": NaN,
        "Other Income Expense": NaN,
        "Other Non Operating Income Expenses": 1764000.0,
        "Operating Income": NaN,
        "Operating Expense": NaN,
        "Research And Development": NaN,
        "Selling General And Administration": NaN,
        "General And Administrative Expense": NaN,
        "Other Gand A": NaN,
        "Salaries And Wages": NaN,
        "Total Revenue": NaN,
        "Operating Revenue": NaN
    },
    "2023-09-30": {
        "Tax Effect Of Unusual Items": 0.0,
        "Tax Rate For Calcs": 0.0,
        "Normalized EBITDA": -11883000.0,
        "Net Income From Continuing Operation Net Minority Interest": -11253000.0,
        "Reconciled Depreciation": 146000.0,
        "EBITDA": -11883000.0,
        "EBIT": -12029000.0,
        "Normalized Income": -11253000.0,
        "Net Income From Continuing And Discontinued Operation": -11253000.0,
        "Total Expenses": 12138000.0,
        "Total Operating Income As Reported": -12029000.0,
        "Diluted Average Shares": 70618609.0,
        "Basic Average Shares": 70618609.0,
        "Diluted EPS": -0.16,
        "Basic EPS": -0.16,
        "Diluted NI Availto Com Stockholders": -11253000.0,
        "Net Income Common Stockholders": -11253000.0,
        "Otherunder Preferred Stock Dividend": 0.0,
        "Net Income": -11253000.0,
        "Net Income Including Noncontrolling Interests": -11253000.0,
        "Net Income Continuous Operations": -11253000.0,
        "Tax Provision": 0.0,
        "Pretax Income": -11253000.0,
        "Other Income Expense": 776000.0,
        "Other Non Operating Income Expenses": 776000.0,
        "Operating Income": -12029000.0,
        "Operating Expense": 12138000.0,
        "Research And Development": 5333000.0,
        "Selling General And Administration": 6805000.0,
        "General And Administrative Expense": 6805000.0,
        "Other Gand A": 3238000.0,
        "Salaries And Wages": 3567000.0,
        "Total Revenue": 109000.0,
        "Operating Revenue": 109000.0
    },
    "2023-12-31": {
        "Tax Effect Of Unusual Items": 0.0,
        "Tax Rate For Calcs": 0.0,
        "Normalized EBITDA": -17788002.0,
        "Net Income From Continuing Operation Net Minority Interest": -15322034.0,
        "Reconciled Depreciation": 401392.0,
        "EBITDA": -17788002.0,
        "EBIT": -18189394.0,
        "Normalized Income": -15322034.0,
        "Net Income From Continuing And Discontinued Operation": -15322034.0,
        "Total Expenses": 18330957.0,
        "Total Operating Income As Reported": -18188346.0,
        "Diluted Average Shares": NaN,
        "Basic Average Shares": NaN,
        "Diluted EPS": NaN,
        "Basic EPS": NaN,
        "Diluted NI Availto Com Stockholders": -15322034.0,
        "Net Income Common Stockholders": -15322034.0,
        "Otherunder Preferred Stock Dividend": 0.0,
        "Net Income": -15322034.0,
        "Net Income Including Noncontrolling Interests": -15322034.0,
        "Net Income Continuous Operations": -15322034.0,
        "Tax Provision": 0.0,
        "Pretax Income": -15322034.0,
        "Other Income Expense": -2076193.0,
        "Other Non Operating Income Expenses": NaN,
        "Operating Income": -18189394.0,
        "Operating Expense": 18330957.0,
        "Research And Development": 10641957.0,
        "Selling General And Administration": 7689000.0,
        "General And Administrative Expense": 7689000.0,
        "Other Gand A": 3901000.0,
        "Salaries And Wages": 3788000.0,
        "Total Revenue": 141563.0,
        "Operating Revenue": 141563.0
    },
    "2024-03-31": {
        "Tax Effect Of Unusual Items": 0.0,
        "Tax Rate For Calcs": 0.0,
        "Normalized EBITDA": -17015000.0,
        "Net Income From Continuing Operation Net Minority Interest": -11694000.0,
        "Reconciled Depreciation": 402000.0,
        "EBITDA": -17015000.0,
        "EBIT": -17417000.0,
        "Normalized Income": -11694000.0,
        "Net Income From Continuing And Discontinued Operation": -11694000.0,
        "Total Expenses": 17565000.0,
        "Total Operating Income As Reported": -17417000.0,
        "Diluted Average Shares": 70716929.0,
        "Basic Average Shares": 70716929.0,
        "Diluted EPS": -0.17,
        "Basic EPS": -0.17,
        "Diluted NI Availto Com Stockholders": -11694000.0,
        "Net Income Common Stockholders": -11694000.0,
        "Otherunder Preferred Stock Dividend": 0.0,
        "Net Income": -11694000.0,
        "Net Income Including Noncontrolling Interests": -11694000.0,
        "Net Income Continuous Operations": -11694000.0,
        "Tax Provision": 0.0,
        "Pretax Income": -11694000.0,
        "Other Income Expense": 5723000.0,
        "Other Non Operating Income Expenses": 5723000.0,
        "Operating Income": -17417000.0,
        "Operating Expense": 17565000.0,
        "Research And Development": 10397000.0,
        "Selling General And Administration": 7168000.0,
        "General And Administrative Expense": 7168000.0,
        "Other Gand A": 3277000.0,
        "Salaries And Wages": 3891000.0,
        "Total Revenue": 148000.0,
        "Operating Revenue": 148000.0
    },
    "2024-06-30": {
        "Tax Effect Of Unusual Items": 0.0,
        "Tax Rate For Calcs": 0.0,
        "Normalized EBITDA": -20517000.0,
        "Net Income From Continuing Operation Net Minority Interest": 8521000.0,
        "Reconciled Depreciation": -118000.0,
        "EBITDA": -20517000.0,
        "EBIT": -20517000.0,
        "Normalized Income": 8521000.0,
        "Net Income From Continuing And Discontinued Operation": 8521000.0,
        "Total Expenses": 20686000.0,
        "Total Operating Income As Reported": -20517000.0,
        "Diluted Average Shares": 71200798.0,
        "Basic Average Shares": 70916471.0,
        "Diluted EPS": 0.12,
        "Basic EPS": 0.12,
        "Diluted NI Availto Com Stockholders": 8371000.0,
        "Net Income Common Stockholders": 8371000.0,
        "Otherunder Preferred Stock Dividend": 150000.0,
        "Net Income": 8521000.0,
        "Net Income Including Noncontrolling Interests": 8521000.0,
        "Net Income Continuous Operations": 8521000.0,
        "Tax Provision": 0.0,
        "Pretax Income": 8521000.0,
        "Other Income Expense": 29038000.0,
        "Other Non Operating Income Expenses": 29038000.0,
        "Operating Income": -20517000.0,
        "Operating Expense": 20686000.0,
        "Research And Development": 12582000.0,
        "Selling General And Administration": 8104000.0,
        "General And Administrative Expense": 8104000.0,
        "Other Gand A": 3268000.0,
        "Salaries And Wages": 4836000.0,
        "Total Revenue": 169000.0,
        "Operating Revenue": 169000.0
    },
    "2024-09-30": {
        "Tax Effect Of Unusual Items": 0.0,
        "Tax Rate For Calcs": 0.0,
        "Normalized EBITDA": -13057000.0,
        "Net Income From Continuing Operation Net Minority Interest": -14006000.0,
        "Reconciled Depreciation": 169000.0,
        "EBITDA": -13057000.0,
        "EBIT": -13226000.0,
        "Normalized Income": -14006000.0,
        "Net Income From Continuing And Discontinued Operation": -14006000.0,
        "Total Expenses": 13399000.0,
        "Total Operating Income As Reported": -13226000.0,
        "Diluted Average Shares": 70975778.0,
        "Basic Average Shares": 70975778.0,
        "Diluted EPS": -0.2,
        "Basic EPS": -0.2,
        "Diluted NI Availto Com Stockholders": -14006000.0,
        "Net Income Common Stockholders": -14006000.0,
        "Otherunder Preferred Stock Dividend": 0.0,
        "Net Income": -14006000.0,
        "Net Income Including Noncontrolling Interests": -14006000.0,
        "Net Income Continuous Operations": -14006000.0,
        "Tax Provision": 0.0,
        "Pretax Income": -14006000.0,
        "Other Income Expense": -780000.0,
        "Other Non Operating Income Expenses": -780000.0,
        "Operating Income": -13226000.0,
        "Operating Expense": 13399000.0,
        "Research And Development": 7855000.0,
        "Selling General And Administration": 5544000.0,
        "General And Administrative Expense": 5544000.0,
        "Other Gand A": 2837000.0,
        "Salaries And Wages": 2707000.0,
        "Total Revenue": 173000.0,
        "Operating Revenue": 173000.0
    }
}