{
    "2023-06-30": {
        "Tax Effect Of Unusual Items": NaN,
        "Tax Rate For Calcs": NaN,
        "Normalized EBITDA": NaN,
        "Total Unusual Items": NaN,
        "Total Unusual Items Excluding Goodwill": NaN,
        "Net Income From Continuing Operation Net Minority Interest": NaN,
        "Reconciled Depreciation": NaN,
        "Reconciled Cost Of Revenue": NaN,
        "EBITDA": NaN,
        "EBIT": NaN,
        "Net Interest Income": NaN,
        "Interest Expense": NaN,
        "Interest Income": NaN,
        "Normalized Income": NaN,
        "Net Income From Continuing And Discontinued Operation": NaN,
        "Total Expenses": NaN,
        "Rent Expense Supplemental": NaN,
        "Total Operating Income As Reported": NaN,
        "Diluted Average Shares": 250800000.0,
        "Basic Average Shares": 249400000.0,
        "Diluted EPS": 1.34,
        "Basic EPS": 1.35,
        "Diluted NI Availto Com Stockholders": NaN,
        "Net Income Common Stockholders": NaN,
        "Net Income": NaN,
        "Net Income Including Noncontrolling Interests": NaN,
        "Net Income Continuous Operations": NaN,
        "Tax Provision": NaN,
        "Pretax Income": NaN,
        "Other Income Expense": NaN,
        "Other Non Operating Income Expenses": NaN,
        "Special Income Charges": NaN,
        "Restructuring And Mergern Acquisition": NaN,
        "Gain On Sale Of Security": NaN,
        "Net Non Operating Interest Income Expense": NaN,
        "Interest Expense Non Operating": NaN,
        "Interest Income Non Operating": NaN,
        "Operating Income": NaN,
        "Operating Expense": NaN,
        "Other Operating Expenses": NaN,
        "Provision For Doubtful Accounts": 0.0,
        "Selling General And Administration": NaN,
        "General And Administrative Expense": NaN,
        "Other Gand A": NaN,
        "Rent And Landing Fees": NaN,
        "Salaries And Wages": NaN,
        "Gross Profit": NaN,
        "Cost Of Revenue": NaN,
        "Total Revenue": NaN,
        "Operating Revenue": NaN
    },
    "2023-03-31": {
        "Tax Effect Of Unusual Items": NaN,
        "Tax Rate For Calcs": NaN,
        "Normalized EBITDA": NaN,
        "Total Unusual Items": NaN,
        "Total Unusual Items Excluding Goodwill": NaN,
        "Net Income From Continuing Operation Net Minority Interest": NaN,
        "Reconciled Depreciation": NaN,
        "Reconciled Cost Of Revenue": NaN,
        "EBITDA": NaN,
        "EBIT": NaN,
        "Net Interest Income": NaN,
        "Interest Expense": NaN,
        "Interest Income": NaN,
        "Normalized Income": NaN,
        "Net Income From Continuing And Discontinued Operation": NaN,
        "Total Expenses": NaN,
        "Rent Expense Supplemental": NaN,
        "Total Operating Income As Reported": NaN,
        "Diluted Average Shares": 247700000.0,
        "Basic Average Shares": 244300000.0,
        "Diluted EPS": 1.97,
        "Basic EPS": 1.99,
        "Diluted NI Availto Com Stockholders": NaN,
        "Net Income Common Stockholders": NaN,
        "Net Income": NaN,
        "Net Income Including Noncontrolling Interests": NaN,
        "Net Income Continuous Operations": NaN,
        "Tax Provision": NaN,
        "Pretax Income": NaN,
        "Other Income Expense": NaN,
        "Other Non Operating Income Expenses": NaN,
        "Special Income Charges": -6000000.0,
        "Restructuring And Mergern Acquisition": 6000000.0,
        "Gain On Sale Of Security": 3000000.0,
        "Net Non Operating Interest Income Expense": NaN,
        "Interest Expense Non Operating": NaN,
        "Interest Income Non Operating": NaN,
        "Operating Income": NaN,
        "Operating Expense": NaN,
        "Other Operating Expenses": NaN,
        "Provision For Doubtful Accounts": NaN,
        "Selling General And Administration": NaN,
        "General And Administrative Expense": NaN,
        "Other Gand A": NaN,
        "Rent And Landing Fees": NaN,
        "Salaries And Wages": NaN,
        "Gross Profit": NaN,
        "Cost Of Revenue": NaN,
        "Total Revenue": NaN,
        "Operating Revenue": NaN
    },
    "2022-12-31": {
        "Tax Effect Of Unusual Items": NaN,
        "Tax Rate For Calcs": NaN,
        "Normalized EBITDA": NaN,
        "Total Unusual Items": NaN,
        "Total Unusual Items Excluding Goodwill": NaN,
        "Net Income From Continuing Operation Net Minority Interest": NaN,
        "Reconciled Depreciation": NaN,
        "Reconciled Cost Of Revenue": NaN,
        "EBITDA": NaN,
        "EBIT": NaN,
        "Net Interest Income": NaN,
        "Interest Expense": NaN,
        "Interest Income": NaN,
        "Normalized Income": NaN,
        "Net Income From Continuing And Discontinued Operation": NaN,
        "Total Expenses": NaN,
        "Rent Expense Supplemental": NaN,
        "Total Operating Income As Reported": NaN,
        "Diluted Average Shares": NaN,
        "Basic Average Shares": NaN,
        "Diluted EPS": NaN,
        "Basic EPS": NaN,
        "Diluted NI Availto Com Stockholders": NaN,
        "Net Income Common Stockholders": NaN,
        "Net Income": NaN,
        "Net Income Including Noncontrolling Interests": NaN,
        "Net Income Continuous Operations": NaN,
        "Tax Provision": NaN,
        "Pretax Income": NaN,
        "Other Income Expense": NaN,
        "Other Non Operating Income Expenses": NaN,
        "Special Income Charges": NaN,
        "Restructuring And Mergern Acquisition": NaN,
        "Gain On Sale Of Security": NaN,
        "Net Non Operating Interest Income Expense": NaN,
        "Interest Expense Non Operating": NaN,
        "Interest Income Non Operating": NaN,
        "Operating Income": NaN,
        "Operating Expense": NaN,
        "Other Operating Expenses": NaN,
        "Provision For Doubtful Accounts": -3000000.0,
        "Selling General And Administration": NaN,
        "General And Administrative Expense": NaN,
        "Other Gand A": NaN,
        "Rent And Landing Fees": NaN,
        "Salaries And Wages": NaN,
        "Gross Profit": NaN,
        "Cost Of Revenue": NaN,
        "Total Revenue": NaN,
        "Operating Revenue": NaN
    },
    "2022-09-30": {
        "Tax Effect Of Unusual Items": NaN,
        "Tax Rate For Calcs": NaN,
        "Normalized EBITDA": NaN,
        "Total Unusual Items": NaN,
        "Total Unusual Items Excluding Goodwill": NaN,
        "Net Income From Continuing Operation Net Minority Interest": NaN,
        "Reconciled Depreciation": NaN,
        "Reconciled Cost Of Revenue": NaN,
        "EBITDA": NaN,
        "EBIT": NaN,
        "Net Interest Income": NaN,
        "Interest Expense": NaN,
        "Interest Income": NaN,
        "Normalized Income": NaN,
        "Net Income From Continuing And Discontinued Operation": NaN,
        "Total Expenses": NaN,
        "Total Operating Income As Reported": NaN,
        "Diluted Average Shares": 256200000.0,
        "Basic Average Shares": 252500000.0,
        "Diluted EPS": 4.63,
        "Basic EPS": 4.7,
        "Diluted NI Availto Com Stockholders": NaN,
        "Net Income Common Stockholders": NaN,
        "Net Income": NaN,
        "Net Income Including Noncontrolling Interests": NaN,
        "Net Income Continuous Operations": NaN,
        "Tax Provision": NaN,
        "Pretax Income": NaN,
        "Other Income Expense": NaN,
        "Other Non Operating Income Expenses": NaN,
        "Special Income Charges": 0.0,
        "Restructuring And Mergern Acquisition": 0.0,
        "Gain On Sale Of Security": NaN,
        "Net Non Operating Interest Income Expense": NaN,
        "Interest Expense Non Operating": NaN,
        "Interest Income Non Operating": NaN,
        "Operating Income": NaN,
        "Operating Expense": NaN,
        "Other Operating Expenses": NaN,
        "Provision For Doubtful Accounts": 0.0,
        "Selling General And Administration": NaN,
        "General And Administrative Expense": NaN,
        "Other Gand A": NaN,
        "Salaries And Wages": NaN,
        "Gross Profit": NaN,
        "Cost Of Revenue": NaN,
        "Total Revenue": NaN,
        "Operating Revenue": NaN
    },
    "2022-06-30": {
        "Tax Effect Of Unusual Items": -138000.0,
        "Tax Rate For Calcs": 0.046,
        "Normalized EBITDA": 1794000000.0,
        "Total Unusual Items": -3000000.0,
        "Total Unusual Items Excluding Goodwill": -3000000.0,
        "Net Income From Continuing Operation Net Minority Interest": 1357000000.0,
        "Reconciled Depreciation": 278000000.0,
        "Reconciled Cost Of Revenue": 1511000000.0,
        "EBITDA": 1791000000.0,
        "EBIT": 1513000000.0,
        "Net Interest Income": -91000000.0,
        "Interest Expense": 91000000.0,
        "Normalized Income": 1359862000.0,
        "Net Income From Continuing And Discontinued Operation": 1357000000.0,
        "Total Expenses": 2220000000.0,
        "Total Operating Income As Reported": 1516000000.0,
        "Diluted Average Shares": 260600000.0,
        "Basic Average Shares": 257200000.0,
        "Diluted EPS": 5.21,
        "Basic EPS": 5.28,
        "Diluted NI Availto Com Stockholders": 1357000000.0,
        "Net Income Common Stockholders": 1357000000.0,
        "Net Income": 1357000000.0,
        "Net Income Including Noncontrolling Interests": 1357000000.0,
        "Net Income Continuous Operations": 1357000000.0,
        "Tax Provision": 65000000.0,
        "Pretax Income": 1422000000.0,
        "Other Income Expense": -3000000.0,
        "Other Non Operating Income Expenses": NaN,
        "Special Income Charges": 0.0,
        "Restructuring And Mergern Acquisition": 0.0,
        "Gain On Sale Of Security": -3000000.0,
        "Net Non Operating Interest Income Expense": -91000000.0,
        "Interest Expense Non Operating": 91000000.0,
        "Operating Income": 1516000000.0,
        "Operating Expense": 709000000.0,
        "Other Operating Expenses": 249000000.0,
        "Provision For Doubtful Accounts": NaN,
        "Selling General And Administration": 460000000.0,
        "General And Administrative Expense": 460000000.0,
        "Other Gand A": 453000000.0,
        "Salaries And Wages": 7000000.0,
        "Gross Profit": 2225000000.0,
        "Cost Of Revenue": 1511000000.0,
        "Total Revenue": 3736000000.0,
        "Operating Revenue": 3736000000.0
    },
    "2022-03-31": {
        "Diluted EPS": -0.94,
        "Total Revenue": NaN,
        "Gross Profit": 213,
        "Operating Income": -200,
        "EBIT": 64,
        "Net Income": -241
    },
    "2021-12-31": {
        "Diluted EPS": 5.23,
        "Total Revenue": NaN,
        "Gross Profit": NaN,
        "Operating Income": NaN,
        "EBIT": NaN,
        "Net Income": NaN
    },
    "2021-09-30": {
        "Diluted EPS": -0.28,
        "Total Revenue": NaN,
        "Gross Profit": 403,
        "Operating Income": NaN,
        "EBIT": 297,
        "Net Income": -72
    },
    "2021-06-30": {
        "Diluted EPS": -0.79,
        "Total Revenue": NaN,
        "Gross Profit": 319,
        "Operating Income": -121,
        "EBIT": 190,
        "Net Income": -205
    },
    "2021-03-31": {
        "Diluted EPS": 1.16,
        "Total Revenue": NaN,
        "Gross Profit": 631,
        "Operating Income": 195,
        "EBIT": 503,
        "Net Income": 309
    },
    "2020-12-31": {
        "Diluted EPS": -2.37,
        "Total Revenue": NaN,
        "Gross Profit": 628,
        "Operating Income": -591,
        "EBIT": -190,
        "Net Income": -614
    },
    "2020-09-30": {
        "Diluted EPS": -5.85,
        "Total Revenue": NaN,
        "Gross Profit": 323,
        "Operating Income": NaN,
        "EBIT": NaN,
        "Net Income": NaN
    },
    "2020-06-30": {
        "Diluted EPS": -16.87,
        "Total Revenue": 726,
        "Gross Profit": -142,
        "Operating Income": NaN,
        "EBIT": NaN,
        "Net Income": NaN
    },
    "2020-03-31": {
        "Diluted EPS": 1.62,
        "Total Revenue": NaN,
        "Gross Profit": NaN,
        "Operating Income": 759,
        "EBIT": NaN,
        "Net Income": 421
    },
    "2019-12-31": {
        "Diluted EPS": 0.12,
        "Total Revenue": NaN,
        "Gross Profit": 642,
        "Operating Income": -28,
        "EBIT": 533,
        "Net Income": -6
    },
    "2019-09-30": {
        "Diluted EPS": 0.56,
        "Total Revenue": NaN,
        "Gross Profit": 950,
        "Operating Income": 315,
        "EBIT": 860,
        "Net Income": 149
    },
    "2019-06-30": {
        "Diluted EPS": 1.22,
        "Total Revenue": NaN,
        "Gross Profit": NaN,
        "Operating Income": 538,
        "EBIT": NaN,
        "Net Income": 336
    },
    "2019-03-31": {
        "Diluted EPS": -1.0,
        "Total Revenue": NaN,
        "Gross Profit": 386,
        "Operating Income": -227,
        "EBIT": 150,
        "Net Income": -245
    },
    "2018-12-31": {
        "Diluted EPS": 5.37,
        "Total Revenue": NaN,
        "Gross Profit": NaN,
        "Operating Income": NaN,
        "EBIT": NaN,
        "Net Income": NaN
    },
    "2018-09-30": {
        "Diluted EPS": 0.2,
        "Total Revenue": NaN,
        "Gross Profit": 533,
        "Operating Income": 119,
        "EBIT": 468,
        "Net Income": 39
    },
    "2018-06-30": {
        "Diluted EPS": -0.8,
        "Total Revenue": 983,
        "Gross Profit": 291,
        "Operating Income": -116,
        "EBIT": 184,
        "Net Income": -151
    },
    "2018-03-31": {
        "Diluted EPS": 0.8,
        "Total Revenue": NaN,
        "Gross Profit": 651,
        "Operating Income": 337,
        "EBIT": 612,
        "Net Income": 151
    },
    "2017-12-31": {
        "Diluted EPS": -1.15,
        "Total Revenue": NaN,
        "Gross Profit": 598,
        "Operating Income": 262,
        "EBIT": 505,
        "Net Income": -229
    },
    "2017-09-30": {
        "Diluted EPS": 1.5,
        "Total Revenue": 861,
        "Gross Profit": 301,
        "Operating Income": -4,
        "EBIT": 206,
        "Net Income": 294
    },
    "2017-06-30": {
        "Diluted EPS": 1.7,
        "Total Revenue": NaN,
        "Gross Profit": 548,
        "Operating Income": 321,
        "EBIT": 514,
        "Net Income": 331
    },
    "2017-03-31": {
        "Diluted EPS": 2.2,
        "Total Revenue": NaN,
        "Gross Profit": 745,
        "Operating Income": 489,
        "EBIT": 676,
        "Net Income": 431
    },
    "2016-12-31": {
        "Diluted EPS": -1.4,
        "Total Revenue": 822,
        "Gross Profit": 221,
        "Operating Income": -54,
        "EBIT": 130,
        "Net Income": -281
    },
    "2016-09-30": {
        "Diluted EPS": 1.85,
        "Total Revenue": 979,
        "Gross Profit": 415,
        "Operating Income": 128,
        "EBIT": 312,
        "Net Income": 317
    },
    "2016-06-30": {
        "Diluted EPS": -3.55,
        "Total Revenue": 364,
        "Gross Profit": -124,
        "Operating Income": -912,
        "EBIT": -682,
        "Net Income": -601
    },
    "2016-03-31": {
        "Diluted EPS": -2.25,
        "Total Revenue": 753,
        "Gross Profit": 222,
        "Operating Income": NaN,
        "EBIT": -782,
        "Net Income": -379
    },
    "2015-12-31": {
        "Diluted EPS": -3.6,
        "Total Revenue": NaN,
        "Gross Profit": 468,
        "Operating Income": -682,
        "EBIT": -406,
        "Net Income": -612
    },
    "2015-09-30": {
        "Diluted EPS": -7.35,
        "Total Revenue": NaN,
        "Gross Profit": 716,
        "Operating Income": NaN,
        "EBIT": NaN,
        "Net Income": NaN
    },
    "2015-06-30": {
        "Diluted EPS": -9.55,
        "Total Revenue": 830,
        "Gross Profit": 216,
        "Operating Income": NaN,
        "EBIT": NaN,
        "Net Income": NaN
    },
    "2015-03-31": {
        "Diluted EPS": -11.25,
        "Total Revenue": NaN,
        "Gross Profit": 580,
        "Operating Income": NaN,
        "EBIT": NaN,
        "Net Income": NaN
    },
    "2014-12-31": {
        "Diluted EPS": 1.35,
        "Total Revenue": NaN,
        "Gross Profit": NaN,
        "Operating Income": 776,
        "EBIT": NaN,
        "Net Income": 198
    },
    "2014-09-30": {
        "Diluted EPS": 18.95,
        "Total Revenue": NaN,
        "Gross Profit": NaN,
        "Operating Income": 689,
        "EBIT": NaN,
        "Net Income": NaN
    },
    "2014-06-30": {
        "Diluted EPS": 1.85,
        "Total Revenue": NaN,
        "Gross Profit": 835,
        "Operating Income": 337,
        "EBIT": 763,
        "Net Income": 271
    },
    "2014-03-31": {
        "Diluted EPS": 0.8,
        "Total Revenue": NaN,
        "Gross Profit": NaN,
        "Operating Income": 529,
        "EBIT": 947,
        "Net Income": 116
    },
    "2013-12-31": {
        "Diluted EPS": -1.7,
        "Total Revenue": NaN,
        "Gross Profit": 127,
        "Operating Income": -7,
        "EBIT": 381,
        "Net Income": -251
    },
    "2013-09-30": {
        "Diluted EPS": 1.25,
        "Total Revenue": NaN,
        "Gross Profit": 691,
        "Operating Income": 209,
        "EBIT": 597,
        "Net Income": 188
    },
    "2013-06-30": {
        "Diluted EPS": 4.95,
        "Total Revenue": NaN,
        "Gross Profit": NaN,
        "Operating Income": 804,
        "EBIT": NaN,
        "Net Income": 730
    },
    "2013-03-31": {
        "Diluted EPS": -2.95,
        "Total Revenue": NaN,
        "Gross Profit": 602,
        "Operating Income": -136,
        "EBIT": 259,
        "Net Income": -431
    },
    "2012-12-31": {
        "Diluted EPS": -0.55,
        "Total Revenue": NaN,
        "Gross Profit": NaN,
        "Operating Income": 473,
        "EBIT": 918,
        "Net Income": -80
    },
    "2012-09-30": {
        "Diluted EPS": -8.45,
        "Total Revenue": NaN,
        "Gross Profit": 643,
        "Operating Income": -163,
        "EBIT": 289,
        "Net Income": NaN
    },
    "2012-06-30": {
        "Diluted EPS": -10.05,
        "Total Revenue": 731,
        "Gross Profit": 353,
        "Operating Income": -421,
        "EBIT": 51,
        "Net Income": NaN
    },
    "2012-03-31": {
        "Diluted EPS": 0.1,
        "Total Revenue": NaN,
        "Gross Profit": NaN,
        "Operating Income": 444,
        "EBIT": NaN,
        "Net Income": 12
    },
    "2011-12-31": {
        "Diluted EPS": -1.65,
        "Total Revenue": NaN,
        "Gross Profit": NaN,
        "Operating Income": 738,
        "EBIT": NaN,
        "Net Income": -246
    },
    "2011-09-30": {
        "Diluted EPS": 0.8,
        "Total Revenue": NaN,
        "Gross Profit": NaN,
        "Operating Income": 719,
        "EBIT": NaN,
        "Net Income": 120
    },
    "2011-06-30": {
        "Diluted EPS": 1.05,
        "Total Revenue": NaN,
        "Gross Profit": NaN,
        "Operating Income": 194,
        "EBIT": NaN,
        "Net Income": 176
    },
    "2011-03-31": {
        "Diluted EPS": 0.55,
        "Total Revenue": NaN,
        "Gross Profit": NaN,
        "Operating Income": -33,
        "EBIT": 781,
        "Net Income": 78
    },
    "2010-12-31": {
        "Diluted EPS": -0.3,
        "Total Revenue": NaN,
        "Gross Profit": 144,
        "Operating Income": -199,
        "EBIT": 619,
        "Net Income": -42
    },
    "2010-09-30": {
        "Diluted EPS": 3.85,
        "Total Revenue": NaN,
        "Gross Profit": NaN,
        "Operating Income": 804,
        "EBIT": NaN,
        "Net Income": 569
    },
    "2010-06-30": {
        "Diluted EPS": -3.4,
        "Total Revenue": NaN,
        "Gross Profit": NaN,
        "Operating Income": -124,
        "EBIT": 690,
        "Net Income": -505
    },
    "2010-03-31": {
        "Diluted EPS": 9.85,
        "Total Revenue": NaN,
        "Gross Profit": NaN,
        "Operating Income": NaN,
        "EBIT": NaN,
        "Net Income": NaN
    },
    "2009-12-31": {
        "Diluted EPS": 4.25,
        "Total Revenue": NaN,
        "Gross Profit": NaN,
        "Operating Income": NaN,
        "EBIT": NaN,
        "Net Income": 636
    },
    "2009-09-30": {
        "Diluted EPS": 0.15,
        "Total Revenue": NaN,
        "Gross Profit": NaN,
        "Operating Income": 103,
        "EBIT": NaN,
        "Net Income": 25
    },
    "2009-06-30": {
        "Diluted EPS": 1.6,
        "Total Revenue": NaN,
        "Gross Profit": NaN,
        "Operating Income": 412,
        "EBIT": NaN,
        "Net Income": 239
    },
    "2009-03-31": {
        "Diluted EPS": 6.4,
        "Total Revenue": NaN,
        "Gross Profit": NaN,
        "Operating Income": NaN,
        "EBIT": NaN,
        "Net Income": 962
    },
    "2023-09-30": {
        "Tax Effect Of Unusual Items": NaN,
        "Tax Rate For Calcs": NaN,
        "Normalized EBITDA": NaN,
        "Total Unusual Items": NaN,
        "Total Unusual Items Excluding Goodwill": NaN,
        "Net Income From Continuing Operation Net Minority Interest": NaN,
        "Reconciled Depreciation": NaN,
        "Reconciled Cost Of Revenue": NaN,
        "EBITDA": NaN,
        "EBIT": NaN,
        "Net Interest Income": NaN,
        "Interest Expense": NaN,
        "Interest Income": 7000000.0,
        "Normalized Income": NaN,
        "Net Income From Continuing And Discontinued Operation": NaN,
        "Total Expenses": NaN,
        "Rent Expense Supplemental": 29000000.0,
        "Total Operating Income As Reported": NaN,
        "Diluted Average Shares": 276300000.0,
        "Basic Average Shares": 273700000.0,
        "Diluted EPS": 1.47,
        "Basic EPS": 1.48,
        "Diluted NI Availto Com Stockholders": NaN,
        "Net Income Common Stockholders": NaN,
        "Net Income": NaN,
        "Net Income Including Noncontrolling Interests": NaN,
        "Net Income Continuous Operations": NaN,
        "Tax Provision": NaN,
        "Pretax Income": NaN,
        "Other Income Expense": NaN,
        "Other Non Operating Income Expenses": NaN,
        "Special Income Charges": NaN,
        "Impairment Of Capital Assets": NaN,
        "Restructuring And Mergern Acquisition": NaN,
        "Gain On Sale Of Security": NaN,
        "Net Non Operating Interest Income Expense": NaN,
        "Interest Expense Non Operating": NaN,
        "Interest Income Non Operating": 7000000.0,
        "Operating Income": NaN,
        "Operating Expense": NaN,
        "Other Operating Expenses": NaN,
        "Provision For Doubtful Accounts": 0.0,
        "Selling General And Administration": NaN,
        "General And Administrative Expense": NaN,
        "Other Gand A": NaN,
        "Rent And Landing Fees": 29000000.0,
        "Salaries And Wages": NaN,
        "Gross Profit": NaN,
        "Cost Of Revenue": NaN,
        "Total Revenue": NaN,
        "Operating Revenue": NaN
    },
    "2023-12-31": {
        "Tax Effect Of Unusual Items": NaN,
        "Tax Rate For Calcs": NaN,
        "Normalized EBITDA": NaN,
        "Total Unusual Items": NaN,
        "Total Unusual Items Excluding Goodwill": NaN,
        "Net Income From Continuing Operation Net Minority Interest": NaN,
        "Reconciled Depreciation": NaN,
        "Reconciled Cost Of Revenue": NaN,
        "EBITDA": NaN,
        "EBIT": NaN,
        "Net Interest Income": NaN,
        "Interest Expense": NaN,
        "Normalized Income": NaN,
        "Net Income From Continuing And Discontinued Operation": NaN,
        "Total Expenses": NaN,
        "Rent Expense Supplemental": 28000000.0,
        "Total Operating Income As Reported": NaN,
        "Diluted Average Shares": NaN,
        "Basic Average Shares": NaN,
        "Diluted EPS": NaN,
        "Basic EPS": NaN,
        "Diluted NI Availto Com Stockholders": NaN,
        "Net Income Common Stockholders": NaN,
        "Net Income": NaN,
        "Net Income Including Noncontrolling Interests": NaN,
        "Net Income Continuous Operations": NaN,
        "Tax Provision": NaN,
        "Pretax Income": NaN,
        "Other Income Expense": NaN,
        "Other Non Operating Income Expenses": NaN,
        "Special Income Charges": NaN,
        "Impairment Of Capital Assets": NaN,
        "Restructuring And Mergern Acquisition": NaN,
        "Gain On Sale Of Security": NaN,
        "Net Non Operating Interest Income Expense": NaN,
        "Interest Expense Non Operating": NaN,
        "Operating Income": NaN,
        "Operating Expense": NaN,
        "Other Operating Expenses": NaN,
        "Provision For Doubtful Accounts": 0.0,
        "Selling General And Administration": NaN,
        "General And Administrative Expense": NaN,
        "Other Gand A": NaN,
        "Rent And Landing Fees": 28000000.0,
        "Salaries And Wages": NaN,
        "Gross Profit": NaN,
        "Cost Of Revenue": NaN,
        "Total Revenue": NaN,
        "Operating Revenue": NaN
    },
    "2024-03-31": {
        "Tax Effect Of Unusual Items": NaN,
        "Tax Rate For Calcs": NaN,
        "Normalized EBITDA": NaN,
        "Total Unusual Items": NaN,
        "Total Unusual Items Excluding Goodwill": NaN,
        "Net Income From Continuing Operation Net Minority Interest": NaN,
        "Reconciled Depreciation": NaN,
        "Reconciled Cost Of Revenue": NaN,
        "EBITDA": NaN,
        "EBIT": NaN,
        "Net Interest Income": NaN,
        "Interest Expense": NaN,
        "Normalized Income": NaN,
        "Net Income From Continuing And Discontinued Operation": NaN,
        "Total Expenses": NaN,
        "Rent Expense Supplemental": 29000000.0,
        "Total Operating Income As Reported": NaN,
        "Diluted Average Shares": NaN,
        "Basic Average Shares": NaN,
        "Diluted EPS": NaN,
        "Basic EPS": NaN,
        "Diluted NI Availto Com Stockholders": NaN,
        "Net Income Common Stockholders": NaN,
        "Net Income": NaN,
        "Net Income Including Noncontrolling Interests": NaN,
        "Net Income Continuous Operations": NaN,
        "Tax Provision": NaN,
        "Pretax Income": NaN,
        "Other Income Expense": NaN,
        "Other Non Operating Income Expenses": NaN,
        "Special Income Charges": NaN,
        "Impairment Of Capital Assets": 0.0,
        "Restructuring And Mergern Acquisition": NaN,
        "Gain On Sale Of Security": NaN,
        "Net Non Operating Interest Income Expense": NaN,
        "Interest Expense Non Operating": NaN,
        "Operating Income": NaN,
        "Operating Expense": NaN,
        "Other Operating Expenses": NaN,
        "Selling General And Administration": NaN,
        "General And Administrative Expense": NaN,
        "Other Gand A": NaN,
        "Rent And Landing Fees": 29000000.0,
        "Salaries And Wages": NaN,
        "Gross Profit": NaN,
        "Cost Of Revenue": NaN,
        "Total Revenue": NaN,
        "Operating Revenue": NaN
    },
    "2024-06-30": {
        "Tax Effect Of Unusual Items": NaN,
        "Tax Rate For Calcs": NaN,
        "Normalized EBITDA": NaN,
        "Total Unusual Items": NaN,
        "Total Unusual Items Excluding Goodwill": NaN,
        "Net Income From Continuing Operation Net Minority Interest": NaN,
        "Reconciled Depreciation": NaN,
        "Reconciled Cost Of Revenue": NaN,
        "EBITDA": NaN,
        "EBIT": NaN,
        "Net Interest Income": NaN,
        "Interest Expense": NaN,
        "Normalized Income": NaN,
        "Net Income From Continuing And Discontinued Operation": NaN,
        "Total Expenses": NaN,
        "Rent Expense Supplemental": 29000000.0,
        "Total Operating Income As Reported": NaN,
        "Diluted Average Shares": 268100000.0,
        "Basic Average Shares": 266200000.0,
        "Diluted EPS": 1.27,
        "Basic EPS": 1.28,
        "Diluted NI Availto Com Stockholders": NaN,
        "Net Income Common Stockholders": NaN,
        "Net Income": NaN,
        "Net Income Including Noncontrolling Interests": NaN,
        "Net Income Continuous Operations": NaN,
        "Tax Provision": NaN,
        "Pretax Income": NaN,
        "Other Income Expense": NaN,
        "Other Non Operating Income Expenses": NaN,
        "Special Income Charges": NaN,
        "Impairment Of Capital Assets": 0.0,
        "Restructuring And Mergern Acquisition": NaN,
        "Gain On Sale Of Security": NaN,
        "Net Non Operating Interest Income Expense": NaN,
        "Interest Expense Non Operating": NaN,
        "Operating Income": NaN,
        "Operating Expense": NaN,
        "Other Operating Expenses": NaN,
        "Selling General And Administration": NaN,
        "General And Administrative Expense": NaN,
        "Other Gand A": NaN,
        "Rent And Landing Fees": 29000000.0,
        "Salaries And Wages": NaN,
        "Gross Profit": NaN,
        "Cost Of Revenue": NaN,
        "Total Revenue": NaN,
        "Operating Revenue": NaN
    },
    "2024-09-30": {
        "Tax Effect Of Unusual Items": -1547000.0,
        "Tax Rate For Calcs": 0.091,
        "Normalized EBITDA": 1277000000.0,
        "Total Unusual Items": -17000000.0,
        "Total Unusual Items Excluding Goodwill": -17000000.0,
        "Net Income From Continuing Operation Net Minority Interest": 507000000.0,
        "Reconciled Depreciation": 599000000.0,
        "Reconciled Cost Of Revenue": 1077000000.0,
        "EBITDA": 1260000000.0,
        "EBIT": 661000000.0,
        "Net Interest Income": -103000000.0,
        "Interest Expense": 103000000.0,
        "Normalized Income": 522453000.0,
        "Net Income From Continuing And Discontinued Operation": 507000000.0,
        "Total Expenses": 1797000000.0,
        "Rent Expense Supplemental": 29000000.0,
        "Total Operating Income As Reported": 527000000.0,
        "Diluted Average Shares": 264000000.0,
        "Basic Average Shares": 262100000.0,
        "Diluted EPS": 1.92,
        "Basic EPS": 1.93,
        "Diluted NI Availto Com Stockholders": 507000000.0,
        "Net Income Common Stockholders": 507000000.0,
        "Net Income": 507000000.0,
        "Net Income Including Noncontrolling Interests": 507000000.0,
        "Net Income Continuous Operations": 507000000.0,
        "Tax Provision": 51000000.0,
        "Pretax Income": 558000000.0,
        "Other Income Expense": 134000000.0,
        "Other Non Operating Income Expenses": 151000000.0,
        "Special Income Charges": 0.0,
        "Impairment Of Capital Assets": NaN,
        "Restructuring And Mergern Acquisition": 0.0,
        "Gain On Sale Of Security": -17000000.0,
        "Net Non Operating Interest Income Expense": -103000000.0,
        "Interest Expense Non Operating": 103000000.0,
        "Operating Income": 527000000.0,
        "Operating Expense": 720000000.0,
        "Other Operating Expenses": 648000000.0,
        "Selling General And Administration": 72000000.0,
        "General And Administrative Expense": 72000000.0,
        "Other Gand A": 38000000.0,
        "Rent And Landing Fees": 29000000.0,
        "Salaries And Wages": 5000000.0,
        "Gross Profit": 1247000000.0,
        "Cost Of Revenue": 1077000000.0,
        "Total Revenue": 2324000000.0,
        "Operating Revenue": 2324000000.0
    },
    "2024-12-31": {
        "Tax Effect Of Unusual Items": -101430000.0,
        "Tax Rate For Calcs": 0.21,
        "Normalized EBITDA": 1033000000.0,
        "Total Unusual Items": -483000000.0,
        "Total Unusual Items Excluding Goodwill": -483000000.0,
        "Net Income From Continuing Operation Net Minority Interest": -60000000.0,
        "Reconciled Depreciation": 545000000.0,
        "Reconciled Cost Of Revenue": 1001000000.0,
        "EBITDA": 550000000.0,
        "EBIT": 5000000.0,
        "Net Interest Income": -106000000.0,
        "Interest Expense": 106000000.0,
        "Normalized Income": 321570000.0,
        "Net Income From Continuing And Discontinued Operation": -60000000.0,
        "Total Expenses": 1705000000.0,
        "Rent Expense Supplemental": NaN,
        "Total Operating Income As Reported": 2000000.0,
        "Diluted Average Shares": NaN,
        "Basic Average Shares": NaN,
        "Diluted EPS": NaN,
        "Basic EPS": NaN,
        "Diluted NI Availto Com Stockholders": -60000000.0,
        "Net Income Common Stockholders": -60000000.0,
        "Net Income": -60000000.0,
        "Net Income Including Noncontrolling Interests": -60000000.0,
        "Net Income Continuous Operations": -60000000.0,
        "Tax Provision": -41000000.0,
        "Pretax Income": -101000000.0,
        "Other Income Expense": -478000000.0,
        "Other Non Operating Income Expenses": 5000000.0,
        "Special Income Charges": -481000000.0,
        "Impairment Of Capital Assets": NaN,
        "Restructuring And Mergern Acquisition": 31000000.0,
        "Gain On Sale Of Security": -2000000.0,
        "Net Non Operating Interest Income Expense": -106000000.0,
        "Interest Expense Non Operating": 106000000.0,
        "Operating Income": 483000000.0,
        "Operating Expense": 704000000.0,
        "Other Operating Expenses": 620000000.0,
        "Selling General And Administration": 84000000.0,
        "General And Administrative Expense": 84000000.0,
        "Other Gand A": 159000000.0,
        "Rent And Landing Fees": NaN,
        "Salaries And Wages": 12000000.0,
        "Gross Profit": 1187000000.0,
        "Cost Of Revenue": 1001000000.0,
        "Total Revenue": 2188000000.0,
        "Operating Revenue": 2188000000.0
    },
    "2025-03-31": {
        "Tax Effect Of Unusual Items": -132000000.0,
        "Tax Rate For Calcs": 0.176,
        "Normalized EBITDA": 1199000000.0,
        "Total Unusual Items": -750000000.0,
        "Total Unusual Items Excluding Goodwill": -750000000.0,
        "Net Income From Continuing Operation Net Minority Interest": -159000000.0,
        "Reconciled Depreciation": 545000000.0,
        "Reconciled Cost Of Revenue": 1034000000.0,
        "EBITDA": 449000000.0,
        "EBIT": -96000000.0,
        "Net Interest Income": -97000000.0,
        "Interest Expense": 97000000.0,
        "Normalized Income": 459000000.0,
        "Net Income From Continuing And Discontinued Operation": -159000000.0,
        "Total Expenses": 1726000000.0,
        "Rent Expense Supplemental": NaN,
        "Total Operating Income As Reported": -89000000.0,
        "Diluted Average Shares": 260400000.0,
        "Basic Average Shares": 260400000.0,
        "Diluted EPS": -0.61,
        "Basic EPS": -0.61,
        "Diluted NI Availto Com Stockholders": -159000000.0,
        "Net Income Common Stockholders": -159000000.0,
        "Net Income": -159000000.0,
        "Net Income Including Noncontrolling Interests": -159000000.0,
        "Net Income Continuous Operations": -159000000.0,
        "Tax Provision": -34000000.0,
        "Pretax Income": -193000000.0,
        "Other Income Expense": -747000000.0,
        "Other Non Operating Income Expenses": 3000000.0,
        "Special Income Charges": -740000000.0,
        "Impairment Of Capital Assets": 730000000.0,
        "Restructuring And Mergern Acquisition": 10000000.0,
        "Gain On Sale Of Security": -10000000.0,
        "Net Non Operating Interest Income Expense": -97000000.0,
        "Interest Expense Non Operating": 97000000.0,
        "Operating Income": 651000000.0,
        "Operating Expense": 692000000.0,
        "Other Operating Expenses": 609000000.0,
        "Selling General And Administration": 83000000.0,
        "General And Administrative Expense": 83000000.0,
        "Other Gand A": 73000000.0,
        "Rent And Landing Fees": NaN,
        "Salaries And Wages": 10000000.0,
        "Gross Profit": 1343000000.0,
        "Cost Of Revenue": 1034000000.0,
        "Total Revenue": 2377000000.0,
        "Operating Revenue": 2377000000.0
    },
    "2025-06-30": {
        "Tax Effect Of Unusual Items": -5313000.0,
        "Tax Rate For Calcs": 0.231,
        "Normalized EBITDA": 1073000000.0,
        "Total Unusual Items": -23000000.0,
        "Total Unusual Items Excluding Goodwill": -23000000.0,
        "Net Income From Continuing Operation Net Minority Interest": 307000000.0,
        "Reconciled Depreciation": 556000000.0,
        "Reconciled Cost Of Revenue": 1069000000.0,
        "EBITDA": 1050000000.0,
        "EBIT": 494000000.0,
        "Net Interest Income": -95000000.0,
        "Interest Expense": 95000000.0,
        "Normalized Income": 324687000.0,
        "Net Income From Continuing And Discontinued Operation": 307000000.0,
        "Total Expenses": 1806000000.0,
        "Rent Expense Supplemental": NaN,
        "Total Operating Income As Reported": 511000000.0,
        "Diluted Average Shares": 260100000.0,
        "Basic Average Shares": 259000000.0,
        "Diluted EPS": 1.18,
        "Basic EPS": 1.19,
        "Diluted NI Availto Com Stockholders": 307000000.0,
        "Net Income Common Stockholders": 307000000.0,
        "Net Income": 307000000.0,
        "Net Income Including Noncontrolling Interests": 307000000.0,
        "Net Income Continuous Operations": 307000000.0,
        "Tax Provision": 92000000.0,
        "Pretax Income": 399000000.0,
        "Other Income Expense": -18000000.0,
        "Other Non Operating Income Expenses": 5000000.0,
        "Special Income Charges": -1000000.0,
        "Impairment Of Capital Assets": 0.0,
        "Restructuring And Mergern Acquisition": 1000000.0,
        "Gain On Sale Of Security": -22000000.0,
        "Net Non Operating Interest Income Expense": -95000000.0,
        "Interest Expense Non Operating": 95000000.0,
        "Operating Income": 512000000.0,
        "Operating Expense": 737000000.0,
        "Other Operating Expenses": 662000000.0,
        "Selling General And Administration": 75000000.0,
        "General And Administrative Expense": 75000000.0,
        "Other Gand A": 67000000.0,
        "Rent And Landing Fees": NaN,
        "Salaries And Wages": 8000000.0,
        "Gross Profit": 1249000000.0,
        "Cost Of Revenue": 1069000000.0,
        "Total Revenue": 2318000000.0,
        "Operating Revenue": 2318000000.0
    },
    "2025-09-30": {
        "Tax Effect Of Unusual Items": -30686000.0,
        "Tax Rate For Calcs": 0.229,
        "Normalized EBITDA": 962000000.0,
        "Total Unusual Items": -134000000.0,
        "Total Unusual Items Excluding Goodwill": -134000000.0,
        "Net Income From Continuing Operation Net Minority Interest": 148000000.0,
        "Reconciled Depreciation": 545000000.0,
        "Reconciled Cost Of Revenue": 895000000.0,
        "EBITDA": 828000000.0,
        "EBIT": 283000000.0,
        "Net Interest Income": -91000000.0,
        "Interest Expense": 91000000.0,
        "Normalized Income": 251314000.0,
        "Net Income From Continuing And Discontinued Operation": 148000000.0,
        "Total Expenses": 1652000000.0,
        "Rent Expense Supplemental": NaN,
        "Total Operating Income As Reported": 273000000.0,
        "Diluted Average Shares": 258100000.0,
        "Basic Average Shares": 256200000.0,
        "Diluted EPS": 0.57,
        "Basic EPS": 0.58,
        "Diluted NI Availto Com Stockholders": 148000000.0,
        "Net Income Common Stockholders": 148000000.0,
        "Net Income": 148000000.0,
        "Net Income Including Noncontrolling Interests": 148000000.0,
        "Net Income Continuous Operations": 148000000.0,
        "Tax Provision": 44000000.0,
        "Pretax Income": 192000000.0,
        "Other Income Expense": -131000000.0,
        "Other Non Operating Income Expenses": 3000000.0,
        "Special Income Charges": -141000000.0,
        "Impairment Of Capital Assets": 141000000.0,
        "Restructuring And Mergern Acquisition": 0.0,
        "Gain On Sale Of Security": 7000000.0,
        "Net Non Operating Interest Income Expense": -91000000.0,
        "Interest Expense Non Operating": 91000000.0,
        "Operating Income": 414000000.0,
        "Operating Expense": 757000000.0,
        "Other Operating Expenses": 679000000.0,
        "Selling General And Administration": 78000000.0,
        "General And Administrative Expense": 78000000.0,
        "Other Gand A": 68000000.0,
        "Rent And Landing Fees": NaN,
        "Salaries And Wages": 10000000.0,
        "Gross Profit": 1171000000.0,
        "Cost Of Revenue": 895000000.0,
        "Total Revenue": 2066000000.0,
        "Operating Revenue": 2066000000.0
    }
}