{
    "2023-03-31": {
        "Tax Effect Of Unusual Items": NaN,
        "Tax Rate For Calcs": NaN,
        "Net Income From Continuing Operation Net Minority Interest": NaN,
        "Reconciled Depreciation": NaN,
        "Interest Income": 0.0,
        "Normalized Income": NaN,
        "Net Income From Continuing And Discontinued Operation": NaN,
        "Total Expenses": NaN,
        "Diluted Average Shares": 5857643.0,
        "Basic Average Shares": 5857643.0,
        "Diluted EPS": 0.02,
        "Basic EPS": 0.02,
        "Diluted NI Availto Com Stockholders": NaN,
        "Net Income Common Stockholders": NaN,
        "Otherunder Preferred Stock Dividend": NaN,
        "Net Income": NaN,
        "Net Income Including Noncontrolling Interests": NaN,
        "Net Income Continuous Operations": NaN,
        "Pretax Income": NaN,
        "Selling General And Administration": NaN,
        "General And Administrative Expense": NaN,
        "Other Gand A": NaN,
        "Total Revenue": NaN,
        "Operating Revenue": NaN
    },
    "2022-12-31": {
        "Tax Effect Of Unusual Items": NaN,
        "Tax Rate For Calcs": NaN,
        "Net Income From Continuing Operation Net Minority Interest": NaN,
        "Reconciled Depreciation": NaN,
        "Interest Income": NaN,
        "Normalized Income": NaN,
        "Net Income From Continuing And Discontinued Operation": NaN,
        "Total Expenses": NaN,
        "Diluted Average Shares": NaN,
        "Basic Average Shares": NaN,
        "Diluted EPS": NaN,
        "Basic EPS": NaN,
        "Diluted NI Availto Com Stockholders": NaN,
        "Net Income Common Stockholders": NaN,
        "Otherunder Preferred Stock Dividend": NaN,
        "Net Income": NaN,
        "Net Income Including Noncontrolling Interests": NaN,
        "Net Income Continuous Operations": NaN,
        "Pretax Income": NaN,
        "Selling General And Administration": NaN,
        "General And Administrative Expense": NaN,
        "Other Gand A": NaN,
        "Total Revenue": NaN,
        "Operating Revenue": NaN,
        "Loss Adjustment Expense": 0.0,
        "Net Policyholder Benefits And Claims": 0.0
    },
    "2022-09-30": {
        "Tax Effect Of Unusual Items": 0.0,
        "Tax Rate For Calcs": 0.0,
        "Net Income From Continuing Operation Net Minority Interest": -2157000.0,
        "Reconciled Depreciation": 1000.0,
        "Normalized Income": -2157000.0,
        "Net Income From Continuing And Discontinued Operation": -2157000.0,
        "Total Expenses": 1461000.0,
        "Diluted Average Shares": 5781587.0,
        "Basic Average Shares": 5781587.0,
        "Diluted EPS": -0.37,
        "Basic EPS": -0.37,
        "Diluted NI Availto Com Stockholders": -2157000.0,
        "Net Income Common Stockholders": -2157000.0,
        "Otherunder Preferred Stock Dividend": NaN,
        "Net Income": -2157000.0,
        "Net Income Including Noncontrolling Interests": -2157000.0,
        "Net Income Continuous Operations": -2157000.0,
        "Pretax Income": -2157000.0,
        "Selling General And Administration": 323000.0,
        "General And Administrative Expense": 323000.0,
        "Other Gand A": 323000.0,
        "Total Revenue": -696000.0,
        "Operating Revenue": -696000.0
    },
    "2022-06-30": {
        "Tax Effect Of Unusual Items": 0.0,
        "Tax Rate For Calcs": 0.4,
        "Net Income From Continuing Operation Net Minority Interest": 93000.0,
        "Reconciled Depreciation": 0.0,
        "Normalized Income": 93000.0,
        "Net Income From Continuing And Discontinued Operation": 93000.0,
        "Total Expenses": 410000.0,
        "Diluted Average Shares": 5781586.0,
        "Basic Average Shares": 5781586.0,
        "Diluted EPS": 0.01,
        "Basic EPS": 0.01,
        "Diluted NI Availto Com Stockholders": 77000.0,
        "Net Income Common Stockholders": 77000.0,
        "Otherunder Preferred Stock Dividend": 16000.0,
        "Net Income": 93000.0,
        "Net Income Including Noncontrolling Interests": 93000.0,
        "Net Income Continuous Operations": 93000.0,
        "Pretax Income": 93000.0,
        "Selling General And Administration": 389000.0,
        "General And Administrative Expense": 389000.0,
        "Other Gand A": 389000.0,
        "Total Revenue": 503000.0,
        "Operating Revenue": 503000.0
    },
    "2022-03-31": {
        "Diluted EPS": -0.07,
        "Total Revenue": 0,
        "Gross Profit": 0,
        "Operating Income": 0,
        "EBIT": 0,
        "Net Income": 0
    },
    "2021-12-31": {
        "Diluted EPS": 0.27,
        "Total Revenue": 2,
        "Gross Profit": 2,
        "Operating Income": 2,
        "EBIT": 2,
        "Net Income": 2
    },
    "2021-09-30": {
        "Diluted EPS": 1.14,
        "Total Revenue": 7,
        "Gross Profit": 7,
        "Operating Income": 7,
        "EBIT": 7,
        "Net Income": 7
    },
    "2021-06-30": {
        "Diluted EPS": 0.08,
        "Total Revenue": 1,
        "Gross Profit": 1,
        "Operating Income": 0,
        "EBIT": 0,
        "Net Income": 0
    },
    "2021-03-31": {
        "Diluted EPS": 0.0,
        "Total Revenue": 0,
        "Gross Profit": 0,
        "Operating Income": 0,
        "EBIT": 0,
        "Net Income": 0
    },
    "2020-12-31": {
        "Diluted EPS": 0.03,
        "Total Revenue": 0,
        "Gross Profit": 0,
        "Operating Income": 0,
        "EBIT": 0,
        "Net Income": 0
    },
    "2020-09-30": {
        "Diluted EPS": -0.01,
        "Total Revenue": 0,
        "Gross Profit": 0,
        "Operating Income": 0,
        "EBIT": 0,
        "Net Income": 0
    },
    "2020-06-30": {
        "Diluted EPS": 0.03,
        "Total Revenue": 0,
        "Gross Profit": 0,
        "Operating Income": 0,
        "EBIT": 0,
        "Net Income": 0
    },
    "2020-03-31": {
        "Diluted EPS": -0.06,
        "Total Revenue": 0,
        "Gross Profit": 0,
        "Operating Income": 0,
        "EBIT": 0,
        "Net Income": 0
    },
    "2019-12-31": {
        "Diluted EPS": 0.02,
        "Total Revenue": 0,
        "Gross Profit": 0,
        "Operating Income": 0,
        "EBIT": 0,
        "Net Income": 0
    },
    "2019-09-30": {
        "Diluted EPS": 0.0,
        "Total Revenue": 0,
        "Gross Profit": 0,
        "Operating Income": 0,
        "EBIT": 0,
        "Net Income": 0
    },
    "2019-06-30": {
        "Diluted EPS": -0.04,
        "Total Revenue": 0,
        "Gross Profit": 0,
        "Operating Income": 0,
        "EBIT": 0,
        "Net Income": 0
    },
    "2019-03-31": {
        "Diluted EPS": -0.03,
        "Total Revenue": 0,
        "Gross Profit": 0,
        "Operating Income": 0,
        "EBIT": 0,
        "Net Income": 0
    },
    "2018-12-31": {
        "Diluted EPS": -1.12,
        "Total Revenue": 2,
        "Gross Profit": 2,
        "Operating Income": 1,
        "EBIT": 1,
        "Net Income": -6
    },
    "2018-09-30": {
        "Diluted EPS": 0.11,
        "Total Revenue": 1,
        "Gross Profit": 1,
        "Operating Income": 1,
        "EBIT": 1,
        "Net Income": 1
    },
    "2018-06-30": {
        "Diluted EPS": 0.05,
        "Total Revenue": 1,
        "Gross Profit": 1,
        "Operating Income": 0,
        "EBIT": 0,
        "Net Income": 0
    },
    "2018-03-31": {
        "Diluted EPS": -0.04,
        "Total Revenue": 0,
        "Gross Profit": 0,
        "Operating Income": 0,
        "EBIT": 0,
        "Net Income": 0
    },
    "2017-12-31": {
        "Diluted EPS": 0.01,
        "Total Revenue": 0,
        "Gross Profit": 0,
        "Operating Income": 0,
        "EBIT": 0,
        "Net Income": 0
    },
    "2017-09-30": {
        "Diluted EPS": -3.97,
        "Total Revenue": 19,
        "Gross Profit": 19,
        "Operating Income": 18,
        "EBIT": 18,
        "Net Income": -23
    },
    "2017-06-30": {
        "Diluted EPS": 0.19,
        "Total Revenue": 3,
        "Gross Profit": 3,
        "Operating Income": 2,
        "EBIT": 2,
        "Net Income": 1
    },
    "2017-03-31": {
        "Diluted EPS": 0.22,
        "Total Revenue": 2,
        "Gross Profit": 2,
        "Operating Income": 1,
        "EBIT": 1,
        "Net Income": 1
    },
    "2016-12-31": {
        "Diluted EPS": -0.38,
        "Total Revenue": 12,
        "Gross Profit": 12,
        "Operating Income": 11,
        "EBIT": 11,
        "Net Income": -2
    },
    "2016-09-30": {
        "Diluted EPS": 0.5,
        "Total Revenue": 2,
        "Gross Profit": 2,
        "Operating Income": 2,
        "EBIT": 2,
        "Net Income": 3
    },
    "2016-06-30": {
        "Diluted EPS": 0.14,
        "Total Revenue": 4,
        "Gross Profit": 3,
        "Operating Income": 3,
        "EBIT": 3,
        "Net Income": 1
    },
    "2016-03-31": {
        "Diluted EPS": 0.17,
        "Total Revenue": 2,
        "Gross Profit": 1,
        "Operating Income": 1,
        "EBIT": 1,
        "Net Income": 1
    },
    "2015-12-31": {
        "Diluted EPS": 0.06,
        "Total Revenue": 1,
        "Gross Profit": 1,
        "Operating Income": 0,
        "EBIT": 0,
        "Net Income": 0
    },
    "2015-09-30": {
        "Diluted EPS": 0.12,
        "Total Revenue": 1,
        "Gross Profit": 1,
        "Operating Income": 1,
        "EBIT": 1,
        "Net Income": 1
    },
    "2015-06-30": {
        "Diluted EPS": 0.27,
        "Total Revenue": 2,
        "Gross Profit": 2,
        "Operating Income": 2,
        "EBIT": 2,
        "Net Income": 2
    },
    "2015-03-31": {
        "Diluted EPS": 0.3,
        "Total Revenue": 2,
        "Gross Profit": 2,
        "Operating Income": 2,
        "EBIT": 2,
        "Net Income": 2
    },
    "2014-12-31": {
        "Diluted EPS": 0.28,
        "Total Revenue": 2,
        "Gross Profit": 2,
        "Operating Income": 2,
        "EBIT": 2,
        "Net Income": 2
    },
    "2014-09-30": {
        "Diluted EPS": 0.23,
        "Total Revenue": 2,
        "Gross Profit": 2,
        "Operating Income": 1,
        "EBIT": 1,
        "Net Income": 1
    },
    "2014-06-30": {
        "Diluted EPS": 0.09,
        "Total Revenue": 1,
        "Gross Profit": 1,
        "Operating Income": 1,
        "EBIT": 1,
        "Net Income": 1
    },
    "2014-03-31": {
        "Diluted EPS": 0.28,
        "Total Revenue": 1,
        "Gross Profit": 1,
        "Operating Income": 0,
        "EBIT": 0,
        "Net Income": 0
    },
    "2013-12-31": {
        "Diluted EPS": 0.34,
        "Total Revenue": 1,
        "Gross Profit": 1,
        "Operating Income": 1,
        "EBIT": 1,
        "Net Income": 0
    },
    "2013-09-30": {
        "Diluted EPS": 0.42,
        "Total Revenue": 1,
        "Gross Profit": 1,
        "Operating Income": 1,
        "EBIT": 1,
        "Net Income": 0
    },
    "2023-06-30": {
        "Tax Effect Of Unusual Items": NaN,
        "Tax Rate For Calcs": NaN,
        "Net Income From Continuing Operation Net Minority Interest": NaN,
        "Reconciled Depreciation": NaN,
        "Interest Income": 0.0,
        "Normalized Income": NaN,
        "Net Income From Continuing And Discontinued Operation": NaN,
        "Total Expenses": NaN,
        "Diluted Average Shares": 5870234.0,
        "Basic Average Shares": 5870234.0,
        "Diluted EPS": -0.01,
        "Basic EPS": -0.01,
        "Diluted NI Availto Com Stockholders": NaN,
        "Net Income Common Stockholders": NaN,
        "Otherunder Preferred Stock Dividend": NaN,
        "Net Income": NaN,
        "Net Income Including Noncontrolling Interests": NaN,
        "Net Income Continuous Operations": NaN,
        "Pretax Income": NaN,
        "Selling General And Administration": NaN,
        "General And Administrative Expense": NaN,
        "Other Gand A": NaN,
        "Total Revenue": NaN,
        "Operating Revenue": NaN
    },
    "2023-09-30": {
        "Tax Effect Of Unusual Items": NaN,
        "Tax Rate For Calcs": NaN,
        "Net Income From Continuing Operation Net Minority Interest": NaN,
        "Reconciled Depreciation": NaN,
        "Interest Income": 0.0,
        "Normalized Income": NaN,
        "Net Income From Continuing And Discontinued Operation": NaN,
        "Total Expenses": NaN,
        "Diluted Average Shares": 5870234.0,
        "Basic Average Shares": 5870234.0,
        "Diluted EPS": -1.24,
        "Basic EPS": -1.24,
        "Diluted NI Availto Com Stockholders": NaN,
        "Net Income Common Stockholders": NaN,
        "Otherunder Preferred Stock Dividend": NaN,
        "Net Income": NaN,
        "Net Income Including Noncontrolling Interests": NaN,
        "Net Income Continuous Operations": NaN,
        "Pretax Income": NaN,
        "Selling General And Administration": NaN,
        "General And Administrative Expense": NaN,
        "Other Gand A": NaN,
        "Total Revenue": NaN,
        "Operating Revenue": NaN
    },
    "2023-12-31": {
        "Tax Effect Of Unusual Items": 0.0,
        "Tax Rate For Calcs": 0.0,
        "Net Income From Continuing Operation Net Minority Interest": -2441000.0,
        "Reconciled Depreciation": 1000.0,
        "Interest Income": NaN,
        "Normalized Income": -2441000.0,
        "Net Income From Continuing And Discontinued Operation": -2441000.0,
        "Total Expenses": 536000.0,
        "Diluted Average Shares": NaN,
        "Basic Average Shares": NaN,
        "Diluted EPS": NaN,
        "Basic EPS": NaN,
        "Diluted NI Availto Com Stockholders": -2672000.0,
        "Net Income Common Stockholders": -2672000.0,
        "Otherunder Preferred Stock Dividend": 231000.0,
        "Net Income": -2441000.0,
        "Net Income Including Noncontrolling Interests": -2441000.0,
        "Net Income Continuous Operations": -2441000.0,
        "Pretax Income": -2441000.0,
        "Selling General And Administration": 475000.0,
        "General And Administrative Expense": 475000.0,
        "Other Gand A": 475000.0,
        "Total Revenue": -1905000.0,
        "Operating Revenue": -1905000.0
    },
    "2024-03-31": {
        "Tax Effect Of Unusual Items": NaN,
        "Tax Rate For Calcs": NaN,
        "Net Income From Continuing Operation Net Minority Interest": NaN,
        "Reconciled Depreciation": NaN,
        "Interest Income": NaN,
        "Normalized Income": NaN,
        "Net Income From Continuing And Discontinued Operation": NaN,
        "Total Expenses": NaN,
        "Diluted Average Shares": NaN,
        "Basic Average Shares": NaN,
        "Diluted EPS": NaN,
        "Basic EPS": NaN,
        "Diluted NI Availto Com Stockholders": NaN,
        "Net Income Common Stockholders": NaN,
        "Otherunder Preferred Stock Dividend": NaN,
        "Net Income": NaN,
        "Minority Interests": 0.0,
        "Net Income Including Noncontrolling Interests": NaN,
        "Net Income Continuous Operations": NaN,
        "Pretax Income": NaN,
        "Selling General And Administration": NaN,
        "General And Administrative Expense": NaN,
        "Other Gand A": NaN,
        "Total Revenue": NaN,
        "Operating Revenue": NaN,
        "Loss Adjustment Expense": NaN,
        "Net Policyholder Benefits And Claims": NaN
    },
    "2024-06-30": {
        "Tax Effect Of Unusual Items": NaN,
        "Tax Rate For Calcs": NaN,
        "Net Income From Continuing Operation Net Minority Interest": NaN,
        "Reconciled Depreciation": NaN,
        "Interest Income": NaN,
        "Normalized Income": NaN,
        "Net Income From Continuing And Discontinued Operation": NaN,
        "Total Expenses": NaN,
        "Diluted Average Shares": NaN,
        "Basic Average Shares": NaN,
        "Diluted EPS": NaN,
        "Basic EPS": NaN,
        "Diluted NI Availto Com Stockholders": NaN,
        "Net Income Common Stockholders": NaN,
        "Otherunder Preferred Stock Dividend": NaN,
        "Net Income": NaN,
        "Minority Interests": 0.0,
        "Net Income Including Noncontrolling Interests": NaN,
        "Net Income Continuous Operations": NaN,
        "Pretax Income": NaN,
        "Selling General And Administration": NaN,
        "General And Administrative Expense": NaN,
        "Other Gand A": NaN,
        "Total Revenue": NaN,
        "Operating Revenue": NaN,
        "Loss Adjustment Expense": NaN,
        "Net Policyholder Benefits And Claims": NaN
    },
    "2024-09-30": {
        "Tax Effect Of Unusual Items": 0.0,
        "Tax Rate For Calcs": 0.0,
        "Net Income From Continuing Operation Net Minority Interest": -293000.0,
        "Reconciled Depreciation": 1000.0,
        "Interest Income": 0.0,
        "Normalized Income": -293000.0,
        "Net Income From Continuing And Discontinued Operation": -293000.0,
        "Total Expenses": 498000.0,
        "Diluted Average Shares": 6121020.0,
        "Basic Average Shares": 6121020.0,
        "Diluted EPS": -0.09,
        "Basic EPS": -0.09,
        "Diluted NI Availto Com Stockholders": -540000.0,
        "Net Income Common Stockholders": -540000.0,
        "Otherunder Preferred Stock Dividend": 247000.0,
        "Net Income": -293000.0,
        "Minority Interests": NaN,
        "Net Income Including Noncontrolling Interests": -293000.0,
        "Net Income Continuous Operations": -293000.0,
        "Pretax Income": -293000.0,
        "Selling General And Administration": 432000.0,
        "General And Administrative Expense": 432000.0,
        "Other Gand A": 432000.0,
        "Total Revenue": 205000.0,
        "Operating Revenue": 205000.0,
        "Loss Adjustment Expense": NaN,
        "Net Policyholder Benefits And Claims": NaN
    },
    "2024-12-31": {
        "Tax Effect Of Unusual Items": 0.0,
        "Tax Rate For Calcs": 0.0,
        "Net Income From Continuing Operation Net Minority Interest": -214000.0,
        "Reconciled Depreciation": 0.0,
        "Interest Income": 47000.0,
        "Normalized Income": -214000.0,
        "Net Income From Continuing And Discontinued Operation": -214000.0,
        "Total Expenses": 497000.0,
        "Diluted Average Shares": 6121020.0,
        "Basic Average Shares": 6121020.0,
        "Diluted EPS": -0.075151,
        "Basic EPS": -0.075151,
        "Diluted NI Availto Com Stockholders": -460000.0,
        "Net Income Common Stockholders": -460000.0,
        "Otherunder Preferred Stock Dividend": 246000.0,
        "Net Income": -214000.0,
        "Minority Interests": NaN,
        "Net Income Including Noncontrolling Interests": -75000.0,
        "Net Income Continuous Operations": -75000.0,
        "Pretax Income": -75000.0,
        "Selling General And Administration": 431000.0,
        "General And Administrative Expense": 431000.0,
        "Other Gand A": 431000.0,
        "Total Revenue": 422000.0,
        "Operating Revenue": 422000.0,
        "Loss Adjustment Expense": NaN,
        "Net Policyholder Benefits And Claims": NaN
    },
    "2025-03-31": {
        "Tax Effect Of Unusual Items": 0.0,
        "Tax Rate For Calcs": 0.21,
        "Net Income From Continuing Operation Net Minority Interest": 108000.0,
        "Reconciled Depreciation": 0.0,
        "Interest Income": 0.0,
        "Normalized Income": 108000.0,
        "Net Income From Continuing And Discontinued Operation": 108000.0,
        "Total Expenses": 570000.0,
        "Diluted Average Shares": 6899062.0,
        "Basic Average Shares": 6899062.0,
        "Diluted EPS": -0.02,
        "Basic EPS": -0.02,
        "Diluted NI Availto Com Stockholders": -139000.0,
        "Net Income Common Stockholders": -139000.0,
        "Otherunder Preferred Stock Dividend": 247000.0,
        "Net Income": 108000.0,
        "Minority Interests": -14000.0,
        "Net Income Including Noncontrolling Interests": 122000.0,
        "Net Income Continuous Operations": 122000.0,
        "Pretax Income": 122000.0,
        "Selling General And Administration": 505000.0,
        "General And Administrative Expense": 505000.0,
        "Other Gand A": 505000.0,
        "Total Revenue": 692000.0,
        "Operating Revenue": 692000.0,
        "Loss Adjustment Expense": NaN,
        "Net Policyholder Benefits And Claims": NaN
    },
    "2025-06-30": {
        "Tax Effect Of Unusual Items": 0.0,
        "Tax Rate For Calcs": 0.0,
        "Net Income From Continuing Operation Net Minority Interest": -2819000.0,
        "Reconciled Depreciation": 0.0,
        "Interest Income": 0.0,
        "Normalized Income": -2819000.0,
        "Net Income From Continuing And Discontinued Operation": -2819000.0,
        "Total Expenses": 3614000.0,
        "Diluted Average Shares": 7442922.0,
        "Basic Average Shares": 7442922.0,
        "Diluted EPS": -0.25,
        "Basic EPS": -0.25,
        "Diluted NI Availto Com Stockholders": -1873000.0,
        "Net Income Common Stockholders": -1873000.0,
        "Otherunder Preferred Stock Dividend": -946000.0,
        "Net Income": -2819000.0,
        "Minority Interests": 131000.0,
        "Net Income Including Noncontrolling Interests": -2950000.0,
        "Net Income Continuous Operations": -2950000.0,
        "Pretax Income": -2950000.0,
        "Selling General And Administration": 1257000.0,
        "General And Administrative Expense": 1257000.0,
        "Other Gand A": 1257000.0,
        "Total Revenue": 664000.0,
        "Operating Revenue": 664000.0,
        "Loss Adjustment Expense": 2293000.0,
        "Net Policyholder Benefits And Claims": 2293000.0
    },
    "2025-09-30": {
        "Tax Effect Of Unusual Items": 0.0,
        "Tax Rate For Calcs": 0.0,
        "Net Income From Continuing Operation Net Minority Interest": -185000.0,
        "Reconciled Depreciation": 0.0,
        "Interest Income": 0.0,
        "Normalized Income": -185000.0,
        "Net Income From Continuing And Discontinued Operation": -185000.0,
        "Total Expenses": 815000.0,
        "Diluted Average Shares": 7664122.0,
        "Basic Average Shares": 7664122.0,
        "Diluted EPS": -0.02,
        "Basic EPS": -0.02,
        "Diluted NI Availto Com Stockholders": -187000.0,
        "Net Income Common Stockholders": -187000.0,
        "Otherunder Preferred Stock Dividend": 2000.0,
        "Net Income": -185000.0,
        "Minority Interests": -15000.0,
        "Net Income Including Noncontrolling Interests": -170000.0,
        "Net Income Continuous Operations": -170000.0,
        "Pretax Income": -170000.0,
        "Selling General And Administration": 754000.0,
        "General And Administrative Expense": 754000.0,
        "Other Gand A": 754000.0,
        "Total Revenue": 645000.0,
        "Operating Revenue": 645000.0,
        "Loss Adjustment Expense": NaN,
        "Net Policyholder Benefits And Claims": NaN
    }
}