{
    "2023-03-31": {
        "Tax Effect Of Unusual Items": NaN,
        "Tax Rate For Calcs": NaN,
        "Normalized EBITDA": NaN,
        "Total Unusual Items": NaN,
        "Total Unusual Items Excluding Goodwill": NaN,
        "Net Income From Continuing Operation Net Minority Interest": NaN,
        "Reconciled Depreciation": NaN,
        "Reconciled Cost Of Revenue": NaN,
        "EBITDA": NaN,
        "EBIT": NaN,
        "Net Interest Income": NaN,
        "Interest Expense": NaN,
        "Interest Income": NaN,
        "Normalized Income": NaN,
        "Net Income From Continuing And Discontinued Operation": NaN,
        "Total Expenses": NaN,
        "Diluted Average Shares": NaN,
        "Basic Average Shares": NaN,
        "Diluted EPS": NaN,
        "Basic EPS": NaN,
        "Diluted NI Availto Com Stockholders": NaN,
        "Average Dilution Earnings": NaN,
        "Net Income Common Stockholders": NaN,
        "Otherunder Preferred Stock Dividend": NaN,
        "Preferred Stock Dividends": NaN,
        "Net Income": NaN,
        "Minority Interests": NaN,
        "Net Income Including Noncontrolling Interests": NaN,
        "Net Income Discontinuous Operations": 0.0,
        "Net Income Continuous Operations": NaN,
        "Tax Provision": NaN,
        "Pretax Income": NaN,
        "Other Income Expense": NaN,
        "Special Income Charges": NaN,
        "Gain On Sale Of Ppe": NaN,
        "Gain On Sale Of Business": NaN,
        "Write Off": NaN,
        "Restructuring And Mergern Acquisition": NaN,
        "Earnings From Equity Interest": NaN,
        "Net Non Operating Interest Income Expense": NaN,
        "Interest Expense Non Operating": NaN,
        "Interest Income Non Operating": NaN,
        "Operating Income": NaN,
        "Operating Expense": NaN,
        "Other Operating Expenses": NaN,
        "Other Taxes": NaN,
        "Selling General And Administration": NaN,
        "Gross Profit": NaN,
        "Cost Of Revenue": NaN,
        "Total Revenue": NaN,
        "Operating Revenue": NaN
    },
    "2022-12-31": {
        "Tax Effect Of Unusual Items": NaN,
        "Tax Rate For Calcs": NaN,
        "Normalized EBITDA": NaN,
        "Total Unusual Items": NaN,
        "Total Unusual Items Excluding Goodwill": NaN,
        "Net Income From Continuing Operation Net Minority Interest": NaN,
        "Reconciled Depreciation": NaN,
        "Reconciled Cost Of Revenue": NaN,
        "EBITDA": NaN,
        "EBIT": NaN,
        "Net Interest Income": NaN,
        "Interest Expense": NaN,
        "Interest Income": NaN,
        "Normalized Income": NaN,
        "Net Income From Continuing And Discontinued Operation": NaN,
        "Total Expenses": NaN,
        "Diluted Average Shares": NaN,
        "Basic Average Shares": NaN,
        "Diluted EPS": NaN,
        "Basic EPS": NaN,
        "Diluted NI Availto Com Stockholders": NaN,
        "Average Dilution Earnings": NaN,
        "Net Income Common Stockholders": NaN,
        "Otherunder Preferred Stock Dividend": NaN,
        "Preferred Stock Dividends": NaN,
        "Net Income": NaN,
        "Minority Interests": NaN,
        "Net Income Including Noncontrolling Interests": NaN,
        "Net Income Discontinuous Operations": 0.0,
        "Net Income Continuous Operations": NaN,
        "Tax Provision": NaN,
        "Pretax Income": NaN,
        "Other Income Expense": NaN,
        "Special Income Charges": NaN,
        "Gain On Sale Of Ppe": NaN,
        "Gain On Sale Of Business": NaN,
        "Write Off": 0.0,
        "Restructuring And Mergern Acquisition": NaN,
        "Earnings From Equity Interest": NaN,
        "Gain On Sale Of Security": -15000000.0,
        "Net Non Operating Interest Income Expense": NaN,
        "Interest Expense Non Operating": NaN,
        "Interest Income Non Operating": NaN,
        "Operating Income": NaN,
        "Operating Expense": NaN,
        "Other Operating Expenses": NaN,
        "Other Taxes": NaN,
        "Selling General And Administration": NaN,
        "Gross Profit": NaN,
        "Cost Of Revenue": NaN,
        "Total Revenue": NaN,
        "Operating Revenue": NaN
    },
    "2022-09-30": {
        "Tax Effect Of Unusual Items": NaN,
        "Tax Rate For Calcs": NaN,
        "Normalized EBITDA": NaN,
        "Total Unusual Items": NaN,
        "Total Unusual Items Excluding Goodwill": NaN,
        "Net Income From Continuing Operation Net Minority Interest": NaN,
        "Reconciled Depreciation": NaN,
        "Reconciled Cost Of Revenue": NaN,
        "EBITDA": NaN,
        "EBIT": NaN,
        "Net Interest Income": NaN,
        "Interest Expense": NaN,
        "Interest Income": NaN,
        "Normalized Income": NaN,
        "Net Income From Continuing And Discontinued Operation": NaN,
        "Total Expenses": NaN,
        "Diluted Average Shares": NaN,
        "Basic Average Shares": NaN,
        "Diluted EPS": NaN,
        "Basic EPS": NaN,
        "Diluted NI Availto Com Stockholders": NaN,
        "Average Dilution Earnings": 1000000.0,
        "Net Income Common Stockholders": NaN,
        "Otherunder Preferred Stock Dividend": NaN,
        "Preferred Stock Dividends": NaN,
        "Net Income": NaN,
        "Net Income Including Noncontrolling Interests": NaN,
        "Net Income Discontinuous Operations": 0.0,
        "Net Income Continuous Operations": NaN,
        "Earnings From Equity Interest Net Of Tax": 196000000.0,
        "Tax Provision": NaN,
        "Pretax Income": NaN,
        "Other Income Expense": NaN,
        "Special Income Charges": NaN,
        "Gain On Sale Of Ppe": 74000000.0,
        "Gain On Sale Of Business": 74000000.0,
        "Write Off": 0.0,
        "Restructuring And Mergern Acquisition": NaN,
        "Earnings From Equity Interest": NaN,
        "Gain On Sale Of Security": 70000000.0,
        "Net Non Operating Interest Income Expense": NaN,
        "Interest Expense Non Operating": NaN,
        "Interest Income Non Operating": NaN,
        "Operating Income": NaN,
        "Operating Expense": NaN,
        "Other Operating Expenses": NaN,
        "Other Taxes": NaN,
        "Selling General And Administration": NaN,
        "Gross Profit": NaN,
        "Cost Of Revenue": NaN,
        "Total Revenue": NaN,
        "Operating Revenue": NaN
    },
    "2022-06-30": {
        "Tax Effect Of Unusual Items": 34250000.0,
        "Tax Rate For Calcs": 0.25,
        "Normalized EBITDA": 6490000000.0,
        "Total Unusual Items": 137000000.0,
        "Total Unusual Items Excluding Goodwill": 137000000.0,
        "Net Income From Continuing Operation Net Minority Interest": 3755000000.0,
        "Reconciled Depreciation": 1728000000.0,
        "Reconciled Cost Of Revenue": 4963000000.0,
        "EBITDA": 6627000000.0,
        "EBIT": 4899000000.0,
        "Net Interest Income": -78000000.0,
        "Interest Expense": 114000000.0,
        "Interest Income": 36000000.0,
        "Normalized Income": 3652250000.0,
        "Net Income From Continuing And Discontinued Operation": 3755000000.0,
        "Total Expenses": 5950000000.0,
        "Diluted Average Shares": 1018300000.0,
        "Basic Average Shares": 939200000.0,
        "Diluted EPS": 3.47,
        "Basic EPS": 3.76,
        "Diluted NI Availto Com Stockholders": 3529000000.0,
        "Average Dilution Earnings": 2000000.0,
        "Net Income Common Stockholders": 3527000000.0,
        "Otherunder Preferred Stock Dividend": 28000000.0,
        "Preferred Stock Dividends": 200000000.0,
        "Net Income": 3755000000.0,
        "Net Income Including Noncontrolling Interests": 3755000000.0,
        "Net Income Discontinuous Operations": 0.0,
        "Net Income Continuous Operations": 3755000000.0,
        "Earnings From Equity Interest Net Of Tax": 201000000.0,
        "Tax Provision": 1231000000.0,
        "Pretax Income": 4785000000.0,
        "Other Income Expense": 137000000.0,
        "Special Income Charges": 10000000.0,
        "Gain On Sale Of Ppe": NaN,
        "Gain On Sale Of Business": 23000000.0,
        "Write Off": 0.0,
        "Restructuring And Mergern Acquisition": 13000000.0,
        "Earnings From Equity Interest": NaN,
        "Gain On Sale Of Security": 127000000.0,
        "Net Non Operating Interest Income Expense": -78000000.0,
        "Interest Expense Non Operating": 114000000.0,
        "Interest Income Non Operating": 36000000.0,
        "Operating Income": 4726000000.0,
        "Operating Expense": 987000000.0,
        "Other Operating Expenses": 317000000.0,
        "Other Taxes": 426000000.0,
        "Selling General And Administration": 244000000.0,
        "Gross Profit": 5713000000.0,
        "Cost Of Revenue": 4963000000.0,
        "Total Revenue": 10676000000.0,
        "Operating Revenue": 10351000000.0
    },
    "2023-06-30": {
        "Tax Effect Of Unusual Items": NaN,
        "Tax Rate For Calcs": NaN,
        "Normalized EBITDA": NaN,
        "Total Unusual Items": NaN,
        "Total Unusual Items Excluding Goodwill": NaN,
        "Net Income From Continuing Operation Net Minority Interest": NaN,
        "Reconciled Depreciation": NaN,
        "Reconciled Cost Of Revenue": NaN,
        "EBITDA": NaN,
        "EBIT": NaN,
        "Net Interest Income": NaN,
        "Interest Expense": NaN,
        "Interest Income": NaN,
        "Normalized Income": NaN,
        "Net Income From Continuing And Discontinued Operation": NaN,
        "Total Expenses": NaN,
        "Diluted Average Shares": NaN,
        "Basic Average Shares": NaN,
        "Diluted EPS": NaN,
        "Basic EPS": NaN,
        "Diluted NI Availto Com Stockholders": NaN,
        "Average Dilution Earnings": 0.0,
        "Net Income Common Stockholders": NaN,
        "Otherunder Preferred Stock Dividend": NaN,
        "Preferred Stock Dividends": NaN,
        "Net Income": NaN,
        "Minority Interests": 0.0,
        "Net Income Including Noncontrolling Interests": NaN,
        "Net Income Discontinuous Operations": NaN,
        "Net Income Continuous Operations": NaN,
        "Tax Provision": NaN,
        "Pretax Income": NaN,
        "Other Income Expense": NaN,
        "Other Non Operating Income Expenses": NaN,
        "Special Income Charges": NaN,
        "Gain On Sale Of Ppe": NaN,
        "Gain On Sale Of Business": 1000000.0,
        "Write Off": NaN,
        "Restructuring And Mergern Acquisition": NaN,
        "Earnings From Equity Interest": NaN,
        "Net Non Operating Interest Income Expense": NaN,
        "Interest Expense Non Operating": NaN,
        "Interest Income Non Operating": NaN,
        "Operating Income": NaN,
        "Operating Expense": NaN,
        "Other Operating Expenses": NaN,
        "Other Taxes": NaN,
        "Selling General And Administration": NaN,
        "Gross Profit": NaN,
        "Cost Of Revenue": NaN,
        "Total Revenue": NaN,
        "Operating Revenue": NaN
    },
    "2022-03-31": {
        "Diluted EPS": 4.65,
        "Total Revenue": NaN,
        "Gross Profit": NaN,
        "Operating Income": NaN,
        "EBIT": NaN,
        "Net Income": NaN
    },
    "2021-12-31": {
        "Diluted EPS": 1.39,
        "Total Revenue": NaN,
        "Gross Profit": NaN,
        "Operating Income": NaN,
        "EBIT": NaN,
        "Net Income": NaN
    },
    "2021-09-30": {
        "Diluted EPS": 0.65,
        "Total Revenue": NaN,
        "Gross Profit": NaN,
        "Operating Income": NaN,
        "EBIT": NaN,
        "Net Income": 623
    },
    "2021-06-30": {
        "Diluted EPS": -0.1,
        "Total Revenue": NaN,
        "Gross Profit": NaN,
        "Operating Income": 366,
        "EBIT": NaN,
        "Net Income": -97
    },
    "2021-03-31": {
        "Diluted EPS": -0.36,
        "Total Revenue": NaN,
        "Gross Profit": NaN,
        "Operating Income": -84,
        "EBIT": NaN,
        "Net Income": -346
    },
    "2020-12-31": {
        "Diluted EPS": -1.38,
        "Total Revenue": NaN,
        "Gross Profit": NaN,
        "Operating Income": NaN,
        "EBIT": 618,
        "Net Income": NaN
    },
    "2020-09-30": {
        "Diluted EPS": -4.07,
        "Total Revenue": NaN,
        "Gross Profit": NaN,
        "Operating Income": NaN,
        "EBIT": NaN,
        "Net Income": NaN
    },
    "2020-06-30": {
        "Diluted EPS": -9.12,
        "Total Revenue": NaN,
        "Gross Profit": NaN,
        "Operating Income": NaN,
        "EBIT": NaN,
        "Net Income": NaN
    },
    "2020-03-31": {
        "Diluted EPS": -2.49,
        "Total Revenue": NaN,
        "Gross Profit": NaN,
        "Operating Income": NaN,
        "EBIT": NaN,
        "Net Income": NaN
    },
    "2019-12-31": {
        "Diluted EPS": -1.82,
        "Total Revenue": NaN,
        "Gross Profit": NaN,
        "Operating Income": NaN,
        "EBIT": NaN,
        "Net Income": NaN
    },
    "2019-09-30": {
        "Diluted EPS": -1.08,
        "Total Revenue": NaN,
        "Gross Profit": NaN,
        "Operating Income": -541,
        "EBIT": NaN,
        "Net Income": -912
    },
    "2019-06-30": {
        "Diluted EPS": 0.84,
        "Total Revenue": NaN,
        "Gross Profit": NaN,
        "Operating Income": 941,
        "EBIT": NaN,
        "Net Income": 635
    },
    "2019-03-31": {
        "Diluted EPS": 0.84,
        "Total Revenue": NaN,
        "Gross Profit": NaN,
        "Operating Income": 856,
        "EBIT": NaN,
        "Net Income": 628
    },
    "2018-12-31": {
        "Diluted EPS": 0.93,
        "Total Revenue": NaN,
        "Gross Profit": NaN,
        "Operating Income": 973,
        "EBIT": NaN,
        "Net Income": 709
    },
    "2018-09-30": {
        "Diluted EPS": 2.44,
        "Total Revenue": NaN,
        "Gross Profit": NaN,
        "Operating Income": NaN,
        "EBIT": NaN,
        "Net Income": NaN
    },
    "2018-06-30": {
        "Diluted EPS": 1.1,
        "Total Revenue": NaN,
        "Gross Profit": NaN,
        "Operating Income": NaN,
        "EBIT": NaN,
        "Net Income": 848
    },
    "2018-03-31": {
        "Diluted EPS": 0.92,
        "Total Revenue": NaN,
        "Gross Profit": NaN,
        "Operating Income": 984,
        "EBIT": NaN,
        "Net Income": 705
    },
    "2017-12-31": {
        "Diluted EPS": 0.64,
        "Total Revenue": NaN,
        "Gross Profit": NaN,
        "Operating Income": 343,
        "EBIT": NaN,
        "Net Income": 494
    },
    "2017-09-30": {
        "Diluted EPS": 0.25,
        "Total Revenue": NaN,
        "Gross Profit": NaN,
        "Operating Income": 215,
        "EBIT": NaN,
        "Net Income": 189
    },
    "2017-06-30": {
        "Diluted EPS": 0.66,
        "Total Revenue": NaN,
        "Gross Profit": NaN,
        "Operating Income": 605,
        "EBIT": NaN,
        "Net Income": 505
    },
    "2017-03-31": {
        "Diluted EPS": 0.15,
        "Total Revenue": NaN,
        "Gross Profit": NaN,
        "Operating Income": 165,
        "EBIT": NaN,
        "Net Income": 117
    },
    "2016-12-31": {
        "Diluted EPS": -0.35,
        "Total Revenue": NaN,
        "Gross Profit": NaN,
        "Operating Income": -640,
        "EBIT": 520,
        "Net Income": -272
    },
    "2016-09-30": {
        "Diluted EPS": -0.32,
        "Total Revenue": NaN,
        "Gross Profit": NaN,
        "Operating Income": -326,
        "EBIT": 813,
        "Net Income": -241
    },
    "2016-06-30": {
        "Diluted EPS": -0.18,
        "Total Revenue": NaN,
        "Gross Profit": NaN,
        "Operating Income": -283,
        "EBIT": 902,
        "Net Income": -139
    },
    "2016-03-31": {
        "Diluted EPS": 0.1,
        "Total Revenue": NaN,
        "Gross Profit": 842,
        "Operating Income": -596,
        "EBIT": 586,
        "Net Income": 78
    },
    "2015-12-31": {
        "Diluted EPS": -6.76,
        "Total Revenue": NaN,
        "Gross Profit": NaN,
        "Operating Income": NaN,
        "EBIT": NaN,
        "Net Income": NaN
    },
    "2015-09-30": {
        "Diluted EPS": -3.42,
        "Total Revenue": NaN,
        "Gross Profit": NaN,
        "Operating Income": NaN,
        "EBIT": NaN,
        "Net Income": NaN
    },
    "2015-06-30": {
        "Diluted EPS": 0.23,
        "Total Revenue": NaN,
        "Gross Profit": NaN,
        "Operating Income": 446,
        "EBIT": NaN,
        "Net Income": 176
    },
    "2015-03-31": {
        "Diluted EPS": -0.28,
        "Total Revenue": NaN,
        "Gross Profit": NaN,
        "Operating Income": -270,
        "EBIT": 820,
        "Net Income": -218
    },
    "2014-12-31": {
        "Diluted EPS": -4.33,
        "Total Revenue": NaN,
        "Gross Profit": NaN,
        "Operating Income": NaN,
        "EBIT": NaN,
        "Net Income": NaN
    },
    "2014-09-30": {
        "Diluted EPS": 1.55,
        "Total Revenue": NaN,
        "Gross Profit": NaN,
        "Operating Income": NaN,
        "EBIT": NaN,
        "Net Income": NaN
    },
    "2014-06-30": {
        "Diluted EPS": 1.82,
        "Total Revenue": NaN,
        "Gross Profit": NaN,
        "Operating Income": NaN,
        "EBIT": NaN,
        "Net Income": NaN
    },
    "2014-03-31": {
        "Diluted EPS": 1.75,
        "Total Revenue": NaN,
        "Gross Profit": NaN,
        "Operating Income": NaN,
        "EBIT": NaN,
        "Net Income": NaN
    },
    "2013-12-31": {
        "Diluted EPS": 2.04,
        "Total Revenue": NaN,
        "Gross Profit": NaN,
        "Operating Income": 983,
        "EBIT": NaN,
        "Net Income": NaN
    },
    "2013-09-30": {
        "Diluted EPS": 1.96,
        "Total Revenue": NaN,
        "Gross Profit": NaN,
        "Operating Income": NaN,
        "EBIT": NaN,
        "Net Income": NaN
    },
    "2013-06-30": {
        "Diluted EPS": 1.64,
        "Total Revenue": NaN,
        "Gross Profit": NaN,
        "Operating Income": NaN,
        "EBIT": NaN,
        "Net Income": NaN
    },
    "2013-03-31": {
        "Diluted EPS": 1.68,
        "Total Revenue": NaN,
        "Gross Profit": NaN,
        "Operating Income": NaN,
        "EBIT": NaN,
        "Net Income": NaN
    },
    "2012-12-31": {
        "Diluted EPS": 0.42,
        "Total Revenue": NaN,
        "Gross Profit": NaN,
        "Operating Income": 922,
        "EBIT": NaN,
        "Net Income": 344
    },
    "2012-09-30": {
        "Diluted EPS": 1.69,
        "Total Revenue": NaN,
        "Gross Profit": NaN,
        "Operating Income": NaN,
        "EBIT": NaN,
        "Net Income": NaN
    },
    "2012-06-30": {
        "Diluted EPS": 1.64,
        "Total Revenue": NaN,
        "Gross Profit": NaN,
        "Operating Income": NaN,
        "EBIT": NaN,
        "Net Income": NaN
    },
    "2012-03-31": {
        "Diluted EPS": 1.92,
        "Total Revenue": NaN,
        "Gross Profit": NaN,
        "Operating Income": NaN,
        "EBIT": NaN,
        "Net Income": NaN
    },
    "2011-12-31": {
        "Diluted EPS": 2.02,
        "Total Revenue": NaN,
        "Gross Profit": NaN,
        "Operating Income": NaN,
        "EBIT": NaN,
        "Net Income": NaN
    },
    "2011-09-30": {
        "Diluted EPS": 2.17,
        "Total Revenue": NaN,
        "Gross Profit": NaN,
        "Operating Income": NaN,
        "EBIT": NaN,
        "Net Income": NaN
    },
    "2011-06-30": {
        "Diluted EPS": 2.23,
        "Total Revenue": NaN,
        "Gross Profit": NaN,
        "Operating Income": NaN,
        "EBIT": NaN,
        "Net Income": NaN
    },
    "2011-03-31": {
        "Diluted EPS": 1.9,
        "Total Revenue": NaN,
        "Gross Profit": NaN,
        "Operating Income": NaN,
        "EBIT": NaN,
        "Net Income": NaN
    },
    "2010-12-31": {
        "Diluted EPS": 1.48,
        "Total Revenue": NaN,
        "Gross Profit": NaN,
        "Operating Income": NaN,
        "EBIT": NaN,
        "Net Income": NaN
    },
    "2010-09-30": {
        "Diluted EPS": 1.46,
        "Total Revenue": NaN,
        "Gross Profit": NaN,
        "Operating Income": NaN,
        "EBIT": NaN,
        "Net Income": NaN
    },
    "2010-06-30": {
        "Diluted EPS": 1.31,
        "Total Revenue": NaN,
        "Gross Profit": NaN,
        "Operating Income": NaN,
        "EBIT": NaN,
        "Net Income": NaN
    },
    "2010-03-31": {
        "Diluted EPS": 1.31,
        "Total Revenue": NaN,
        "Gross Profit": NaN,
        "Operating Income": NaN,
        "EBIT": NaN,
        "Net Income": NaN
    },
    "2009-12-31": {
        "Diluted EPS": 1.15,
        "Total Revenue": NaN,
        "Gross Profit": NaN,
        "Operating Income": NaN,
        "EBIT": NaN,
        "Net Income": 938
    },
    "2009-09-30": {
        "Diluted EPS": 1.14,
        "Total Revenue": NaN,
        "Gross Profit": NaN,
        "Operating Income": NaN,
        "EBIT": NaN,
        "Net Income": 927
    },
    "2009-06-30": {
        "Diluted EPS": 0.84,
        "Total Revenue": NaN,
        "Gross Profit": NaN,
        "Operating Income": NaN,
        "EBIT": NaN,
        "Net Income": 682
    },
    "2009-03-31": {
        "Diluted EPS": 0.45,
        "Total Revenue": NaN,
        "Gross Profit": NaN,
        "Operating Income": 579,
        "EBIT": NaN,
        "Net Income": 368
    },
    "2023-09-30": {
        "Tax Effect Of Unusual Items": NaN,
        "Tax Rate For Calcs": NaN,
        "Normalized EBITDA": NaN,
        "Total Unusual Items": NaN,
        "Total Unusual Items Excluding Goodwill": NaN,
        "Net Income From Continuing Operation Net Minority Interest": NaN,
        "Reconciled Depreciation": NaN,
        "Reconciled Cost Of Revenue": NaN,
        "EBITDA": NaN,
        "EBIT": NaN,
        "Net Interest Income": NaN,
        "Interest Expense": NaN,
        "Interest Income": NaN,
        "Normalized Income": NaN,
        "Net Income From Continuing And Discontinued Operation": NaN,
        "Total Expenses": NaN,
        "Diluted Average Shares": NaN,
        "Basic Average Shares": NaN,
        "Diluted EPS": NaN,
        "Basic EPS": NaN,
        "Diluted NI Availto Com Stockholders": NaN,
        "Average Dilution Earnings": -6000000.0,
        "Net Income Common Stockholders": NaN,
        "Otherunder Preferred Stock Dividend": NaN,
        "Preferred Stock Dividends": NaN,
        "Net Income": NaN,
        "Minority Interests": NaN,
        "Net Income Including Noncontrolling Interests": NaN,
        "Net Income Discontinuous Operations": NaN,
        "Net Income Continuous Operations": NaN,
        "Tax Provision": NaN,
        "Pretax Income": NaN,
        "Other Income Expense": NaN,
        "Other Non Operating Income Expenses": -328000000.0,
        "Special Income Charges": NaN,
        "Gain On Sale Of Ppe": NaN,
        "Write Off": 0.0,
        "Restructuring And Mergern Acquisition": NaN,
        "Earnings From Equity Interest": NaN,
        "Net Non Operating Interest Income Expense": NaN,
        "Interest Expense Non Operating": NaN,
        "Interest Income Non Operating": NaN,
        "Operating Income": NaN,
        "Operating Expense": NaN,
        "Other Operating Expenses": NaN,
        "Other Taxes": NaN,
        "Selling General And Administration": NaN,
        "Gross Profit": NaN,
        "Cost Of Revenue": NaN,
        "Total Revenue": NaN,
        "Operating Revenue": NaN
    },
    "2023-12-31": {
        "Tax Effect Of Unusual Items": NaN,
        "Tax Rate For Calcs": NaN,
        "Normalized EBITDA": NaN,
        "Total Unusual Items": NaN,
        "Total Unusual Items Excluding Goodwill": NaN,
        "Net Income From Continuing Operation Net Minority Interest": NaN,
        "Reconciled Depreciation": NaN,
        "Reconciled Cost Of Revenue": NaN,
        "EBITDA": NaN,
        "EBIT": NaN,
        "Net Interest Income": NaN,
        "Interest Expense": NaN,
        "Interest Income": NaN,
        "Normalized Income": NaN,
        "Net Income From Continuing And Discontinued Operation": NaN,
        "Total Expenses": NaN,
        "Diluted Average Shares": NaN,
        "Basic Average Shares": NaN,
        "Diluted EPS": NaN,
        "Basic EPS": NaN,
        "Diluted NI Availto Com Stockholders": NaN,
        "Average Dilution Earnings": NaN,
        "Net Income Common Stockholders": NaN,
        "Otherunder Preferred Stock Dividend": NaN,
        "Preferred Stock Dividends": NaN,
        "Net Income": NaN,
        "Minority Interests": NaN,
        "Net Income Including Noncontrolling Interests": NaN,
        "Net Income Discontinuous Operations": NaN,
        "Net Income Continuous Operations": NaN,
        "Tax Provision": NaN,
        "Pretax Income": NaN,
        "Other Income Expense": NaN,
        "Other Non Operating Income Expenses": -438000000.0,
        "Special Income Charges": NaN,
        "Gain On Sale Of Ppe": NaN,
        "Write Off": 0.0,
        "Restructuring And Mergern Acquisition": NaN,
        "Earnings From Equity Interest": NaN,
        "Net Non Operating Interest Income Expense": NaN,
        "Interest Expense Non Operating": NaN,
        "Interest Income Non Operating": NaN,
        "Operating Income": NaN,
        "Operating Expense": NaN,
        "Other Operating Expenses": NaN,
        "Other Taxes": NaN,
        "Selling General And Administration": NaN,
        "Gross Profit": NaN,
        "Cost Of Revenue": NaN,
        "Total Revenue": NaN,
        "Operating Revenue": NaN
    },
    "2024-03-31": {
        "Tax Effect Of Unusual Items": NaN,
        "Tax Rate For Calcs": NaN,
        "Normalized EBITDA": NaN,
        "Total Unusual Items": NaN,
        "Total Unusual Items Excluding Goodwill": NaN,
        "Net Income From Continuing Operation Net Minority Interest": NaN,
        "Reconciled Depreciation": NaN,
        "Reconciled Cost Of Revenue": NaN,
        "EBITDA": NaN,
        "EBIT": NaN,
        "Net Interest Income": NaN,
        "Interest Expense": NaN,
        "Interest Income": NaN,
        "Normalized Income": NaN,
        "Net Income From Continuing And Discontinued Operation": NaN,
        "Total Expenses": NaN,
        "Diluted Average Shares": NaN,
        "Basic Average Shares": NaN,
        "Diluted EPS": NaN,
        "Basic EPS": NaN,
        "Diluted NI Availto Com Stockholders": NaN,
        "Average Dilution Earnings": NaN,
        "Net Income Common Stockholders": NaN,
        "Otherunder Preferred Stock Dividend": NaN,
        "Preferred Stock Dividends": NaN,
        "Net Income": NaN,
        "Minority Interests": NaN,
        "Net Income Including Noncontrolling Interests": NaN,
        "Net Income Discontinuous Operations": NaN,
        "Net Income Continuous Operations": NaN,
        "Tax Provision": NaN,
        "Pretax Income": NaN,
        "Other Income Expense": NaN,
        "Other Non Operating Income Expenses": -410000000.0,
        "Special Income Charges": NaN,
        "Gain On Sale Of Ppe": NaN,
        "Write Off": NaN,
        "Restructuring And Mergern Acquisition": NaN,
        "Earnings From Equity Interest": NaN,
        "Net Non Operating Interest Income Expense": NaN,
        "Interest Expense Non Operating": NaN,
        "Interest Income Non Operating": NaN,
        "Operating Income": NaN,
        "Operating Expense": NaN,
        "Other Operating Expenses": NaN,
        "Other Taxes": NaN,
        "Selling General And Administration": NaN,
        "Gross Profit": NaN,
        "Cost Of Revenue": NaN,
        "Total Revenue": NaN,
        "Operating Revenue": NaN
    },
    "2024-06-30": {
        "Tax Effect Of Unusual Items": 3920000.0,
        "Tax Rate For Calcs": 0.28,
        "Normalized EBITDA": 3648000000.0,
        "Total Unusual Items": 14000000.0,
        "Total Unusual Items Excluding Goodwill": 14000000.0,
        "Net Income From Continuing Operation Net Minority Interest": 1162000000.0,
        "Reconciled Depreciation": 1775000000.0,
        "Reconciled Cost Of Revenue": 4269000000.0,
        "EBITDA": 3662000000.0,
        "EBIT": 1887000000.0,
        "Net Interest Income": -218000000.0,
        "Interest Expense": 252000000.0,
        "Interest Income": 34000000.0,
        "Normalized Income": 1151920000.0,
        "Net Income From Continuing And Discontinued Operation": 1162000000.0,
        "Total Expenses": 5220000000.0,
        "Diluted Average Shares": 958900000.0,
        "Basic Average Shares": 893800000.0,
        "Diluted EPS": 1.03,
        "Basic EPS": 1.1,
        "Diluted NI Availto Com Stockholders": 985000000.0,
        "Average Dilution Earnings": NaN,
        "Net Income Common Stockholders": 985000000.0,
        "Otherunder Preferred Stock Dividend": 7000000.0,
        "Preferred Stock Dividends": 170000000.0,
        "Net Income": 1162000000.0,
        "Minority Interests": -8000000.0,
        "Net Income Including Noncontrolling Interests": 1170000000.0,
        "Net Income Discontinuous Operations": 0.0,
        "Net Income Continuous Operations": 1170000000.0,
        "Tax Provision": 465000000.0,
        "Pretax Income": 1635000000.0,
        "Other Income Expense": 256000000.0,
        "Other Non Operating Income Expenses": -344000000.0,
        "Special Income Charges": 14000000.0,
        "Gain On Sale Of Ppe": 28000000.0,
        "Write Off": 0.0,
        "Restructuring And Mergern Acquisition": 14000000.0,
        "Earnings From Equity Interest": 242000000.0,
        "Net Non Operating Interest Income Expense": -218000000.0,
        "Interest Expense Non Operating": 252000000.0,
        "Interest Income Non Operating": 34000000.0,
        "Operating Income": 1597000000.0,
        "Operating Expense": 951000000.0,
        "Other Operating Expenses": 427000000.0,
        "Other Taxes": 265000000.0,
        "Selling General And Administration": 259000000.0,
        "Gross Profit": 2548000000.0,
        "Cost Of Revenue": 4269000000.0,
        "Total Revenue": 6817000000.0,
        "Operating Revenue": 6802000000.0
    },
    "2024-09-30": {
        "Tax Effect Of Unusual Items": -41720000.0,
        "Tax Rate For Calcs": 0.28,
        "Normalized EBITDA": 3981000000.0,
        "Total Unusual Items": -149000000.0,
        "Total Unusual Items Excluding Goodwill": -149000000.0,
        "Net Income From Continuing Operation Net Minority Interest": 1133000000.0,
        "Reconciled Depreciation": 1926000000.0,
        "Reconciled Cost Of Revenue": 4429000000.0,
        "EBITDA": 3832000000.0,
        "EBIT": 1906000000.0,
        "Net Interest Income": -252000000.0,
        "Interest Expense": 312000000.0,
        "Interest Income": 60000000.0,
        "Normalized Income": 1240280000.0,
        "Net Income From Continuing And Discontinued Operation": 1133000000.0,
        "Total Expenses": 5344000000.0,
        "Diluted Average Shares": 975700000.0,
        "Basic Average Shares": 927500000.0,
        "Diluted EPS": 0.98,
        "Basic EPS": 1.03,
        "Diluted NI Availto Com Stockholders": 960000000.0,
        "Average Dilution Earnings": -4000000.0,
        "Net Income Common Stockholders": 959000000.0,
        "Otherunder Preferred Stock Dividend": 5000000.0,
        "Preferred Stock Dividends": 169000000.0,
        "Net Income": 1133000000.0,
        "Minority Interests": -7000000.0,
        "Net Income Including Noncontrolling Interests": 1140000000.0,
        "Net Income Discontinuous Operations": 0.0,
        "Net Income Continuous Operations": 1140000000.0,
        "Tax Provision": 454000000.0,
        "Pretax Income": 1594000000.0,
        "Other Income Expense": 17000000.0,
        "Other Non Operating Income Expenses": -334000000.0,
        "Special Income Charges": -149000000.0,
        "Gain On Sale Of Ppe": -79000000.0,
        "Write Off": 21000000.0,
        "Restructuring And Mergern Acquisition": 49000000.0,
        "Earnings From Equity Interest": 166000000.0,
        "Net Non Operating Interest Income Expense": -252000000.0,
        "Interest Expense Non Operating": 312000000.0,
        "Interest Income Non Operating": 60000000.0,
        "Operating Income": 1829000000.0,
        "Operating Expense": 915000000.0,
        "Other Operating Expenses": 391000000.0,
        "Other Taxes": 256000000.0,
        "Selling General And Administration": 268000000.0,
        "Gross Profit": 2744000000.0,
        "Cost Of Revenue": 4429000000.0,
        "Total Revenue": 7173000000.0,
        "Operating Revenue": 7020000000.0
    },
    "2024-12-31": {
        "Tax Effect Of Unusual Items": -357497041.420118,
        "Tax Rate For Calcs": 0.289941,
        "Normalized EBITDA": 3368000000.0,
        "Total Unusual Items": -1233000000.0,
        "Total Unusual Items Excluding Goodwill": -1233000000.0,
        "Net Income From Continuing Operation Net Minority Interest": -127000000.0,
        "Reconciled Depreciation": 1977000000.0,
        "Reconciled Cost Of Revenue": 4442000000.0,
        "EBITDA": 2135000000.0,
        "EBIT": 158000000.0,
        "Net Interest Income": -286000000.0,
        "Interest Expense": 327000000.0,
        "Interest Income": 41000000.0,
        "Normalized Income": 748502958.579882,
        "Net Income From Continuing And Discontinued Operation": -127000000.0,
        "Total Expenses": 5563000000.0,
        "Diluted Average Shares": 940800000.0,
        "Basic Average Shares": 940800000.0,
        "Diluted EPS": -0.32,
        "Basic EPS": -0.32,
        "Diluted NI Availto Com Stockholders": -296000000.0,
        "Average Dilution Earnings": NaN,
        "Net Income Common Stockholders": -295000000.0,
        "Otherunder Preferred Stock Dividend": -2000000.0,
        "Preferred Stock Dividends": 170000000.0,
        "Net Income": -127000000.0,
        "Minority Interests": -7000000.0,
        "Net Income Including Noncontrolling Interests": -120000000.0,
        "Net Income Discontinuous Operations": 0.0,
        "Net Income Continuous Operations": -120000000.0,
        "Tax Provision": -49000000.0,
        "Pretax Income": -169000000.0,
        "Other Income Expense": -1080000000.0,
        "Other Non Operating Income Expenses": NaN,
        "Special Income Charges": -1233000000.0,
        "Gain On Sale Of Ppe": 36000000.0,
        "Write Off": 1260000000.0,
        "Restructuring And Mergern Acquisition": 9000000.0,
        "Earnings From Equity Interest": 153000000.0,
        "Net Non Operating Interest Income Expense": -286000000.0,
        "Interest Expense Non Operating": 327000000.0,
        "Interest Income Non Operating": 41000000.0,
        "Operating Income": 1197000000.0,
        "Operating Expense": 1121000000.0,
        "Other Operating Expenses": 562000000.0,
        "Other Taxes": 283000000.0,
        "Selling General And Administration": 276000000.0,
        "Gross Profit": 2318000000.0,
        "Cost Of Revenue": 4442000000.0,
        "Total Revenue": 6760000000.0,
        "Operating Revenue": 6860000000.0
    },
    "2025-03-31": {
        "Tax Effect Of Unusual Items": -7250000.0,
        "Tax Rate For Calcs": 0.29,
        "Normalized EBITDA": 3592000000.0,
        "Total Unusual Items": -25000000.0,
        "Total Unusual Items Excluding Goodwill": -25000000.0,
        "Net Income From Continuing Operation Net Minority Interest": 936000000.0,
        "Reconciled Depreciation": 1917000000.0,
        "Reconciled Cost Of Revenue": 4348000000.0,
        "EBITDA": 3567000000.0,
        "EBIT": 1650000000.0,
        "Net Interest Income": -259000000.0,
        "Interest Expense": 318000000.0,
        "Interest Income": 59000000.0,
        "Normalized Income": 953750000.0,
        "Net Income From Continuing And Discontinued Operation": 936000000.0,
        "Total Expenses": 5326000000.0,
        "Diluted Average Shares": 982900000.0,
        "Basic Average Shares": 941300000.0,
        "Diluted EPS": 0.77,
        "Basic EPS": 0.81,
        "Diluted NI Availto Com Stockholders": 761000000.0,
        "Average Dilution Earnings": NaN,
        "Net Income Common Stockholders": 761000000.0,
        "Otherunder Preferred Stock Dividend": 5000000.0,
        "Preferred Stock Dividends": 170000000.0,
        "Net Income": 936000000.0,
        "Minority Interests": -9000000.0,
        "Net Income Including Noncontrolling Interests": 945000000.0,
        "Net Income Discontinuous Operations": 0.0,
        "Net Income Continuous Operations": 945000000.0,
        "Tax Provision": 387000000.0,
        "Pretax Income": 1332000000.0,
        "Other Income Expense": 114000000.0,
        "Other Non Operating Income Expenses": NaN,
        "Special Income Charges": -25000000.0,
        "Gain On Sale Of Ppe": -19000000.0,
        "Write Off": NaN,
        "Restructuring And Mergern Acquisition": 6000000.0,
        "Earnings From Equity Interest": 139000000.0,
        "Net Non Operating Interest Income Expense": -259000000.0,
        "Interest Expense Non Operating": 318000000.0,
        "Interest Income Non Operating": 59000000.0,
        "Operating Income": 1477000000.0,
        "Operating Expense": 978000000.0,
        "Other Operating Expenses": 447000000.0,
        "Other Taxes": 264000000.0,
        "Selling General And Administration": 267000000.0,
        "Gross Profit": 2455000000.0,
        "Cost Of Revenue": 4348000000.0,
        "Total Revenue": 6803000000.0,
        "Operating Revenue": 6911000000.0
    },
    "2025-06-30": {
        "Tax Effect Of Unusual Items": -2960000.0,
        "Tax Rate For Calcs": 0.37,
        "Normalized EBITDA": 2958000000.0,
        "Total Unusual Items": -8000000.0,
        "Total Unusual Items Excluding Goodwill": -8000000.0,
        "Net Income From Continuing Operation Net Minority Interest": 458000000.0,
        "Reconciled Depreciation": 1936000000.0,
        "Reconciled Cost Of Revenue": 4327000000.0,
        "EBITDA": 2950000000.0,
        "EBIT": 1014000000.0,
        "Net Interest Income": -232000000.0,
        "Interest Expense": 276000000.0,
        "Interest Income": 44000000.0,
        "Normalized Income": 463040000.0,
        "Net Income From Continuing And Discontinued Operation": 458000000.0,
        "Total Expenses": 5460000000.0,
        "Diluted Average Shares": 1010400000.0,
        "Basic Average Shares": 985100000.0,
        "Diluted EPS": 0.26,
        "Basic EPS": 0.27,
        "Diluted NI Availto Com Stockholders": 261000000.0,
        "Average Dilution Earnings": NaN,
        "Net Income Common Stockholders": 261000000.0,
        "Otherunder Preferred Stock Dividend": 27000000.0,
        "Preferred Stock Dividends": 170000000.0,
        "Net Income": 458000000.0,
        "Minority Interests": -10000000.0,
        "Net Income Including Noncontrolling Interests": 468000000.0,
        "Net Income Discontinuous Operations": 0.0,
        "Net Income Continuous Operations": 468000000.0,
        "Tax Provision": 270000000.0,
        "Pretax Income": 738000000.0,
        "Other Income Expense": 16000000.0,
        "Other Non Operating Income Expenses": NaN,
        "Special Income Charges": -8000000.0,
        "Gain On Sale Of Ppe": -2000000.0,
        "Write Off": NaN,
        "Restructuring And Mergern Acquisition": 6000000.0,
        "Earnings From Equity Interest": 24000000.0,
        "Net Non Operating Interest Income Expense": -232000000.0,
        "Interest Expense Non Operating": 276000000.0,
        "Interest Income Non Operating": 44000000.0,
        "Operating Income": 954000000.0,
        "Operating Expense": 1133000000.0,
        "Other Operating Expenses": 580000000.0,
        "Other Taxes": 269000000.0,
        "Selling General And Administration": 284000000.0,
        "Gross Profit": 2087000000.0,
        "Cost Of Revenue": 4327000000.0,
        "Total Revenue": 6414000000.0,
        "Operating Revenue": 6318000000.0
    }
}