{
    "2023-06-30": {
        "Tax Effect Of Unusual Items": 0.0,
        "Tax Rate For Calcs": 0.244,
        "Normalized EBITDA": 489400000.0,
        "Net Income From Continuing Operation Net Minority Interest": 300800000.0,
        "Reconciled Depreciation": 34100000.0,
        "Reconciled Cost Of Revenue": 6195500000.0,
        "EBITDA": 489400000.0,
        "EBIT": 455300000.0,
        "Net Interest Income": -55000000.0,
        "Interest Expense": 55000000.0,
        "Normalized Income": 300800000.0,
        "Net Income From Continuing And Discontinued Operation": 300800000.0,
        "Total Expenses": 7087700000.0,
        "Rent Expense Supplemental": 97700000.0,
        "Total Operating Income As Reported": 380800000.0,
        "Diluted Average Shares": 68200000.0,
        "Basic Average Shares": 68200000.0,
        "Diluted EPS": 4.41,
        "Basic EPS": 4.41,
        "Diluted NI Availto Com Stockholders": 300800000.0,
        "Net Income Common Stockholders": 300800000.0,
        "Net Income": 300800000.0,
        "Minority Interests": -1800000.0,
        "Net Income Including Noncontrolling Interests": 302600000.0,
        "Net Income Continuous Operations": 302600000.0,
        "Tax Provision": 97700000.0,
        "Pretax Income": 400300000.0,
        "Other Income Expense": 74500000.0,
        "Earnings From Equity Interest": 74500000.0,
        "Net Non Operating Interest Income Expense": -55000000.0,
        "Interest Expense Non Operating": 55000000.0,
        "Operating Income": 380800000.0,
        "Operating Expense": 892200000.0,
        "Depreciation Amortization Depletion Income Statement": 34100000.0,
        "Depreciation And Amortization In Income Statement": 34100000.0,
        "Depreciation Income Statement": 34100000.0,
        "Selling General And Administration": 858100000.0,
        "Selling And Marketing Expense": 35200000.0,
        "General And Administrative Expense": 822900000.0,
        "Other Gand A": 206900000.0,
        "Rent And Landing Fees": 97700000.0,
        "Salaries And Wages": 518300000.0,
        "Gross Profit": 1273000000.0,
        "Cost Of Revenue": 6195500000.0,
        "Total Revenue": 7468500000.0,
        "Operating Revenue": 7468500000.0
    },
    "2023-03-31": {
        "Tax Effect Of Unusual Items": NaN,
        "Tax Rate For Calcs": NaN,
        "Normalized EBITDA": NaN,
        "Net Income From Continuing Operation Net Minority Interest": NaN,
        "Reconciled Depreciation": NaN,
        "Reconciled Cost Of Revenue": NaN,
        "EBITDA": NaN,
        "EBIT": NaN,
        "Net Interest Income": NaN,
        "Interest Expense": NaN,
        "Normalized Income": NaN,
        "Net Income From Continuing And Discontinued Operation": NaN,
        "Total Expenses": NaN,
        "Rent Expense Supplemental": NaN,
        "Total Operating Income As Reported": NaN,
        "Diluted Average Shares": 69200000.0,
        "Basic Average Shares": 69200000.0,
        "Diluted EPS": 4.31,
        "Basic EPS": 4.31,
        "Diluted NI Availto Com Stockholders": NaN,
        "Net Income Common Stockholders": NaN,
        "Net Income": NaN,
        "Minority Interests": NaN,
        "Net Income Including Noncontrolling Interests": NaN,
        "Net Income Continuous Operations": NaN,
        "Tax Provision": NaN,
        "Pretax Income": NaN,
        "Other Income Expense": NaN,
        "Earnings From Equity Interest": NaN,
        "Net Non Operating Interest Income Expense": NaN,
        "Interest Expense Non Operating": NaN,
        "Operating Income": NaN,
        "Operating Expense": NaN,
        "Depreciation Amortization Depletion Income Statement": NaN,
        "Depreciation And Amortization In Income Statement": NaN,
        "Depreciation Income Statement": NaN,
        "Selling General And Administration": NaN,
        "Selling And Marketing Expense": NaN,
        "General And Administrative Expense": NaN,
        "Other Gand A": NaN,
        "Rent And Landing Fees": NaN,
        "Salaries And Wages": NaN,
        "Gross Profit": NaN,
        "Cost Of Revenue": NaN,
        "Total Revenue": NaN,
        "Operating Revenue": NaN
    },
    "2022-12-31": {
        "Tax Effect Of Unusual Items": NaN,
        "Tax Rate For Calcs": NaN,
        "Normalized EBITDA": NaN,
        "Total Unusual Items": 0.0,
        "Total Unusual Items Excluding Goodwill": 0.0,
        "Net Income From Continuing Operation Net Minority Interest": NaN,
        "Reconciled Depreciation": NaN,
        "Reconciled Cost Of Revenue": NaN,
        "EBITDA": NaN,
        "EBIT": NaN,
        "Net Interest Income": NaN,
        "Interest Expense": NaN,
        "Normalized Income": NaN,
        "Net Income From Continuing And Discontinued Operation": NaN,
        "Total Expenses": NaN,
        "Rent Expense Supplemental": NaN,
        "Total Operating Income As Reported": NaN,
        "Diluted Average Shares": NaN,
        "Basic Average Shares": NaN,
        "Diluted EPS": NaN,
        "Basic EPS": NaN,
        "Diluted NI Availto Com Stockholders": NaN,
        "Net Income Common Stockholders": NaN,
        "Net Income": NaN,
        "Minority Interests": NaN,
        "Net Income Including Noncontrolling Interests": NaN,
        "Net Income Discontinuous Operations": 0.0,
        "Net Income Continuous Operations": NaN,
        "Tax Provision": NaN,
        "Pretax Income": NaN,
        "Other Income Expense": NaN,
        "Special Income Charges": 0.0,
        "Earnings From Equity Interest": NaN,
        "Net Non Operating Interest Income Expense": NaN,
        "Interest Expense Non Operating": NaN,
        "Operating Income": NaN,
        "Operating Expense": NaN,
        "Depreciation Amortization Depletion Income Statement": NaN,
        "Depreciation And Amortization In Income Statement": NaN,
        "Depreciation Income Statement": NaN,
        "Selling General And Administration": NaN,
        "Selling And Marketing Expense": NaN,
        "General And Administrative Expense": NaN,
        "Other Gand A": NaN,
        "Rent And Landing Fees": NaN,
        "Salaries And Wages": NaN,
        "Gross Profit": NaN,
        "Cost Of Revenue": NaN,
        "Total Revenue": NaN,
        "Operating Revenue": NaN
    },
    "2022-09-30": {
        "Tax Effect Of Unusual Items": NaN,
        "Tax Rate For Calcs": NaN,
        "Normalized EBITDA": NaN,
        "Total Unusual Items": 0.0,
        "Total Unusual Items Excluding Goodwill": 0.0,
        "Net Income From Continuing Operation Net Minority Interest": NaN,
        "Reconciled Depreciation": NaN,
        "Reconciled Cost Of Revenue": NaN,
        "EBITDA": NaN,
        "EBIT": NaN,
        "Net Interest Income": NaN,
        "Interest Expense": NaN,
        "Normalized Income": NaN,
        "Net Income From Continuing And Discontinued Operation": NaN,
        "Total Expenses": NaN,
        "Rent Expense Supplemental": NaN,
        "Total Operating Income As Reported": NaN,
        "Diluted Average Shares": NaN,
        "Basic Average Shares": NaN,
        "Diluted EPS": NaN,
        "Basic EPS": NaN,
        "Diluted NI Availto Com Stockholders": NaN,
        "Net Income Common Stockholders": NaN,
        "Net Income": NaN,
        "Minority Interests": NaN,
        "Net Income Including Noncontrolling Interests": NaN,
        "Net Income Discontinuous Operations": 0.0,
        "Net Income Continuous Operations": NaN,
        "Tax Provision": NaN,
        "Pretax Income": NaN,
        "Other Income Expense": NaN,
        "Special Income Charges": 0.0,
        "Earnings From Equity Interest": NaN,
        "Net Non Operating Interest Income Expense": NaN,
        "Interest Expense Non Operating": NaN,
        "Operating Income": NaN,
        "Operating Expense": NaN,
        "Depreciation Amortization Depletion Income Statement": NaN,
        "Depreciation And Amortization In Income Statement": NaN,
        "Depreciation Income Statement": NaN,
        "Selling General And Administration": NaN,
        "Selling And Marketing Expense": NaN,
        "General And Administrative Expense": NaN,
        "Other Gand A": NaN,
        "Rent And Landing Fees": NaN,
        "Salaries And Wages": NaN,
        "Gross Profit": NaN,
        "Cost Of Revenue": NaN,
        "Total Revenue": NaN,
        "Operating Revenue": NaN
    },
    "2022-06-30": {
        "Tax Effect Of Unusual Items": 0.0,
        "Tax Rate For Calcs": 0.247598,
        "Normalized EBITDA": 557300000.0,
        "Total Unusual Items": 0.0,
        "Total Unusual Items Excluding Goodwill": 0.0,
        "Net Income From Continuing Operation Net Minority Interest": 374000000.0,
        "Reconciled Depreciation": 31700000.0,
        "Reconciled Cost Of Revenue": 5669900000.0,
        "EBITDA": 557300000.0,
        "EBIT": 525600000.0,
        "Net Interest Income": -26000000.0,
        "Interest Expense": 26000000.0,
        "Normalized Income": 374000000.0,
        "Net Income From Continuing And Discontinued Operation": 374000000.0,
        "Total Expenses": 6519300000.0,
        "Rent Expense Supplemental": 92900000.0,
        "Total Operating Income As Reported": 387600000.0,
        "Diluted Average Shares": 75817119.0,
        "Basic Average Shares": 75793239.0,
        "Diluted EPS": 4.93,
        "Basic EPS": 4.93,
        "Diluted NI Availto Com Stockholders": 374000000.0,
        "Net Income Common Stockholders": 374000000.0,
        "Net Income": 374000000.0,
        "Minority Interests": -1900000.0,
        "Net Income Including Noncontrolling Interests": 375900000.0,
        "Net Income Discontinuous Operations": 0.0,
        "Net Income Continuous Operations": 375900000.0,
        "Tax Provision": 123700000.0,
        "Pretax Income": 499600000.0,
        "Other Income Expense": 138000000.0,
        "Special Income Charges": 0.0,
        "Earnings From Equity Interest": 138000000.0,
        "Net Non Operating Interest Income Expense": -26000000.0,
        "Interest Expense Non Operating": 26000000.0,
        "Operating Income": 387600000.0,
        "Operating Expense": 849400000.0,
        "Depreciation Amortization Depletion Income Statement": 31700000.0,
        "Depreciation And Amortization In Income Statement": 31700000.0,
        "Depreciation Income Statement": 31700000.0,
        "Selling General And Administration": 817700000.0,
        "Selling And Marketing Expense": 31200000.0,
        "General And Administrative Expense": 786500000.0,
        "Other Gand A": 183000000.0,
        "Rent And Landing Fees": 92900000.0,
        "Salaries And Wages": 510600000.0,
        "Gross Profit": 1237000000.0,
        "Cost Of Revenue": 5669900000.0,
        "Total Revenue": 6906900000.0,
        "Operating Revenue": 6906900000.0
    },
    "2022-03-31": {
        "Diluted EPS": 4.76,
        "Total Revenue": NaN,
        "Gross Profit": NaN,
        "Operating Income": 402,
        "EBIT": 434,
        "Net Income": 368
    },
    "2021-12-31": {
        "Diluted EPS": 3.96,
        "Total Revenue": NaN,
        "Gross Profit": NaN,
        "Operating Income": 356,
        "EBIT": 388,
        "Net Income": 311
    },
    "2021-09-30": {
        "Diluted EPS": 4.47,
        "Total Revenue": NaN,
        "Gross Profit": NaN,
        "Operating Income": 378,
        "EBIT": 408,
        "Net Income": 355
    },
    "2021-06-30": {
        "Diluted EPS": 4.2,
        "Total Revenue": NaN,
        "Gross Profit": NaN,
        "Operating Income": 403,
        "EBIT": 433,
        "Net Income": 339
    },
    "2021-03-31": {
        "Diluted EPS": 2.26,
        "Total Revenue": NaN,
        "Gross Profit": 913,
        "Operating Income": 220,
        "EBIT": 249,
        "Net Income": 183
    },
    "2020-12-31": {
        "Diluted EPS": 2.47,
        "Total Revenue": NaN,
        "Gross Profit": 898,
        "Operating Income": 243,
        "EBIT": 273,
        "Net Income": 200
    },
    "2020-09-30": {
        "Diluted EPS": 3.07,
        "Total Revenue": NaN,
        "Gross Profit": 957,
        "Operating Income": 284,
        "EBIT": 313,
        "Net Income": 247
    },
    "2020-06-30": {
        "Diluted EPS": 0.56,
        "Total Revenue": NaN,
        "Gross Profit": 553,
        "Operating Income": 71,
        "EBIT": 99,
        "Net Income": 45
    },
    "2020-03-31": {
        "Diluted EPS": 0.64,
        "Total Revenue": NaN,
        "Gross Profit": 777,
        "Operating Income": 106,
        "EBIT": 135,
        "Net Income": 52
    },
    "2019-12-31": {
        "Diluted EPS": 1.25,
        "Total Revenue": NaN,
        "Gross Profit": 867,
        "Operating Income": 153,
        "EBIT": 181,
        "Net Income": 102
    },
    "2019-09-30": {
        "Diluted EPS": 1.42,
        "Total Revenue": NaN,
        "Gross Profit": 870,
        "Operating Income": 169,
        "EBIT": 197,
        "Net Income": 116
    },
    "2019-06-30": {
        "Diluted EPS": 1.42,
        "Total Revenue": NaN,
        "Gross Profit": 868,
        "Operating Income": 172,
        "EBIT": 199,
        "Net Income": 118
    },
    "2019-03-31": {
        "Diluted EPS": 1.19,
        "Total Revenue": NaN,
        "Gross Profit": 852,
        "Operating Income": 159,
        "EBIT": 185,
        "Net Income": 100
    },
    "2018-12-31": {
        "Diluted EPS": 1.16,
        "Total Revenue": NaN,
        "Gross Profit": 808,
        "Operating Income": 137,
        "EBIT": 163,
        "Net Income": 98
    },
    "2018-09-30": {
        "Diluted EPS": 1.53,
        "Total Revenue": NaN,
        "Gross Profit": 853,
        "Operating Income": 164,
        "EBIT": 190,
        "Net Income": 130
    },
    "2018-06-30": {
        "Diluted EPS": 1.58,
        "Total Revenue": NaN,
        "Gross Profit": 890,
        "Operating Income": 189,
        "EBIT": 214,
        "Net Income": 135
    },
    "2018-03-31": {
        "Diluted EPS": 1.26,
        "Total Revenue": NaN,
        "Gross Profit": 864,
        "Operating Income": 176,
        "EBIT": 201,
        "Net Income": 108
    },
    "2017-12-31": {
        "Diluted EPS": 3.85,
        "Total Revenue": NaN,
        "Gross Profit": 808,
        "Operating Income": 137,
        "EBIT": 162,
        "Net Income": 330
    },
    "2017-09-30": {
        "Diluted EPS": 1.1,
        "Total Revenue": NaN,
        "Gross Profit": 823,
        "Operating Income": 152,
        "EBIT": 177,
        "Net Income": 94
    },
    "2017-06-30": {
        "Diluted EPS": 1.23,
        "Total Revenue": NaN,
        "Gross Profit": 817,
        "Operating Income": 172,
        "EBIT": 195,
        "Net Income": 106
    },
    "2017-03-31": {
        "Diluted EPS": 0.96,
        "Total Revenue": NaN,
        "Gross Profit": 774,
        "Operating Income": 150,
        "EBIT": 173,
        "Net Income": 83
    },
    "2016-12-31": {
        "Diluted EPS": 0.96,
        "Total Revenue": NaN,
        "Gross Profit": 727,
        "Operating Income": 125,
        "EBIT": 148,
        "Net Income": 83
    },
    "2016-09-30": {
        "Diluted EPS": 1.03,
        "Total Revenue": NaN,
        "Gross Profit": 744,
        "Operating Income": 142,
        "EBIT": 163,
        "Net Income": 88
    },
    "2016-06-30": {
        "Diluted EPS": 1.1,
        "Total Revenue": NaN,
        "Gross Profit": 771,
        "Operating Income": 164,
        "EBIT": 189,
        "Net Income": 94
    },
    "2016-03-31": {
        "Diluted EPS": 0.9,
        "Total Revenue": NaN,
        "Gross Profit": 724,
        "Operating Income": 144,
        "EBIT": 165,
        "Net Income": 79
    },
    "2015-12-31": {
        "Diluted EPS": 0.8,
        "Total Revenue": NaN,
        "Gross Profit": 717,
        "Operating Income": 126,
        "EBIT": 146,
        "Net Income": 70
    },
    "2015-09-30": {
        "Diluted EPS": 0.96,
        "Total Revenue": NaN,
        "Gross Profit": 729,
        "Operating Income": 146,
        "EBIT": 166,
        "Net Income": 87
    },
    "2015-06-30": {
        "Diluted EPS": 1.04,
        "Total Revenue": NaN,
        "Gross Profit": 731,
        "Operating Income": 159,
        "EBIT": 178,
        "Net Income": 94
    },
    "2015-03-31": {
        "Diluted EPS": 0.83,
        "Total Revenue": NaN,
        "Gross Profit": 690,
        "Operating Income": 136,
        "EBIT": 154,
        "Net Income": 75
    },
    "2014-12-31": {
        "Diluted EPS": 0.78,
        "Total Revenue": NaN,
        "Gross Profit": 663,
        "Operating Income": 116,
        "EBIT": 136,
        "Net Income": 72
    },
    "2014-09-30": {
        "Diluted EPS": 0.83,
        "Total Revenue": NaN,
        "Gross Profit": 648,
        "Operating Income": 128,
        "EBIT": 146,
        "Net Income": 75
    },
    "2014-06-30": {
        "Diluted EPS": 0.81,
        "Total Revenue": NaN,
        "Gross Profit": 655,
        "Operating Income": 136,
        "EBIT": 153,
        "Net Income": 73
    },
    "2014-03-31": {
        "Diluted EPS": 0.75,
        "Total Revenue": NaN,
        "Gross Profit": 614,
        "Operating Income": 121,
        "EBIT": 137,
        "Net Income": 68
    },
    "2013-12-31": {
        "Diluted EPS": 0.65,
        "Total Revenue": NaN,
        "Gross Profit": 544,
        "Operating Income": 103,
        "EBIT": 118,
        "Net Income": 59
    },
    "2013-09-30": {
        "Diluted EPS": 0.72,
        "Total Revenue": NaN,
        "Gross Profit": 571,
        "Operating Income": 109,
        "EBIT": 125,
        "Net Income": 65
    },
    "2013-06-30": {
        "Diluted EPS": 0.69,
        "Total Revenue": NaN,
        "Gross Profit": 560,
        "Operating Income": 112,
        "EBIT": 127,
        "Net Income": 62
    },
    "2013-03-31": {
        "Diluted EPS": 0.64,
        "Total Revenue": NaN,
        "Gross Profit": 527,
        "Operating Income": 105,
        "EBIT": 120,
        "Net Income": 58
    },
    "2012-12-31": {
        "Diluted EPS": 0.54,
        "Total Revenue": NaN,
        "Gross Profit": 475,
        "Operating Income": 92,
        "EBIT": 104,
        "Net Income": 49
    },
    "2012-09-30": {
        "Diluted EPS": 0.45,
        "Total Revenue": NaN,
        "Gross Profit": 501,
        "Operating Income": 88,
        "EBIT": 101,
        "Net Income": 41
    },
    "2012-06-30": {
        "Diluted EPS": 0.54,
        "Total Revenue": NaN,
        "Gross Profit": 505,
        "Operating Income": 91,
        "EBIT": 104,
        "Net Income": 49
    },
    "2012-03-31": {
        "Diluted EPS": 0.52,
        "Total Revenue": NaN,
        "Gross Profit": 494,
        "Operating Income": 94,
        "EBIT": 107,
        "Net Income": 47
    },
    "2011-12-31": {
        "Diluted EPS": 0.53,
        "Total Revenue": NaN,
        "Gross Profit": 456,
        "Operating Income": 77,
        "EBIT": 87,
        "Net Income": 48
    },
    "2011-09-30": {
        "Diluted EPS": 0.61,
        "Total Revenue": NaN,
        "Gross Profit": 461,
        "Operating Income": 79,
        "EBIT": 91,
        "Net Income": 56
    },
    "2011-06-30": {
        "Diluted EPS": 0.43,
        "Total Revenue": NaN,
        "Gross Profit": 456,
        "Operating Income": 70,
        "EBIT": 82,
        "Net Income": 40
    },
    "2011-03-31": {
        "Diluted EPS": 0.37,
        "Total Revenue": NaN,
        "Gross Profit": 439,
        "Operating Income": 72,
        "EBIT": 86,
        "Net Income": 34
    },
    "2010-12-31": {
        "Diluted EPS": 0.31,
        "Total Revenue": NaN,
        "Gross Profit": 417,
        "Operating Income": 66,
        "EBIT": 77,
        "Net Income": 29
    },
    "2010-09-30": {
        "Diluted EPS": 0.33,
        "Total Revenue": NaN,
        "Gross Profit": 418,
        "Operating Income": 67,
        "EBIT": 81,
        "Net Income": 30
    },
    "2010-06-30": {
        "Diluted EPS": 0.32,
        "Total Revenue": NaN,
        "Gross Profit": 417,
        "Operating Income": 66,
        "EBIT": 79,
        "Net Income": 29
    },
    "2010-03-31": {
        "Diluted EPS": 0.22,
        "Total Revenue": NaN,
        "Gross Profit": 410,
        "Operating Income": 62,
        "EBIT": 77,
        "Net Income": 20
    },
    "2009-12-31": {
        "Diluted EPS": 0.2,
        "Total Revenue": NaN,
        "Gross Profit": 393,
        "Operating Income": 52,
        "EBIT": 66,
        "Net Income": 19
    },
    "2009-09-30": {
        "Diluted EPS": 0.3,
        "Total Revenue": NaN,
        "Gross Profit": 423,
        "Operating Income": 61,
        "EBIT": 78,
        "Net Income": 27
    },
    "2009-06-30": {
        "Diluted EPS": 0.15,
        "Total Revenue": NaN,
        "Gross Profit": 394,
        "Operating Income": 53,
        "EBIT": 70,
        "Net Income": 14
    },
    "2009-03-31": {
        "Diluted EPS": 0.18,
        "Total Revenue": NaN,
        "Gross Profit": 369,
        "Operating Income": 43,
        "EBIT": 59,
        "Net Income": 16
    },
    "2023-09-30": {
        "Tax Effect Of Unusual Items": NaN,
        "Tax Rate For Calcs": NaN,
        "Normalized EBITDA": NaN,
        "Net Income From Continuing Operation Net Minority Interest": NaN,
        "Reconciled Depreciation": NaN,
        "Reconciled Cost Of Revenue": NaN,
        "EBITDA": NaN,
        "EBIT": NaN,
        "Net Interest Income": NaN,
        "Interest Expense": NaN,
        "Normalized Income": NaN,
        "Net Income From Continuing And Discontinued Operation": NaN,
        "Total Expenses": NaN,
        "Rent Expense Supplemental": NaN,
        "Total Operating Income As Reported": NaN,
        "Diluted Average Shares": 67267230.0,
        "Basic Average Shares": 67252265.0,
        "Diluted EPS": 3.92,
        "Basic EPS": 3.92,
        "Diluted NI Availto Com Stockholders": NaN,
        "Net Income Common Stockholders": NaN,
        "Net Income": NaN,
        "Minority Interests": NaN,
        "Net Income Including Noncontrolling Interests": NaN,
        "Net Income Continuous Operations": NaN,
        "Tax Provision": NaN,
        "Pretax Income": NaN,
        "Other Income Expense": NaN,
        "Earnings From Equity Interest": NaN,
        "Net Non Operating Interest Income Expense": NaN,
        "Interest Expense Non Operating": NaN,
        "Operating Income": NaN,
        "Operating Expense": NaN,
        "Depreciation Amortization Depletion Income Statement": NaN,
        "Depreciation And Amortization In Income Statement": NaN,
        "Depreciation Income Statement": NaN,
        "Selling General And Administration": NaN,
        "Selling And Marketing Expense": NaN,
        "General And Administrative Expense": NaN,
        "Other Gand A": NaN,
        "Rent And Landing Fees": NaN,
        "Salaries And Wages": NaN,
        "Gross Profit": NaN,
        "Cost Of Revenue": NaN,
        "Total Revenue": NaN,
        "Operating Revenue": NaN
    },
    "2023-12-31": {
        "Tax Effect Of Unusual Items": 0.0,
        "Tax Rate For Calcs": 0.249414,
        "Normalized EBITDA": 355400000.0,
        "Net Income From Continuing Operation Net Minority Interest": 190700000.0,
        "Reconciled Depreciation": 37600000.0,
        "Reconciled Cost Of Revenue": 6084000000.0,
        "EBITDA": 355400000.0,
        "EBIT": 317800000.0,
        "Net Interest Income": -62000000.0,
        "Interest Expense": 62000000.0,
        "Normalized Income": 190700000.0,
        "Net Income From Continuing And Discontinued Operation": 190700000.0,
        "Total Expenses": 6965700000.0,
        "Rent Expense Supplemental": 98700000.0,
        "Total Operating Income As Reported": 265700000.0,
        "Diluted Average Shares": 67200000.0,
        "Basic Average Shares": 67200000.0,
        "Diluted EPS": 2.84,
        "Basic EPS": 2.84,
        "Diluted NI Availto Com Stockholders": 190700000.0,
        "Net Income Common Stockholders": 190700000.0,
        "Net Income": 190700000.0,
        "Minority Interests": -1300000.0,
        "Net Income Including Noncontrolling Interests": 192000000.0,
        "Net Income Continuous Operations": 192000000.0,
        "Tax Provision": 63800000.0,
        "Pretax Income": 255800000.0,
        "Other Income Expense": 11400000.0,
        "Earnings From Equity Interest": 52100000.0,
        "Net Non Operating Interest Income Expense": -62000000.0,
        "Interest Expense Non Operating": 62000000.0,
        "Operating Income": 306400000.0,
        "Operating Expense": 881700000.0,
        "Depreciation Amortization Depletion Income Statement": 37600000.0,
        "Depreciation And Amortization In Income Statement": 37600000.0,
        "Depreciation Income Statement": 37600000.0,
        "Selling General And Administration": 844100000.0,
        "Selling And Marketing Expense": 33200000.0,
        "General And Administrative Expense": 810900000.0,
        "Other Gand A": 210600000.0,
        "Rent And Landing Fees": 98700000.0,
        "Salaries And Wages": 501600000.0,
        "Gross Profit": 1188100000.0,
        "Cost Of Revenue": 6084000000.0,
        "Total Revenue": 7272100000.0,
        "Operating Revenue": 7272100000.0
    },
    "2024-03-31": {
        "Tax Effect Of Unusual Items": NaN,
        "Tax Rate For Calcs": NaN,
        "Normalized EBITDA": NaN,
        "Total Unusual Items": 0.0,
        "Total Unusual Items Excluding Goodwill": 0.0,
        "Net Income From Continuing Operation Net Minority Interest": NaN,
        "Reconciled Depreciation": NaN,
        "Reconciled Cost Of Revenue": NaN,
        "EBITDA": NaN,
        "EBIT": NaN,
        "Net Interest Income": NaN,
        "Interest Expense": NaN,
        "Normalized Income": NaN,
        "Net Income From Continuing And Discontinued Operation": NaN,
        "Total Expenses": NaN,
        "Rent Expense Supplemental": NaN,
        "Total Operating Income As Reported": NaN,
        "Diluted Average Shares": NaN,
        "Basic Average Shares": NaN,
        "Diluted EPS": NaN,
        "Basic EPS": NaN,
        "Diluted NI Availto Com Stockholders": NaN,
        "Net Income Common Stockholders": NaN,
        "Net Income": NaN,
        "Minority Interests": NaN,
        "Net Income Including Noncontrolling Interests": NaN,
        "Net Income Continuous Operations": NaN,
        "Tax Provision": NaN,
        "Pretax Income": NaN,
        "Other Income Expense": NaN,
        "Special Income Charges": 0.0,
        "Gain On Sale Of Ppe": 0.0,
        "Gain On Sale Of Business": 0.0,
        "Earnings From Equity Interest": NaN,
        "Net Non Operating Interest Income Expense": NaN,
        "Interest Expense Non Operating": NaN,
        "Operating Income": NaN,
        "Operating Expense": NaN,
        "Depreciation Amortization Depletion Income Statement": NaN,
        "Depreciation And Amortization In Income Statement": NaN,
        "Depreciation Income Statement": NaN,
        "Selling General And Administration": NaN,
        "Selling And Marketing Expense": NaN,
        "General And Administrative Expense": NaN,
        "Other Gand A": NaN,
        "Rent And Landing Fees": NaN,
        "Salaries And Wages": NaN,
        "Gross Profit": NaN,
        "Cost Of Revenue": NaN,
        "Total Revenue": NaN,
        "Operating Revenue": NaN
    },
    "2024-06-30": {
        "Tax Effect Of Unusual Items": 0.0,
        "Tax Rate For Calcs": 0.254,
        "Normalized EBITDA": 430600000.0,
        "Total Unusual Items": 0.0,
        "Total Unusual Items Excluding Goodwill": 0.0,
        "Net Income From Continuing Operation Net Minority Interest": 241200000.0,
        "Reconciled Depreciation": 38600000.0,
        "Reconciled Cost Of Revenue": 6432600000.0,
        "EBITDA": 430600000.0,
        "EBIT": 392000000.0,
        "Net Interest Income": -66500000.0,
        "Interest Expense": 66500000.0,
        "Normalized Income": 241200000.0,
        "Net Income From Continuing And Discontinued Operation": 241200000.0,
        "Total Expenses": 7358700000.0,
        "Rent Expense Supplemental": 103700000.0,
        "Total Operating Income As Reported": 338000000.0,
        "Diluted Average Shares": 66900000.0,
        "Basic Average Shares": 66900000.0,
        "Diluted EPS": 3.61,
        "Basic EPS": 3.61,
        "Diluted NI Availto Com Stockholders": 241200000.0,
        "Net Income Common Stockholders": 241200000.0,
        "Net Income": 241200000.0,
        "Minority Interests": -1700000.0,
        "Net Income Including Noncontrolling Interests": 242900000.0,
        "Net Income Continuous Operations": 242900000.0,
        "Tax Provision": 82600000.0,
        "Pretax Income": 325500000.0,
        "Other Income Expense": 54000000.0,
        "Special Income Charges": 0.0,
        "Gain On Sale Of Ppe": NaN,
        "Gain On Sale Of Business": 0.0,
        "Earnings From Equity Interest": 54000000.0,
        "Net Non Operating Interest Income Expense": -66500000.0,
        "Interest Expense Non Operating": 66500000.0,
        "Operating Income": 338000000.0,
        "Operating Expense": 926100000.0,
        "Depreciation Amortization Depletion Income Statement": 38600000.0,
        "Depreciation And Amortization In Income Statement": 38600000.0,
        "Depreciation Income Statement": 38600000.0,
        "Selling General And Administration": 887500000.0,
        "Selling And Marketing Expense": 34300000.0,
        "General And Administrative Expense": 853200000.0,
        "Other Gand A": 221200000.0,
        "Rent And Landing Fees": 103700000.0,
        "Salaries And Wages": 528300000.0,
        "Gross Profit": 1264100000.0,
        "Cost Of Revenue": 6432600000.0,
        "Total Revenue": 7696700000.0,
        "Operating Revenue": 7696700000.0
    },
    "2024-09-30": {
        "Tax Effect Of Unusual Items": 0.0,
        "Tax Rate For Calcs": 0.254,
        "Normalized EBITDA": 418700000.0,
        "Total Unusual Items": NaN,
        "Total Unusual Items Excluding Goodwill": NaN,
        "Net Income From Continuing Operation Net Minority Interest": 226100000.0,
        "Reconciled Depreciation": 40600000.0,
        "Reconciled Cost Of Revenue": 6347600000.0,
        "EBITDA": 418700000.0,
        "EBIT": 378100000.0,
        "Net Interest Income": -73700000.0,
        "Interest Expense": 73700000.0,
        "Normalized Income": 226100000.0,
        "Net Income From Continuing And Discontinued Operation": 226100000.0,
        "Total Expenses": 7273400000.0,
        "Rent Expense Supplemental": 106600000.0,
        "Total Operating Income As Reported": 317400000.0,
        "Diluted Average Shares": 66800000.0,
        "Basic Average Shares": 66800000.0,
        "Diluted EPS": 3.39,
        "Basic EPS": 3.39,
        "Diluted NI Availto Com Stockholders": 226100000.0,
        "Net Income Common Stockholders": 226100000.0,
        "Net Income": 226100000.0,
        "Minority Interests": -900000.0,
        "Net Income Including Noncontrolling Interests": 227000000.0,
        "Net Income Continuous Operations": 227000000.0,
        "Tax Provision": 77400000.0,
        "Pretax Income": 304400000.0,
        "Other Income Expense": 60700000.0,
        "Special Income Charges": NaN,
        "Gain On Sale Of Ppe": NaN,
        "Gain On Sale Of Business": NaN,
        "Earnings From Equity Interest": 60700000.0,
        "Net Non Operating Interest Income Expense": -73700000.0,
        "Interest Expense Non Operating": 73700000.0,
        "Operating Income": 317400000.0,
        "Operating Expense": 925800000.0,
        "Depreciation Amortization Depletion Income Statement": 40600000.0,
        "Depreciation And Amortization In Income Statement": 40600000.0,
        "Depreciation Income Statement": 40600000.0,
        "Selling General And Administration": 885200000.0,
        "Selling And Marketing Expense": 33900000.0,
        "General And Administrative Expense": 851300000.0,
        "Other Gand A": 214700000.0,
        "Rent And Landing Fees": 106600000.0,
        "Salaries And Wages": 530000000.0,
        "Gross Profit": 1243200000.0,
        "Cost Of Revenue": 6347600000.0,
        "Total Revenue": 7590800000.0,
        "Operating Revenue": 7590800000.0
    },
    "2024-12-31": {
        "Tax Effect Of Unusual Items": 0.0,
        "Tax Rate For Calcs": 0.247145,
        "Normalized EBITDA": 427500000.0,
        "Total Unusual Items": NaN,
        "Total Unusual Items Excluding Goodwill": NaN,
        "Net Income From Continuing Operation Net Minority Interest": 236400000.0,
        "Reconciled Depreciation": 41000000.0,
        "Reconciled Cost Of Revenue": 6459100000.0,
        "EBITDA": 427500000.0,
        "EBIT": 386500000.0,
        "Net Interest Income": -71300000.0,
        "Interest Expense": 71300000.0,
        "Normalized Income": 236400000.0,
        "Net Income From Continuing And Discontinued Operation": 236400000.0,
        "Total Expenses": 7386100000.0,
        "Rent Expense Supplemental": 104500000.0,
        "Total Operating Income As Reported": 333800000.0,
        "Diluted Average Shares": 66800000.0,
        "Basic Average Shares": 66800000.0,
        "Diluted EPS": 3.54,
        "Basic EPS": 3.54,
        "Diluted NI Availto Com Stockholders": 236400000.0,
        "Net Income Common Stockholders": 236400000.0,
        "Net Income": 236400000.0,
        "Minority Interests": -900000.0,
        "Net Income Including Noncontrolling Interests": 237300000.0,
        "Net Income Continuous Operations": 237300000.0,
        "Tax Provision": 77900000.0,
        "Pretax Income": 315200000.0,
        "Other Income Expense": 52700000.0,
        "Special Income Charges": NaN,
        "Gain On Sale Of Ppe": NaN,
        "Gain On Sale Of Business": NaN,
        "Earnings From Equity Interest": 52700000.0,
        "Net Non Operating Interest Income Expense": -71300000.0,
        "Interest Expense Non Operating": 71300000.0,
        "Operating Income": 333800000.0,
        "Operating Expense": 927000000.0,
        "Depreciation Amortization Depletion Income Statement": 41000000.0,
        "Depreciation And Amortization In Income Statement": 41000000.0,
        "Depreciation Income Statement": 41000000.0,
        "Selling General And Administration": 886000000.0,
        "Selling And Marketing Expense": 33000000.0,
        "General And Administrative Expense": 853000000.0,
        "Other Gand A": 215800000.0,
        "Rent And Landing Fees": 104500000.0,
        "Salaries And Wages": 532700000.0,
        "Gross Profit": 1260800000.0,
        "Cost Of Revenue": 6459100000.0,
        "Total Revenue": 7719900000.0,
        "Operating Revenue": 7719900000.0
    },
    "2025-03-31": {
        "Tax Effect Of Unusual Items": 14277900.0,
        "Tax Rate For Calcs": 0.273,
        "Normalized EBITDA": 388700000.0,
        "Total Unusual Items": 52300000.0,
        "Total Unusual Items Excluding Goodwill": 52300000.0,
        "Net Income From Continuing Operation Net Minority Interest": 244300000.0,
        "Reconciled Depreciation": 39900000.0,
        "Reconciled Cost Of Revenue": 6335500000.0,
        "EBITDA": 441000000.0,
        "EBIT": 401100000.0,
        "Net Interest Income": -64000000.0,
        "Interest Expense": 64000000.0,
        "Normalized Income": 206277900.0,
        "Net Income From Continuing And Discontinued Operation": 244300000.0,
        "Total Expenses": 7289000000.0,
        "Rent Expense Supplemental": 105300000.0,
        "Total Operating Income As Reported": 315500000.0,
        "Diluted Average Shares": 66800000.0,
        "Basic Average Shares": 66800000.0,
        "Diluted EPS": 3.66,
        "Basic EPS": 3.66,
        "Diluted NI Availto Com Stockholders": 244300000.0,
        "Net Income Common Stockholders": 244300000.0,
        "Net Income": 244300000.0,
        "Minority Interests": -700000.0,
        "Net Income Including Noncontrolling Interests": 245000000.0,
        "Net Income Continuous Operations": 245000000.0,
        "Tax Provision": 92100000.0,
        "Pretax Income": 337100000.0,
        "Other Income Expense": 85600000.0,
        "Special Income Charges": 52300000.0,
        "Gain On Sale Of Ppe": 52300000.0,
        "Gain On Sale Of Business": 52300000.0,
        "Earnings From Equity Interest": 33300000.0,
        "Net Non Operating Interest Income Expense": -64000000.0,
        "Interest Expense Non Operating": 64000000.0,
        "Operating Income": 315500000.0,
        "Operating Expense": 953500000.0,
        "Depreciation Amortization Depletion Income Statement": 39900000.0,
        "Depreciation And Amortization In Income Statement": 39900000.0,
        "Depreciation Income Statement": 39900000.0,
        "Selling General And Administration": 913600000.0,
        "Selling And Marketing Expense": 30000000.0,
        "General And Administrative Expense": 883600000.0,
        "Other Gand A": 246800000.0,
        "Rent And Landing Fees": 105300000.0,
        "Salaries And Wages": 531500000.0,
        "Gross Profit": 1269000000.0,
        "Cost Of Revenue": 6335500000.0,
        "Total Revenue": 7604500000.0,
        "Operating Revenue": 7604500000.0
    },
    "2025-06-30": {
        "Tax Effect Of Unusual Items": 0.0,
        "Tax Rate For Calcs": 0.255,
        "Normalized EBITDA": 443900000.0,
        "Total Unusual Items": 0.0,
        "Total Unusual Items Excluding Goodwill": 0.0,
        "Net Income From Continuing Operation Net Minority Interest": 250000000.0,
        "Reconciled Depreciation": 42100000.0,
        "Reconciled Cost Of Revenue": 6365700000.0,
        "EBITDA": 443900000.0,
        "EBIT": 401800000.0,
        "Net Interest Income": -64900000.0,
        "Interest Expense": 64900000.0,
        "Normalized Income": 250000000.0,
        "Net Income From Continuing And Discontinued Operation": 250000000.0,
        "Total Expenses": 7314100000.0,
        "Rent Expense Supplemental": 108200000.0,
        "Total Operating Income As Reported": 348200000.0,
        "Diluted Average Shares": 66200000.0,
        "Basic Average Shares": 66200000.0,
        "Diluted EPS": 3.78,
        "Basic EPS": 3.78,
        "Diluted NI Availto Com Stockholders": 250000000.0,
        "Net Income Common Stockholders": 250000000.0,
        "Net Income": 250000000.0,
        "Minority Interests": -900000.0,
        "Net Income Including Noncontrolling Interests": 250900000.0,
        "Net Income Continuous Operations": 250900000.0,
        "Tax Provision": 86000000.0,
        "Pretax Income": 336900000.0,
        "Other Income Expense": 53600000.0,
        "Special Income Charges": 0.0,
        "Gain On Sale Of Ppe": NaN,
        "Gain On Sale Of Business": 0.0,
        "Earnings From Equity Interest": 53600000.0,
        "Net Non Operating Interest Income Expense": -64900000.0,
        "Interest Expense Non Operating": 64900000.0,
        "Operating Income": 348200000.0,
        "Operating Expense": 948400000.0,
        "Depreciation Amortization Depletion Income Statement": 42100000.0,
        "Depreciation And Amortization In Income Statement": 42100000.0,
        "Depreciation Income Statement": 42100000.0,
        "Selling General And Administration": 906300000.0,
        "Selling And Marketing Expense": 32500000.0,
        "General And Administrative Expense": 873800000.0,
        "Other Gand A": 214200000.0,
        "Rent And Landing Fees": 108200000.0,
        "Salaries And Wages": 551400000.0,
        "Gross Profit": 1296600000.0,
        "Cost Of Revenue": 6365700000.0,
        "Total Revenue": 7662300000.0,
        "Operating Revenue": 7662300000.0
    }
}