{
    "2024-09-30": {
        "Tax Effect Of Unusual Items": 47271.414822,
        "Tax Rate For Calcs": 0.226179,
        "Normalized EBITDA": 23585000.0,
        "Total Unusual Items": 209000.0,
        "Total Unusual Items Excluding Goodwill": 209000.0,
        "Net Income From Continuing Operation Net Minority Interest": 2412000.0,
        "Reconciled Depreciation": 17741000.0,
        "Reconciled Cost Of Revenue": 170588000.0,
        "EBITDA": 23794000.0,
        "EBIT": 6053000.0,
        "Net Interest Income": -2936000.0,
        "Interest Expense": 2936000.0,
        "Normalized Income": 2250271.414822,
        "Net Income From Continuing And Discontinued Operation": 2412000.0,
        "Total Expenses": 180477000.0,
        "Rent Expense Supplemental": 73129000.0,
        "Total Operating Income As Reported": 2309000.0,
        "Diluted Average Shares": 21825000.0,
        "Basic Average Shares": 21782534.0,
        "Diluted EPS": 0.11,
        "Basic EPS": 0.110731,
        "Diluted NI Availto Com Stockholders": 2412000.0,
        "Net Income Common Stockholders": 2412000.0,
        "Net Income": 2412000.0,
        "Net Income Including Noncontrolling Interests": 2412000.0,
        "Net Income Continuous Operations": 2412000.0,
        "Tax Provision": 705000.0,
        "Pretax Income": 3117000.0,
        "Other Income Expense": 3953000.0,
        "Other Non Operating Income Expenses": 3744000.0,
        "Special Income Charges": 209000.0,
        "Gain On Sale Of Ppe": 209000.0,
        "Net Non Operating Interest Income Expense": -2936000.0,
        "Interest Expense Non Operating": 2936000.0,
        "Operating Income": 2100000.0,
        "Operating Expense": 9889000.0,
        "Other Operating Expenses": 5121000.0,
        "Selling General And Administration": 4768000.0,
        "General And Administrative Expense": 4768000.0,
        "Insurance And Claims": 4768000.0,
        "Gross Profit": 11989000.0,
        "Cost Of Revenue": 170588000.0,
        "Total Revenue": 182577000.0,
        "Operating Revenue": 182577000.0
    },
    "2024-06-30": {
        "Tax Effect Of Unusual Items": 31992.063492,
        "Tax Rate For Calcs": 0.230159,
        "Normalized EBITDA": 18070000.0,
        "Total Unusual Items": 139000.0,
        "Total Unusual Items Excluding Goodwill": 139000.0,
        "Net Income From Continuing Operation Net Minority Interest": -2910000.0,
        "Reconciled Depreciation": 18705000.0,
        "Reconciled Cost Of Revenue": 172576000.0,
        "EBITDA": 18209000.0,
        "EBIT": -496000.0,
        "Net Interest Income": -3284000.0,
        "Interest Expense": 3284000.0,
        "Normalized Income": -3017007.936508,
        "Net Income From Continuing And Discontinued Operation": -2910000.0,
        "Total Expenses": 183792000.0,
        "Rent Expense Supplemental": 74803000.0,
        "Total Operating Income As Reported": -705000.0,
        "Diluted Average Shares": 21932000.0,
        "Basic Average Shares": 21755011.0,
        "Diluted EPS": -0.133762,
        "Basic EPS": -0.133762,
        "Diluted NI Availto Com Stockholders": -2910000.0,
        "Net Income Common Stockholders": -2910000.0,
        "Net Income": -2910000.0,
        "Net Income Including Noncontrolling Interests": -2910000.0,
        "Net Income Continuous Operations": -2910000.0,
        "Tax Provision": -870000.0,
        "Pretax Income": -3780000.0,
        "Other Income Expense": 348000.0,
        "Other Non Operating Income Expenses": 209000.0,
        "Special Income Charges": 139000.0,
        "Gain On Sale Of Ppe": 139000.0,
        "Net Non Operating Interest Income Expense": -3284000.0,
        "Interest Expense Non Operating": 3284000.0,
        "Operating Income": -844000.0,
        "Operating Expense": 11216000.0,
        "Other Operating Expenses": 5752000.0,
        "Selling General And Administration": 5464000.0,
        "General And Administrative Expense": 5464000.0,
        "Insurance And Claims": 5464000.0,
        "Gross Profit": 10372000.0,
        "Cost Of Revenue": 172576000.0,
        "Total Revenue": 182948000.0,
        "Operating Revenue": 182948000.0
    },
    "2024-03-31": {
        "Tax Effect Of Unusual Items": -61587.301587,
        "Tax Rate For Calcs": 0.256614,
        "Normalized EBITDA": 22436000.0,
        "Total Unusual Items": -240000.0,
        "Total Unusual Items Excluding Goodwill": -240000.0,
        "Net Income From Continuing Operation Net Minority Interest": 281000.0,
        "Reconciled Depreciation": 18935000.0,
        "Reconciled Cost Of Revenue": 170989000.0,
        "EBITDA": 22196000.0,
        "EBIT": 3261000.0,
        "Net Interest Income": -2883000.0,
        "Interest Expense": 2883000.0,
        "Normalized Income": 459412.698413,
        "Net Income From Continuing And Discontinued Operation": 281000.0,
        "Total Expenses": 183029000.0,
        "Rent Expense Supplemental": 73279000.0,
        "Total Operating Income As Reported": -677000.0,
        "Diluted Average Shares": 22127000.0,
        "Basic Average Shares": 22031000.0,
        "Diluted EPS": 0.01,
        "Basic EPS": 0.01,
        "Diluted NI Availto Com Stockholders": 281000.0,
        "Net Income Common Stockholders": 281000.0,
        "Net Income": 281000.0,
        "Net Income Including Noncontrolling Interests": 281000.0,
        "Net Income Continuous Operations": 281000.0,
        "Tax Provision": 97000.0,
        "Pretax Income": 378000.0,
        "Other Income Expense": 3698000.0,
        "Other Non Operating Income Expenses": 3938000.0,
        "Special Income Charges": -240000.0,
        "Gain On Sale Of Ppe": -240000.0,
        "Net Non Operating Interest Income Expense": -2883000.0,
        "Interest Expense Non Operating": 2883000.0,
        "Operating Income": -437000.0,
        "Operating Expense": 12040000.0,
        "Other Operating Expenses": 7179000.0,
        "Selling General And Administration": 4861000.0,
        "General And Administrative Expense": 4861000.0,
        "Insurance And Claims": 4861000.0,
        "Gross Profit": 11603000.0,
        "Cost Of Revenue": 170989000.0,
        "Total Revenue": 182592000.0,
        "Operating Revenue": 182592000.0
    },
    "2023-12-31": {
        "Tax Effect Of Unusual Items": -27720.0,
        "Tax Rate For Calcs": 0.21,
        "Normalized EBITDA": 19838000.0,
        "Total Unusual Items": -132000.0,
        "Total Unusual Items Excluding Goodwill": -132000.0,
        "Net Income From Continuing Operation Net Minority Interest": -2232000.0,
        "Reconciled Depreciation": 16800000.0,
        "Reconciled Cost Of Revenue": 169450000.0,
        "EBITDA": 19706000.0,
        "EBIT": 2906000.0,
        "Net Interest Income": -2612000.0,
        "Interest Expense": 2612000.0,
        "Normalized Income": -2127720.0,
        "Net Income From Continuing And Discontinued Operation": -2232000.0,
        "Total Expenses": 180847000.0,
        "Rent Expense Supplemental": 71627000.0,
        "Total Operating Income As Reported": -811000.0,
        "Diluted Average Shares": 22021341.0,
        "Basic Average Shares": 22021341.0,
        "Diluted EPS": -0.101311,
        "Basic EPS": -0.101311,
        "Diluted NI Availto Com Stockholders": -2232000.0,
        "Net Income Common Stockholders": -2232000.0,
        "Net Income": -2232000.0,
        "Net Income Including Noncontrolling Interests": -2232000.0,
        "Net Income Continuous Operations": -2232000.0,
        "Tax Provision": 2526000.0,
        "Pretax Income": 294000.0,
        "Other Income Expense": 3585000.0,
        "Other Non Operating Income Expenses": 3717000.0,
        "Special Income Charges": -132000.0,
        "Gain On Sale Of Ppe": -132000.0,
        "Net Non Operating Interest Income Expense": -2612000.0,
        "Interest Expense Non Operating": 2612000.0,
        "Operating Income": -679000.0,
        "Operating Expense": 11397000.0,
        "Other Operating Expenses": 5833000.0,
        "Selling General And Administration": 5564000.0,
        "General And Administrative Expense": 5564000.0,
        "Insurance And Claims": 5564000.0,
        "Gross Profit": 10718000.0,
        "Cost Of Revenue": 169450000.0,
        "Total Revenue": 180168000.0,
        "Operating Revenue": 180168000.0
    },
    "2023-09-30": {
        "Tax Effect Of Unusual Items": NaN,
        "Tax Rate For Calcs": NaN,
        "Normalized EBITDA": NaN,
        "Total Unusual Items": NaN,
        "Total Unusual Items Excluding Goodwill": NaN,
        "Net Income From Continuing Operation Net Minority Interest": NaN,
        "Reconciled Depreciation": NaN,
        "Reconciled Cost Of Revenue": NaN,
        "EBITDA": NaN,
        "EBIT": NaN,
        "Net Interest Income": NaN,
        "Interest Expense": NaN,
        "Normalized Income": NaN,
        "Net Income From Continuing And Discontinued Operation": NaN,
        "Total Expenses": NaN,
        "Rent Expense Supplemental": NaN,
        "Total Operating Income As Reported": NaN,
        "Diluted Average Shares": 22139000.0,
        "Basic Average Shares": 22021000.0,
        "Diluted EPS": 0.28,
        "Basic EPS": 0.28,
        "Diluted NI Availto Com Stockholders": NaN,
        "Net Income Common Stockholders": NaN,
        "Net Income": NaN,
        "Net Income Including Noncontrolling Interests": NaN,
        "Net Income Continuous Operations": NaN,
        "Tax Provision": NaN,
        "Pretax Income": NaN,
        "Other Income Expense": NaN,
        "Other Non Operating Income Expenses": NaN,
        "Special Income Charges": NaN,
        "Gain On Sale Of Ppe": NaN,
        "Net Non Operating Interest Income Expense": NaN,
        "Interest Expense Non Operating": NaN,
        "Operating Income": NaN,
        "Operating Expense": NaN,
        "Other Operating Expenses": NaN,
        "Selling General And Administration": NaN,
        "General And Administrative Expense": NaN,
        "Insurance And Claims": NaN,
        "Gross Profit": NaN,
        "Cost Of Revenue": NaN,
        "Total Revenue": NaN,
        "Operating Revenue": NaN
    },
    "2024-12-31": {
        "Tax Effect Of Unusual Items": -1708681.878772,
        "Tax Rate For Calcs": 0.234677,
        "Normalized EBITDA": 14039000.0,
        "Total Unusual Items": -7281000.0,
        "Total Unusual Items Excluding Goodwill": -7281000.0,
        "Net Income From Continuing Operation Net Minority Interest": -31578000.0,
        "Reconciled Depreciation": 43883000.0,
        "Reconciled Cost Of Revenue": 185971000.0,
        "EBITDA": 6758000.0,
        "EBIT": -37125000.0,
        "Net Interest Income": -4136000.0,
        "Interest Expense": 4136000.0,
        "Normalized Income": -26005681.878772,
        "Net Income From Continuing And Discontinued Operation": -31578000.0,
        "Total Expenses": 196942000.0,
        "Rent Expense Supplemental": 68183000.0,
        "Total Operating Income As Reported": -37693000.0,
        "Diluted Average Shares": 21783000.0,
        "Basic Average Shares": 21782534.0,
        "Diluted EPS": -1.45,
        "Basic EPS": -1.449694,
        "Diluted NI Availto Com Stockholders": -31578000.0,
        "Net Income Common Stockholders": -31578000.0,
        "Net Income": -31578000.0,
        "Net Income Including Noncontrolling Interests": -31578000.0,
        "Net Income Continuous Operations": -31578000.0,
        "Tax Provision": -9683000.0,
        "Pretax Income": -41261000.0,
        "Other Income Expense": -6713000.0,
        "Other Non Operating Income Expenses": 568000.0,
        "Special Income Charges": -7281000.0,
        "Gain On Sale Of Ppe": -875000.0,
        "Net Non Operating Interest Income Expense": -4136000.0,
        "Interest Expense Non Operating": 4136000.0,
        "Operating Income": -30412000.0,
        "Operating Expense": 10971000.0,
        "Other Operating Expenses": 6286000.0,
        "Selling General And Administration": 4685000.0,
        "General And Administrative Expense": 4685000.0,
        "Insurance And Claims": 4685000.0,
        "Gross Profit": -19441000.0,
        "Cost Of Revenue": 185971000.0,
        "Total Revenue": 166530000.0,
        "Operating Revenue": 166530000.0
    },
    "2025-03-31": {
        "Tax Effect Of Unusual Items": 729388.0,
        "Tax Rate For Calcs": 0.242,
        "Normalized EBITDA": 12875000.0,
        "Total Unusual Items": 3014000.0,
        "Total Unusual Items Excluding Goodwill": 3014000.0,
        "Net Income From Continuing Operation Net Minority Interest": -8142000.0,
        "Reconciled Depreciation": 22595000.0,
        "Reconciled Cost Of Revenue": 157767000.0,
        "EBITDA": 15889000.0,
        "EBIT": -6706000.0,
        "Net Interest Income": -4042000.0,
        "Interest Expense": 4042000.0,
        "Normalized Income": -10426612.0,
        "Net Income From Continuing And Discontinued Operation": -8142000.0,
        "Total Expenses": 167547000.0,
        "Rent Expense Supplemental": 62973000.0,
        "Total Operating Income As Reported": -9191000.0,
        "Diluted Average Shares": 21787000.0,
        "Basic Average Shares": 21787000.0,
        "Diluted EPS": -0.37,
        "Basic EPS": -0.37,
        "Diluted NI Availto Com Stockholders": -8142000.0,
        "Net Income Common Stockholders": -8142000.0,
        "Net Income": -8142000.0,
        "Net Income Including Noncontrolling Interests": -8142000.0,
        "Net Income Continuous Operations": -8142000.0,
        "Tax Provision": -2606000.0,
        "Pretax Income": -10748000.0,
        "Other Income Expense": 5499000.0,
        "Other Non Operating Income Expenses": 2485000.0,
        "Special Income Charges": 3014000.0,
        "Gain On Sale Of Ppe": 3014000.0,
        "Net Non Operating Interest Income Expense": -4042000.0,
        "Interest Expense Non Operating": 4042000.0,
        "Operating Income": -12205000.0,
        "Operating Expense": 9780000.0,
        "Other Operating Expenses": 4999000.0,
        "Selling General And Administration": 4781000.0,
        "General And Administrative Expense": 4781000.0,
        "Insurance And Claims": 4781000.0,
        "Gross Profit": -2425000.0,
        "Cost Of Revenue": 157767000.0,
        "Total Revenue": 155342000.0,
        "Operating Revenue": 155342000.0
    },
    "2025-06-30": {
        "Tax Effect Of Unusual Items": 1104015.734538,
        "Tax Rate For Calcs": 0.250117,
        "Normalized EBITDA": 8500000.0,
        "Total Unusual Items": 4414000.0,
        "Total Unusual Items Excluding Goodwill": 4414000.0,
        "Net Income From Continuing Operation Net Minority Interest": -9627000.0,
        "Reconciled Depreciation": 21720000.0,
        "Reconciled Cost Of Revenue": 156464000.0,
        "EBITDA": 12914000.0,
        "EBIT": -8806000.0,
        "Net Interest Income": -4032000.0,
        "Interest Expense": 4032000.0,
        "Normalized Income": -12936984.265462,
        "Net Income From Continuing And Discontinued Operation": -9627000.0,
        "Total Expenses": 166617000.0,
        "Rent Expense Supplemental": 64866000.0,
        "Total Operating Income As Reported": -11069000.0,
        "Diluted Average Shares": 21095000.0,
        "Basic Average Shares": 21095000.0,
        "Diluted EPS": -0.46,
        "Basic EPS": -0.46,
        "Diluted NI Availto Com Stockholders": -9627000.0,
        "Net Income Common Stockholders": -9627000.0,
        "Net Income": -9627000.0,
        "Net Income Including Noncontrolling Interests": -9627000.0,
        "Net Income Continuous Operations": -9627000.0,
        "Tax Provision": -3211000.0,
        "Pretax Income": -12838000.0,
        "Other Income Expense": 6677000.0,
        "Other Non Operating Income Expenses": 2263000.0,
        "Special Income Charges": 4414000.0,
        "Gain On Sale Of Ppe": 4414000.0,
        "Net Non Operating Interest Income Expense": -4032000.0,
        "Interest Expense Non Operating": 4032000.0,
        "Operating Income": -15483000.0,
        "Operating Expense": 10153000.0,
        "Other Operating Expenses": 4986000.0,
        "Selling General And Administration": 5167000.0,
        "General And Administrative Expense": 5167000.0,
        "Insurance And Claims": 5167000.0,
        "Gross Profit": -5330000.0,
        "Cost Of Revenue": 156464000.0,
        "Total Revenue": 151134000.0,
        "Operating Revenue": 151134000.0
    }
}