{
    "2023-03-31": {
        "Tax Effect Of Unusual Items": NaN,
        "Tax Rate For Calcs": NaN,
        "Normalized EBITDA": NaN,
        "Total Unusual Items": NaN,
        "Total Unusual Items Excluding Goodwill": NaN,
        "Net Income From Continuing Operation Net Minority Interest": NaN,
        "Reconciled Depreciation": NaN,
        "Reconciled Cost Of Revenue": NaN,
        "EBITDA": NaN,
        "EBIT": NaN,
        "Net Interest Income": NaN,
        "Interest Expense": NaN,
        "Interest Income": NaN,
        "Normalized Income": NaN,
        "Net Income From Continuing And Discontinued Operation": NaN,
        "Total Expenses": NaN,
        "Total Operating Income As Reported": NaN,
        "Diluted Average Shares": NaN,
        "Basic Average Shares": NaN,
        "Diluted EPS": NaN,
        "Basic EPS": NaN,
        "Diluted NI Availto Com Stockholders": NaN,
        "Net Income Common Stockholders": NaN,
        "Net Income": NaN,
        "Minority Interests": NaN,
        "Net Income Including Noncontrolling Interests": NaN,
        "Net Income Discontinuous Operations": NaN,
        "Net Income Continuous Operations": NaN,
        "Earnings From Equity Interest Net Of Tax": NaN,
        "Tax Provision": NaN,
        "Pretax Income": NaN,
        "Other Income Expense": NaN,
        "Other Non Operating Income Expenses": NaN,
        "Special Income Charges": NaN,
        "Gain On Sale Of Ppe": 0.0,
        "Impairment Of Capital Assets": NaN,
        "Restructuring And Mergern Acquisition": NaN,
        "Gain On Sale Of Security": NaN,
        "Net Non Operating Interest Income Expense": NaN,
        "Interest Expense Non Operating": NaN,
        "Interest Income Non Operating": NaN,
        "Operating Income": NaN,
        "Operating Expense": NaN,
        "Depreciation Amortization Depletion Income Statement": NaN,
        "Depreciation And Amortization In Income Statement": NaN,
        "Selling General And Administration": NaN,
        "General And Administrative Expense": NaN,
        "Other Gand A": NaN,
        "Salaries And Wages": NaN,
        "Gross Profit": NaN,
        "Cost Of Revenue": NaN,
        "Total Revenue": NaN,
        "Operating Revenue": NaN
    },
    "2022-12-31": {
        "Tax Effect Of Unusual Items": NaN,
        "Tax Rate For Calcs": NaN,
        "Normalized EBITDA": NaN,
        "Total Unusual Items": NaN,
        "Total Unusual Items Excluding Goodwill": NaN,
        "Net Income From Continuing Operation Net Minority Interest": NaN,
        "Reconciled Depreciation": NaN,
        "Reconciled Cost Of Revenue": NaN,
        "EBITDA": NaN,
        "EBIT": NaN,
        "Net Interest Income": NaN,
        "Interest Expense": NaN,
        "Interest Income": NaN,
        "Normalized Income": NaN,
        "Net Income From Continuing And Discontinued Operation": NaN,
        "Total Expenses": NaN,
        "Total Operating Income As Reported": NaN,
        "Diluted Average Shares": NaN,
        "Basic Average Shares": NaN,
        "Diluted EPS": NaN,
        "Basic EPS": NaN,
        "Diluted NI Availto Com Stockholders": NaN,
        "Net Income Common Stockholders": NaN,
        "Net Income": NaN,
        "Minority Interests": NaN,
        "Net Income Including Noncontrolling Interests": NaN,
        "Net Income Discontinuous Operations": NaN,
        "Net Income Continuous Operations": NaN,
        "Earnings From Equity Interest Net Of Tax": NaN,
        "Tax Provision": NaN,
        "Pretax Income": NaN,
        "Other Income Expense": NaN,
        "Other Non Operating Income Expenses": -3000000.0,
        "Special Income Charges": NaN,
        "Gain On Sale Of Ppe": NaN,
        "Gain On Sale Of Business": 0.0,
        "Other Special Charges": 0.0,
        "Impairment Of Capital Assets": NaN,
        "Restructuring And Mergern Acquisition": NaN,
        "Gain On Sale Of Security": NaN,
        "Net Non Operating Interest Income Expense": NaN,
        "Interest Expense Non Operating": NaN,
        "Interest Income Non Operating": NaN,
        "Operating Income": NaN,
        "Operating Expense": NaN,
        "Depreciation Amortization Depletion Income Statement": NaN,
        "Depreciation And Amortization In Income Statement": NaN,
        "Selling General And Administration": NaN,
        "General And Administrative Expense": NaN,
        "Other Gand A": NaN,
        "Salaries And Wages": NaN,
        "Gross Profit": NaN,
        "Cost Of Revenue": NaN,
        "Total Revenue": NaN,
        "Operating Revenue": NaN
    },
    "2022-09-30": {
        "Tax Effect Of Unusual Items": NaN,
        "Tax Rate For Calcs": NaN,
        "Normalized EBITDA": NaN,
        "Total Unusual Items": NaN,
        "Total Unusual Items Excluding Goodwill": NaN,
        "Net Income From Continuing Operation Net Minority Interest": NaN,
        "Reconciled Depreciation": NaN,
        "Reconciled Cost Of Revenue": NaN,
        "EBITDA": NaN,
        "EBIT": NaN,
        "Net Interest Income": NaN,
        "Interest Expense": NaN,
        "Interest Income": NaN,
        "Normalized Income": NaN,
        "Net Income From Continuing And Discontinued Operation": NaN,
        "Total Expenses": NaN,
        "Total Operating Income As Reported": NaN,
        "Diluted Average Shares": 650000000.0,
        "Basic Average Shares": 649000000.0,
        "Diluted EPS": 0.33,
        "Basic EPS": 0.33,
        "Diluted NI Availto Com Stockholders": NaN,
        "Net Income Common Stockholders": NaN,
        "Net Income": NaN,
        "Minority Interests": NaN,
        "Net Income Including Noncontrolling Interests": NaN,
        "Net Income Discontinuous Operations": NaN,
        "Net Income Continuous Operations": NaN,
        "Earnings From Equity Interest Net Of Tax": NaN,
        "Tax Provision": NaN,
        "Pretax Income": NaN,
        "Other Income Expense": NaN,
        "Other Non Operating Income Expenses": 1000000.0,
        "Special Income Charges": NaN,
        "Gain On Sale Of Ppe": 41000000.0,
        "Gain On Sale Of Business": 41000000.0,
        "Other Special Charges": NaN,
        "Restructuring And Mergern Acquisition": NaN,
        "Gain On Sale Of Security": NaN,
        "Net Non Operating Interest Income Expense": NaN,
        "Interest Expense Non Operating": NaN,
        "Interest Income Non Operating": NaN,
        "Operating Income": NaN,
        "Operating Expense": NaN,
        "Depreciation Amortization Depletion Income Statement": NaN,
        "Depreciation And Amortization In Income Statement": NaN,
        "Selling General And Administration": NaN,
        "General And Administrative Expense": NaN,
        "Other Gand A": NaN,
        "Salaries And Wages": NaN,
        "Gross Profit": NaN,
        "Cost Of Revenue": NaN,
        "Total Revenue": NaN,
        "Operating Revenue": NaN
    },
    "2022-06-30": {
        "Tax Effect Of Unusual Items": -30129000.0,
        "Tax Rate For Calcs": 0.249,
        "Normalized EBITDA": 964000000.0,
        "Total Unusual Items": -121000000.0,
        "Total Unusual Items Excluding Goodwill": -121000000.0,
        "Net Income From Continuing Operation Net Minority Interest": 358000000.0,
        "Reconciled Depreciation": 94000000.0,
        "Reconciled Cost Of Revenue": 5106000000.0,
        "EBITDA": 843000000.0,
        "EBIT": 749000000.0,
        "Net Interest Income": -211000000.0,
        "Interest Expense": 230000000.0,
        "Interest Income": 19000000.0,
        "Normalized Income": 448871000.0,
        "Net Income From Continuing And Discontinued Operation": 419000000.0,
        "Total Expenses": 6926000000.0,
        "Total Operating Income As Reported": 819000000.0,
        "Diluted Average Shares": 650000000.0,
        "Basic Average Shares": 649000000.0,
        "Diluted EPS": 0.62,
        "Basic EPS": 0.62,
        "Diluted NI Availto Com Stockholders": 419000000.0,
        "Net Income Common Stockholders": 419000000.0,
        "Net Income": 419000000.0,
        "Minority Interests": -3000000.0,
        "Net Income Including Noncontrolling Interests": 422000000.0,
        "Net Income Discontinuous Operations": 61000000.0,
        "Net Income Continuous Operations": 361000000.0,
        "Earnings From Equity Interest Net Of Tax": -29000000.0,
        "Tax Provision": 129000000.0,
        "Pretax Income": 519000000.0,
        "Other Income Expense": -123000000.0,
        "Other Non Operating Income Expenses": -2000000.0,
        "Special Income Charges": -97000000.0,
        "Gain On Sale Of Ppe": NaN,
        "Gain On Sale Of Business": 0.0,
        "Other Special Charges": 47000000.0,
        "Restructuring And Mergern Acquisition": 50000000.0,
        "Gain On Sale Of Security": -24000000.0,
        "Net Non Operating Interest Income Expense": -211000000.0,
        "Interest Expense Non Operating": 230000000.0,
        "Interest Income Non Operating": 19000000.0,
        "Operating Income": 853000000.0,
        "Operating Expense": 1820000000.0,
        "Depreciation Amortization Depletion Income Statement": 94000000.0,
        "Depreciation And Amortization In Income Statement": 94000000.0,
        "Selling General And Administration": 1726000000.0,
        "General And Administrative Expense": 1726000000.0,
        "Other Gand A": 1710000000.0,
        "Salaries And Wages": 16000000.0,
        "Gross Profit": 2673000000.0,
        "Cost Of Revenue": 5106000000.0,
        "Total Revenue": 7779000000.0,
        "Operating Revenue": 7779000000.0
    },
    "2022-03-31": {
        "Diluted EPS": 0.64,
        "Total Revenue": NaN,
        "Gross Profit": NaN,
        "Operating Income": 775,
        "EBIT": 871,
        "Net Income": 433
    },
    "2021-12-31": {
        "Diluted EPS": 3.14,
        "Total Revenue": NaN,
        "Gross Profit": NaN,
        "Operating Income": NaN,
        "EBIT": NaN,
        "Net Income": NaN
    },
    "2021-09-30": {
        "Diluted EPS": 0.8,
        "Total Revenue": NaN,
        "Gross Profit": NaN,
        "Operating Income": 879,
        "EBIT": 974,
        "Net Income": 538
    },
    "2021-06-30": {
        "Diluted EPS": 1.56,
        "Total Revenue": NaN,
        "Gross Profit": NaN,
        "Operating Income": NaN,
        "EBIT": NaN,
        "Net Income": NaN
    },
    "2021-03-31": {
        "Diluted EPS": 1.44,
        "Total Revenue": NaN,
        "Gross Profit": NaN,
        "Operating Income": NaN,
        "EBIT": NaN,
        "Net Income": 911
    },
    "2020-12-31": {
        "Diluted EPS": 1.3,
        "Total Revenue": NaN,
        "Gross Profit": NaN,
        "Operating Income": NaN,
        "EBIT": NaN,
        "Net Income": 810
    },
    "2020-09-30": {
        "Diluted EPS": 1.0,
        "Total Revenue": NaN,
        "Gross Profit": NaN,
        "Operating Income": 903,
        "EBIT": NaN,
        "Net Income": 615
    },
    "2020-06-30": {
        "Diluted EPS": 0.78,
        "Total Revenue": NaN,
        "Gross Profit": NaN,
        "Operating Income": NaN,
        "EBIT": NaN,
        "Net Income": 481
    },
    "2020-03-31": {
        "Diluted EPS": 0.84,
        "Total Revenue": NaN,
        "Gross Profit": NaN,
        "Operating Income": 902,
        "EBIT": NaN,
        "Net Income": 516
    },
    "2019-12-31": {
        "Diluted EPS": -0.42,
        "Total Revenue": NaN,
        "Gross Profit": NaN,
        "Operating Income": -140,
        "EBIT": NaN,
        "Net Income": -258
    },
    "2019-09-30": {
        "Diluted EPS": 1.02,
        "Total Revenue": NaN,
        "Gross Profit": NaN,
        "Operating Income": NaN,
        "EBIT": NaN,
        "Net Income": 630
    },
    "2019-06-30": {
        "Diluted EPS": 1.58,
        "Total Revenue": NaN,
        "Gross Profit": NaN,
        "Operating Income": NaN,
        "EBIT": NaN,
        "Net Income": 977
    },
    "2019-03-31": {
        "Diluted EPS": 3.18,
        "Total Revenue": NaN,
        "Gross Profit": NaN,
        "Operating Income": NaN,
        "EBIT": NaN,
        "Net Income": NaN
    },
    "2018-12-31": {
        "Diluted EPS": 1.9,
        "Total Revenue": NaN,
        "Gross Profit": NaN,
        "Operating Income": NaN,
        "EBIT": NaN,
        "Net Income": NaN
    },
    "2018-09-30": {
        "Diluted EPS": 1.29,
        "Total Revenue": NaN,
        "Gross Profit": NaN,
        "Operating Income": 690,
        "EBIT": 746,
        "Net Income": 488
    },
    "2018-06-30": {
        "Diluted EPS": 1.05,
        "Total Revenue": NaN,
        "Gross Profit": NaN,
        "Operating Income": 659,
        "EBIT": 715,
        "Net Income": 400
    },
    "2018-03-31": {
        "Diluted EPS": 1.32,
        "Total Revenue": NaN,
        "Gross Profit": NaN,
        "Operating Income": 772,
        "EBIT": 828,
        "Net Income": 511
    },
    "2017-12-31": {
        "Diluted EPS": 2.6,
        "Total Revenue": NaN,
        "Gross Profit": NaN,
        "Operating Income": NaN,
        "EBIT": NaN,
        "Net Income": NaN
    },
    "2017-09-30": {
        "Diluted EPS": 1.46,
        "Total Revenue": NaN,
        "Gross Profit": NaN,
        "Operating Income": 729,
        "EBIT": 784,
        "Net Income": 592
    },
    "2017-06-30": {
        "Diluted EPS": 0.14,
        "Total Revenue": NaN,
        "Gross Profit": NaN,
        "Operating Income": 690,
        "EBIT": 746,
        "Net Income": 58
    },
    "2017-03-31": {
        "Diluted EPS": -0.61,
        "Total Revenue": NaN,
        "Gross Profit": NaN,
        "Operating Income": 726,
        "EBIT": 781,
        "Net Income": -252
    },
    "2016-12-31": {
        "Diluted EPS": -0.21,
        "Total Revenue": NaN,
        "Gross Profit": NaN,
        "Operating Income": 765,
        "EBIT": 822,
        "Net Income": -113
    },
    "2016-09-30": {
        "Diluted EPS": 1.07,
        "Total Revenue": NaN,
        "Gross Profit": NaN,
        "Operating Income": 721,
        "EBIT": 775,
        "Net Income": 478
    },
    "2016-06-30": {
        "Diluted EPS": 0.93,
        "Total Revenue": NaN,
        "Gross Profit": NaN,
        "Operating Income": 651,
        "EBIT": 708,
        "Net Income": 423
    },
    "2016-03-31": {
        "Diluted EPS": 1.02,
        "Total Revenue": NaN,
        "Gross Profit": NaN,
        "Operating Income": 765,
        "EBIT": 822,
        "Net Income": 473
    },
    "2015-12-31": {
        "Diluted EPS": 0.56,
        "Total Revenue": NaN,
        "Gross Profit": 675,
        "Operating Income": 598,
        "EBIT": 634,
        "Net Income": 261
    },
    "2015-09-30": {
        "Diluted EPS": 0.88,
        "Total Revenue": NaN,
        "Gross Profit": NaN,
        "Operating Income": 753,
        "EBIT": 818,
        "Net Income": 426
    },
    "2015-06-30": {
        "Diluted EPS": 0.67,
        "Total Revenue": NaN,
        "Gross Profit": NaN,
        "Operating Income": 586,
        "EBIT": 652,
        "Net Income": 332
    },
    "2015-03-31": {
        "Diluted EPS": 0.78,
        "Total Revenue": NaN,
        "Gross Profit": NaN,
        "Operating Income": 721,
        "EBIT": 789,
        "Net Income": 394
    },
    "2014-12-31": {
        "Diluted EPS": 0.7,
        "Total Revenue": NaN,
        "Gross Profit": 560,
        "Operating Income": 401,
        "EBIT": 441,
        "Net Income": 413
    },
    "2014-09-30": {
        "Diluted EPS": 3.03,
        "Total Revenue": NaN,
        "Gross Profit": NaN,
        "Operating Income": 668,
        "EBIT": 736,
        "Net Income": NaN
    },
    "2014-06-30": {
        "Diluted EPS": 0.76,
        "Total Revenue": NaN,
        "Gross Profit": NaN,
        "Operating Income": 730,
        "EBIT": 801,
        "Net Income": 439
    },
    "2014-03-31": {
        "Diluted EPS": 0.78,
        "Total Revenue": NaN,
        "Gross Profit": NaN,
        "Operating Income": 791,
        "EBIT": 862,
        "Net Income": 468
    },
    "2013-12-31": {
        "Diluted EPS": 0.76,
        "Total Revenue": NaN,
        "Gross Profit": NaN,
        "Operating Income": 686,
        "EBIT": 759,
        "Net Income": 470
    },
    "2013-09-30": {
        "Diluted EPS": 0.8,
        "Total Revenue": NaN,
        "Gross Profit": NaN,
        "Operating Income": 764,
        "EBIT": 834,
        "Net Income": 494
    },
    "2013-06-30": {
        "Diluted EPS": 0.76,
        "Total Revenue": NaN,
        "Gross Profit": NaN,
        "Operating Income": 775,
        "EBIT": 806,
        "Net Income": 472
    },
    "2013-03-31": {
        "Diluted EPS": 0.69,
        "Total Revenue": NaN,
        "Gross Profit": NaN,
        "Operating Income": 800,
        "EBIT": 916,
        "Net Income": 443
    },
    "2012-12-31": {
        "Diluted EPS": 0.6,
        "Total Revenue": NaN,
        "Gross Profit": 982,
        "Operating Income": 521,
        "EBIT": 485,
        "Net Income": 393
    },
    "2012-09-30": {
        "Diluted EPS": 0.6,
        "Total Revenue": NaN,
        "Gross Profit": NaN,
        "Operating Income": 788,
        "EBIT": 904,
        "Net Income": 391
    },
    "2012-06-30": {
        "Diluted EPS": 0.65,
        "Total Revenue": NaN,
        "Gross Profit": NaN,
        "Operating Income": 792,
        "EBIT": 911,
        "Net Income": 427
    },
    "2012-03-31": {
        "Diluted EPS": 0.54,
        "Total Revenue": NaN,
        "Gross Profit": NaN,
        "Operating Income": 677,
        "EBIT": 796,
        "Net Income": 363
    },
    "2011-12-31": {
        "Diluted EPS": 0.55,
        "Total Revenue": NaN,
        "Gross Profit": NaN,
        "Operating Income": 745,
        "EBIT": 841,
        "Net Income": 370
    },
    "2011-09-30": {
        "Diluted EPS": 0.5,
        "Total Revenue": NaN,
        "Gross Profit": NaN,
        "Operating Income": 703,
        "EBIT": 837,
        "Net Income": 338
    },
    "2011-06-30": {
        "Diluted EPS": 0.58,
        "Total Revenue": NaN,
        "Gross Profit": NaN,
        "Operating Income": 734,
        "EBIT": 873,
        "Net Income": 395
    },
    "2011-03-31": {
        "Diluted EPS": 0.29,
        "Total Revenue": NaN,
        "Gross Profit": NaN,
        "Operating Income": 437,
        "EBIT": 576,
        "Net Income": 202
    },
    "2010-12-31": {
        "Diluted EPS": 0.4,
        "Total Revenue": NaN,
        "Gross Profit": NaN,
        "Operating Income": 730,
        "EBIT": 822,
        "Net Income": 283
    },
    "2010-09-30": {
        "Diluted EPS": 0.46,
        "Total Revenue": NaN,
        "Gross Profit": NaN,
        "Operating Income": 611,
        "EBIT": 750,
        "Net Income": 317
    },
    "2010-06-30": {
        "Diluted EPS": 0.22,
        "Total Revenue": NaN,
        "Gross Profit": NaN,
        "Operating Income": 435,
        "EBIT": 579,
        "Net Income": 150
    },
    "2010-03-31": {
        "Diluted EPS": -0.04,
        "Total Revenue": NaN,
        "Gross Profit": 967,
        "Operating Income": 153,
        "EBIT": 294,
        "Net Income": -26
    },
    "2009-12-31": {
        "Diluted EPS": 0.09,
        "Total Revenue": NaN,
        "Gross Profit": NaN,
        "Operating Income": 243,
        "EBIT": 399,
        "Net Income": 59
    },
    "2009-09-30": {
        "Diluted EPS": 0.3,
        "Total Revenue": NaN,
        "Gross Profit": NaN,
        "Operating Income": 418,
        "EBIT": 566,
        "Net Income": 208
    },
    "2009-06-30": {
        "Diluted EPS": 0.02,
        "Total Revenue": NaN,
        "Gross Profit": NaN,
        "Operating Income": 242,
        "EBIT": 387,
        "Net Income": 15
    },
    "2009-03-31": {
        "Diluted EPS": -0.08,
        "Total Revenue": NaN,
        "Gross Profit": 847,
        "Operating Income": 108,
        "EBIT": 250,
        "Net Income": -55
    },
    "2023-06-30": {
        "Tax Effect Of Unusual Items": NaN,
        "Tax Rate For Calcs": NaN,
        "Normalized EBITDA": NaN,
        "Total Unusual Items": NaN,
        "Total Unusual Items Excluding Goodwill": NaN,
        "Net Income From Continuing Operation Net Minority Interest": NaN,
        "Reconciled Depreciation": NaN,
        "Reconciled Cost Of Revenue": NaN,
        "EBITDA": NaN,
        "EBIT": NaN,
        "Net Interest Income": NaN,
        "Interest Expense": NaN,
        "Interest Income": NaN,
        "Normalized Income": NaN,
        "Net Income From Continuing And Discontinued Operation": NaN,
        "Total Expenses": NaN,
        "Total Operating Income As Reported": NaN,
        "Diluted Average Shares": 651000000.0,
        "Basic Average Shares": 651000000.0,
        "Diluted EPS": -0.48,
        "Basic EPS": -0.48,
        "Diluted NI Availto Com Stockholders": NaN,
        "Net Income Common Stockholders": NaN,
        "Net Income": NaN,
        "Minority Interests": NaN,
        "Net Income Including Noncontrolling Interests": NaN,
        "Net Income Discontinuous Operations": NaN,
        "Net Income Continuous Operations": NaN,
        "Earnings From Equity Interest Net Of Tax": NaN,
        "Tax Provision": NaN,
        "Pretax Income": NaN,
        "Other Income Expense": NaN,
        "Other Non Operating Income Expenses": 3000000.0,
        "Special Income Charges": NaN,
        "Gain On Sale Of Ppe": 0.0,
        "Impairment Of Capital Assets": 0.0,
        "Restructuring And Mergern Acquisition": NaN,
        "Gain On Sale Of Security": NaN,
        "Net Non Operating Interest Income Expense": NaN,
        "Interest Expense Non Operating": NaN,
        "Interest Income Non Operating": NaN,
        "Operating Income": NaN,
        "Operating Expense": NaN,
        "Depreciation Amortization Depletion Income Statement": NaN,
        "Depreciation And Amortization In Income Statement": NaN,
        "Selling General And Administration": NaN,
        "General And Administrative Expense": NaN,
        "Other Gand A": NaN,
        "Salaries And Wages": NaN,
        "Gross Profit": NaN,
        "Cost Of Revenue": NaN,
        "Total Revenue": NaN,
        "Operating Revenue": NaN
    },
    "2023-09-30": {
        "Tax Effect Of Unusual Items": NaN,
        "Tax Rate For Calcs": NaN,
        "Normalized EBITDA": NaN,
        "Total Unusual Items": NaN,
        "Total Unusual Items Excluding Goodwill": NaN,
        "Net Income From Continuing Operation Net Minority Interest": NaN,
        "Reconciled Depreciation": NaN,
        "Reconciled Cost Of Revenue": NaN,
        "EBITDA": NaN,
        "EBIT": NaN,
        "Net Interest Income": NaN,
        "Interest Expense": NaN,
        "Interest Income": NaN,
        "Normalized Income": NaN,
        "Net Income From Continuing And Discontinued Operation": NaN,
        "Total Expenses": NaN,
        "Total Operating Income As Reported": NaN,
        "Diluted Average Shares": 652000000.0,
        "Basic Average Shares": 652000000.0,
        "Diluted EPS": 0.43,
        "Basic EPS": 0.43,
        "Diluted NI Availto Com Stockholders": NaN,
        "Net Income Common Stockholders": NaN,
        "Net Income": NaN,
        "Minority Interests": NaN,
        "Net Income Including Noncontrolling Interests": NaN,
        "Net Income Discontinuous Operations": NaN,
        "Net Income Continuous Operations": NaN,
        "Earnings From Equity Interest Net Of Tax": NaN,
        "Tax Provision": NaN,
        "Pretax Income": NaN,
        "Other Income Expense": NaN,
        "Other Non Operating Income Expenses": NaN,
        "Special Income Charges": NaN,
        "Gain On Sale Of Ppe": 0.0,
        "Impairment Of Capital Assets": 0.0,
        "Restructuring And Mergern Acquisition": NaN,
        "Gain On Sale Of Security": NaN,
        "Net Non Operating Interest Income Expense": NaN,
        "Interest Expense Non Operating": NaN,
        "Interest Income Non Operating": NaN,
        "Operating Income": NaN,
        "Operating Expense": NaN,
        "Depreciation Amortization Depletion Income Statement": NaN,
        "Depreciation And Amortization In Income Statement": NaN,
        "Selling General And Administration": NaN,
        "General And Administrative Expense": NaN,
        "Other Gand A": NaN,
        "Salaries And Wages": NaN,
        "Gross Profit": NaN,
        "Cost Of Revenue": NaN,
        "Total Revenue": NaN,
        "Operating Revenue": NaN
    },
    "2023-12-31": {
        "Tax Effect Of Unusual Items": NaN,
        "Tax Rate For Calcs": NaN,
        "Normalized EBITDA": NaN,
        "Total Unusual Items": NaN,
        "Total Unusual Items Excluding Goodwill": NaN,
        "Net Income From Continuing Operation Net Minority Interest": NaN,
        "Reconciled Depreciation": NaN,
        "Reconciled Cost Of Revenue": NaN,
        "EBITDA": NaN,
        "EBIT": NaN,
        "Net Interest Income": NaN,
        "Interest Expense": NaN,
        "Interest Income": NaN,
        "Normalized Income": NaN,
        "Net Income From Continuing And Discontinued Operation": NaN,
        "Total Expenses": NaN,
        "Total Operating Income As Reported": NaN,
        "Diluted Average Shares": NaN,
        "Basic Average Shares": NaN,
        "Diluted EPS": NaN,
        "Basic EPS": NaN,
        "Diluted NI Availto Com Stockholders": NaN,
        "Net Income Common Stockholders": NaN,
        "Net Income": NaN,
        "Minority Interests": NaN,
        "Net Income Including Noncontrolling Interests": NaN,
        "Net Income Discontinuous Operations": NaN,
        "Net Income Continuous Operations": NaN,
        "Earnings From Equity Interest Net Of Tax": NaN,
        "Tax Provision": NaN,
        "Pretax Income": NaN,
        "Other Income Expense": NaN,
        "Other Non Operating Income Expenses": 0.0,
        "Special Income Charges": NaN,
        "Gain On Sale Of Ppe": NaN,
        "Impairment Of Capital Assets": NaN,
        "Restructuring And Mergern Acquisition": NaN,
        "Gain On Sale Of Security": NaN,
        "Net Non Operating Interest Income Expense": NaN,
        "Interest Expense Non Operating": NaN,
        "Interest Income Non Operating": NaN,
        "Operating Income": NaN,
        "Operating Expense": NaN,
        "Depreciation Amortization Depletion Income Statement": NaN,
        "Depreciation And Amortization In Income Statement": NaN,
        "Selling General And Administration": NaN,
        "General And Administrative Expense": NaN,
        "Other Gand A": NaN,
        "Salaries And Wages": NaN,
        "Gross Profit": NaN,
        "Cost Of Revenue": NaN,
        "Total Revenue": NaN,
        "Operating Revenue": NaN
    },
    "2024-03-31": {
        "Tax Effect Of Unusual Items": -51464566.929134,
        "Tax Rate For Calcs": 0.270866,
        "Normalized EBITDA": -124000000.0,
        "Total Unusual Items": -190000000.0,
        "Total Unusual Items Excluding Goodwill": -190000000.0,
        "Net Income From Continuing Operation Net Minority Interest": -563000000.0,
        "Reconciled Depreciation": 100000000.0,
        "Reconciled Cost Of Revenue": 6154000000.0,
        "EBITDA": -314000000.0,
        "EBIT": -414000000.0,
        "Net Interest Income": -176000000.0,
        "Interest Expense": 221000000.0,
        "Interest Income": 45000000.0,
        "Normalized Income": -424464566.929134,
        "Net Income From Continuing And Discontinued Operation": -554000000.0,
        "Total Expenses": 7950000000.0,
        "Total Operating Income As Reported": -417000000.0,
        "Diluted Average Shares": 654000000.0,
        "Basic Average Shares": 654000000.0,
        "Diluted EPS": -0.87,
        "Basic EPS": -0.87,
        "Diluted NI Availto Com Stockholders": -554000000.0,
        "Net Income Common Stockholders": -554000000.0,
        "Net Income": -554000000.0,
        "Minority Interests": -10000000.0,
        "Net Income Including Noncontrolling Interests": -544000000.0,
        "Net Income Discontinuous Operations": 9000000.0,
        "Net Income Continuous Operations": -553000000.0,
        "Earnings From Equity Interest Net Of Tax": -90000000.0,
        "Tax Provision": -172000000.0,
        "Pretax Income": -635000000.0,
        "Other Income Expense": -190000000.0,
        "Other Non Operating Income Expenses": NaN,
        "Special Income Charges": -186000000.0,
        "Gain On Sale Of Ppe": 0.0,
        "Impairment Of Capital Assets": NaN,
        "Restructuring And Mergern Acquisition": 186000000.0,
        "Gain On Sale Of Security": -4000000.0,
        "Net Non Operating Interest Income Expense": -176000000.0,
        "Interest Expense Non Operating": 221000000.0,
        "Interest Income Non Operating": 45000000.0,
        "Operating Income": -265000000.0,
        "Operating Expense": 1796000000.0,
        "Depreciation Amortization Depletion Income Statement": 100000000.0,
        "Depreciation And Amortization In Income Statement": 100000000.0,
        "Selling General And Administration": 1696000000.0,
        "General And Administrative Expense": 1696000000.0,
        "Other Gand A": 1662000000.0,
        "Salaries And Wages": 34000000.0,
        "Gross Profit": 1531000000.0,
        "Cost Of Revenue": 6154000000.0,
        "Total Revenue": 7685000000.0,
        "Operating Revenue": 7685000000.0
    },
    "2024-06-30": {
        "Tax Effect Of Unusual Items": -237861000.0,
        "Tax Rate For Calcs": 0.039,
        "Normalized EBITDA": 868000000.0,
        "Total Unusual Items": -6099000000.0,
        "Total Unusual Items Excluding Goodwill": -6099000000.0,
        "Net Income From Continuing Operation Net Minority Interest": -5413000000.0,
        "Reconciled Depreciation": 101000000.0,
        "Reconciled Cost Of Revenue": 4367000000.0,
        "EBITDA": -5231000000.0,
        "EBIT": -5332000000.0,
        "Net Interest Income": -180000000.0,
        "Interest Expense": 215000000.0,
        "Interest Income": 35000000.0,
        "Normalized Income": 448139000.0,
        "Net Income From Continuing And Discontinued Operation": -5413000000.0,
        "Total Expenses": 6082000000.0,
        "Total Operating Income As Reported": -5318000000.0,
        "Diluted Average Shares": 667000000.0,
        "Basic Average Shares": 667000000.0,
        "Diluted EPS": -8.12,
        "Basic EPS": -8.12,
        "Diluted NI Availto Com Stockholders": -5413000000.0,
        "Net Income Common Stockholders": -5413000000.0,
        "Net Income": -5413000000.0,
        "Minority Interests": -9000000.0,
        "Net Income Including Noncontrolling Interests": -5404000000.0,
        "Net Income Discontinuous Operations": 0.0,
        "Net Income Continuous Operations": -5404000000.0,
        "Earnings From Equity Interest Net Of Tax": -72000000.0,
        "Tax Provision": -215000000.0,
        "Pretax Income": -5547000000.0,
        "Other Income Expense": -6098000000.0,
        "Other Non Operating Income Expenses": 1000000.0,
        "Special Income Charges": -6084000000.0,
        "Gain On Sale Of Ppe": NaN,
        "Impairment Of Capital Assets": 5996000000.0,
        "Restructuring And Mergern Acquisition": 88000000.0,
        "Gain On Sale Of Security": -15000000.0,
        "Net Non Operating Interest Income Expense": -180000000.0,
        "Interest Expense Non Operating": 215000000.0,
        "Interest Income Non Operating": 35000000.0,
        "Operating Income": 731000000.0,
        "Operating Expense": 1715000000.0,
        "Depreciation Amortization Depletion Income Statement": 101000000.0,
        "Depreciation And Amortization In Income Statement": 101000000.0,
        "Selling General And Administration": 1614000000.0,
        "General And Administrative Expense": 1614000000.0,
        "Other Gand A": 1579000000.0,
        "Salaries And Wages": 35000000.0,
        "Gross Profit": 2446000000.0,
        "Cost Of Revenue": 4367000000.0,
        "Total Revenue": 6813000000.0,
        "Operating Revenue": 6813000000.0
    },
    "2024-09-30": {
        "Tax Effect Of Unusual Items": -45792000.0,
        "Tax Rate For Calcs": 0.106,
        "Normalized EBITDA": 857000000.0,
        "Total Unusual Items": -432000000.0,
        "Total Unusual Items Excluding Goodwill": -432000000.0,
        "Net Income From Continuing Operation Net Minority Interest": -4000000.0,
        "Reconciled Depreciation": 96000000.0,
        "Reconciled Cost Of Revenue": 4342000000.0,
        "EBITDA": 425000000.0,
        "EBIT": 329000000.0,
        "Net Interest Income": -178000000.0,
        "Interest Expense": 209000000.0,
        "Interest Income": 31000000.0,
        "Normalized Income": 382208000.0,
        "Net Income From Continuing And Discontinued Operation": 1000000.0,
        "Total Expenses": 6003000000.0,
        "Total Operating Income As Reported": 337000000.0,
        "Diluted Average Shares": 670000000.0,
        "Basic Average Shares": 667000000.0,
        "Diluted EPS": 0.0,
        "Basic EPS": 0.0,
        "Diluted NI Availto Com Stockholders": 1000000.0,
        "Net Income Common Stockholders": 1000000.0,
        "Net Income": 1000000.0,
        "Minority Interests": -20000000.0,
        "Net Income Including Noncontrolling Interests": 21000000.0,
        "Net Income Discontinuous Operations": 5000000.0,
        "Net Income Continuous Operations": 16000000.0,
        "Earnings From Equity Interest Net Of Tax": -59000000.0,
        "Tax Provision": 45000000.0,
        "Pretax Income": 120000000.0,
        "Other Income Expense": -430000000.0,
        "Other Non Operating Income Expenses": 2000000.0,
        "Special Income Charges": -425000000.0,
        "Gain On Sale Of Ppe": NaN,
        "Impairment Of Capital Assets": 104000000.0,
        "Restructuring And Mergern Acquisition": 321000000.0,
        "Gain On Sale Of Security": -7000000.0,
        "Net Non Operating Interest Income Expense": -178000000.0,
        "Interest Expense Non Operating": 209000000.0,
        "Interest Income Non Operating": 31000000.0,
        "Operating Income": 728000000.0,
        "Operating Expense": 1661000000.0,
        "Depreciation Amortization Depletion Income Statement": 96000000.0,
        "Depreciation And Amortization In Income Statement": 96000000.0,
        "Selling General And Administration": 1565000000.0,
        "General And Administrative Expense": 1565000000.0,
        "Other Gand A": 1531000000.0,
        "Salaries And Wages": 34000000.0,
        "Gross Profit": 2389000000.0,
        "Cost Of Revenue": 4342000000.0,
        "Total Revenue": 6731000000.0,
        "Operating Revenue": 6731000000.0
    },
    "2024-12-31": {
        "Tax Effect Of Unusual Items": -45360000.0,
        "Tax Rate For Calcs": 0.21,
        "Normalized EBITDA": 411000000.0,
        "Total Unusual Items": -216000000.0,
        "Total Unusual Items Excluding Goodwill": -216000000.0,
        "Net Income From Continuing Operation Net Minority Interest": -224000000.0,
        "Reconciled Depreciation": 95000000.0,
        "Reconciled Cost Of Revenue": 5692000000.0,
        "EBITDA": 195000000.0,
        "EBIT": 100000000.0,
        "Net Interest Income": -175000000.0,
        "Interest Expense": 215000000.0,
        "Interest Income": 40000000.0,
        "Normalized Income": -53360000.0,
        "Net Income From Continuing And Discontinued Operation": -224000000.0,
        "Total Expenses": 7709000000.0,
        "Total Operating Income As Reported": 129000000.0,
        "Diluted Average Shares": NaN,
        "Basic Average Shares": NaN,
        "Diluted EPS": NaN,
        "Basic EPS": NaN,
        "Diluted NI Availto Com Stockholders": -238000000.0,
        "Net Income Common Stockholders": -238000000.0,
        "Net Income": -224000000.0,
        "Minority Interests": -2000000.0,
        "Net Income Including Noncontrolling Interests": -222000000.0,
        "Net Income Discontinuous Operations": 0.0,
        "Net Income Continuous Operations": -222000000.0,
        "Earnings From Equity Interest Net Of Tax": -70000000.0,
        "Tax Provision": 37000000.0,
        "Pretax Income": -115000000.0,
        "Other Income Expense": -215000000.0,
        "Other Non Operating Income Expenses": 1000000.0,
        "Special Income Charges": -182000000.0,
        "Gain On Sale Of Ppe": NaN,
        "Impairment Of Capital Assets": 30000000.0,
        "Restructuring And Mergern Acquisition": 152000000.0,
        "Gain On Sale Of Security": -34000000.0,
        "Net Non Operating Interest Income Expense": -175000000.0,
        "Interest Expense Non Operating": 215000000.0,
        "Interest Income Non Operating": 40000000.0,
        "Operating Income": 275000000.0,
        "Operating Expense": 2017000000.0,
        "Depreciation Amortization Depletion Income Statement": 95000000.0,
        "Depreciation And Amortization In Income Statement": 95000000.0,
        "Selling General And Administration": 1922000000.0,
        "General And Administrative Expense": 1922000000.0,
        "Other Gand A": 1886000000.0,
        "Salaries And Wages": 36000000.0,
        "Gross Profit": 2292000000.0,
        "Cost Of Revenue": 5692000000.0,
        "Total Revenue": 7984000000.0,
        "Operating Revenue": 7984000000.0
    },
    "2025-03-31": {
        "Tax Effect Of Unusual Items": -15868263.473054,
        "Tax Rate For Calcs": 0.299401,
        "Normalized EBITDA": 692000000.0,
        "Total Unusual Items": -53000000.0,
        "Total Unusual Items Excluding Goodwill": -53000000.0,
        "Net Income From Continuing Operation Net Minority Interest": 152000000.0,
        "Reconciled Depreciation": 88000000.0,
        "Reconciled Cost Of Revenue": 4961000000.0,
        "EBITDA": 639000000.0,
        "EBIT": 551000000.0,
        "Net Interest Income": -179000000.0,
        "Interest Expense": 217000000.0,
        "Interest Income": 38000000.0,
        "Normalized Income": 189131736.526946,
        "Net Income From Continuing And Discontinued Operation": 152000000.0,
        "Total Expenses": 6626000000.0,
        "Total Operating Income As Reported": 550000000.0,
        "Diluted Average Shares": 678000000.0,
        "Basic Average Shares": 672000000.0,
        "Diluted EPS": 0.22,
        "Basic EPS": 0.23,
        "Diluted NI Availto Com Stockholders": 152000000.0,
        "Net Income Common Stockholders": 152000000.0,
        "Net Income": 152000000.0,
        "Minority Interests": -9000000.0,
        "Net Income Including Noncontrolling Interests": 161000000.0,
        "Net Income Discontinuous Operations": 0.0,
        "Net Income Continuous Operations": 161000000.0,
        "Earnings From Equity Interest Net Of Tax": -73000000.0,
        "Tax Provision": 100000000.0,
        "Pretax Income": 334000000.0,
        "Other Income Expense": -53000000.0,
        "Other Non Operating Income Expenses": NaN,
        "Special Income Charges": -50000000.0,
        "Gain On Sale Of Ppe": 35000000.0,
        "Impairment Of Capital Assets": NaN,
        "Restructuring And Mergern Acquisition": 85000000.0,
        "Gain On Sale Of Security": -3000000.0,
        "Net Non Operating Interest Income Expense": -179000000.0,
        "Interest Expense Non Operating": 217000000.0,
        "Interest Income Non Operating": 38000000.0,
        "Operating Income": 566000000.0,
        "Operating Expense": 1665000000.0,
        "Depreciation Amortization Depletion Income Statement": 88000000.0,
        "Depreciation And Amortization In Income Statement": 88000000.0,
        "Selling General And Administration": 1577000000.0,
        "General And Administrative Expense": 1577000000.0,
        "Other Gand A": 1543000000.0,
        "Salaries And Wages": 34000000.0,
        "Gross Profit": 2231000000.0,
        "Cost Of Revenue": 4961000000.0,
        "Total Revenue": 7192000000.0,
        "Operating Revenue": 7192000000.0
    }
}