{
    "2022-12-31": {
        "Tax Effect Of Unusual Items": -478389.999796,
        "Tax Rate For Calcs": 0.046896,
        "Normalized EBITDA": 75524000.0,
        "Total Unusual Items": -10201000.0,
        "Total Unusual Items Excluding Goodwill": -10201000.0,
        "Net Income From Continuing Operation Net Minority Interest": 46514000.0,
        "Reconciled Depreciation": 5746000.0,
        "Reconciled Cost Of Revenue": -46461000.0,
        "EBITDA": 65323000.0,
        "EBIT": 49463000.0,
        "Net Interest Income": -132000.0,
        "Interest Expense": 504000.0,
        "Normalized Income": 56236610.000204,
        "Net Income From Continuing And Discontinued Operation": 46514000.0,
        "Total Expenses": 23318000.0,
        "Rent Expense Supplemental": 189000.0,
        "Diluted Average Shares": NaN,
        "Basic Average Shares": NaN,
        "Diluted EPS": NaN,
        "Basic EPS": NaN,
        "Diluted NI Availto Com Stockholders": 46514000.0,
        "Net Income Common Stockholders": 46514000.0,
        "Net Income": 46514000.0,
        "Minority Interests": -149000.0,
        "Net Income Including Noncontrolling Interests": 46663000.0,
        "Net Income Continuous Operations": 46663000.0,
        "Tax Provision": 2296000.0,
        "Pretax Income": 48959000.0,
        "Other Income Expense": -18872000.0,
        "Other Non Operating Income Expenses": -7969000.0,
        "Special Income Charges": -12743000.0,
        "Gain On Sale Of Business": NaN,
        "Other Special Charges": NaN,
        "Restructuring And Mergern Acquisition": 12692000.0,
        "Earnings From Equity Interest": -702000.0,
        "Gain On Sale Of Security": 2542000.0,
        "Net Non Operating Interest Income Expense": -132000.0,
        "Total Other Finance Cost": -372000.0,
        "Interest Expense Non Operating": 504000.0,
        "Operating Income": 67963000.0,
        "Operating Expense": 69779000.0,
        "Other Taxes": 150000.0,
        "Depreciation Amortization Depletion Income Statement": 15860000.0,
        "Depreciation And Amortization In Income Statement": 15860000.0,
        "Amortization": 14796000.0,
        "Amortization Of Intangibles Income Statement": 14796000.0,
        "Depreciation Income Statement": 1064000.0,
        "Selling General And Administration": 53769000.0,
        "Selling And Marketing Expense": 877000.0,
        "General And Administrative Expense": 52892000.0,
        "Other Gand A": 6540000.0,
        "Insurance And Claims": NaN,
        "Rent And Landing Fees": 189000.0,
        "Salaries And Wages": NaN,
        "Gross Profit": 137742000.0,
        "Cost Of Revenue": -46461000.0,
        "Total Revenue": 91281000.0,
        "Excise Taxes": 2399000.0,
        "Operating Revenue": 93680000.0
    },
    "2022-09-30": {
        "Tax Effect Of Unusual Items": NaN,
        "Tax Rate For Calcs": NaN,
        "Normalized EBITDA": NaN,
        "Total Unusual Items": NaN,
        "Total Unusual Items Excluding Goodwill": NaN,
        "Net Income From Continuing Operation Net Minority Interest": NaN,
        "Reconciled Depreciation": NaN,
        "Reconciled Cost Of Revenue": NaN,
        "EBITDA": NaN,
        "EBIT": NaN,
        "Net Interest Income": NaN,
        "Interest Expense": NaN,
        "Normalized Income": NaN,
        "Net Income From Continuing And Discontinued Operation": NaN,
        "Total Expenses": NaN,
        "Rent Expense Supplemental": NaN,
        "Diluted Average Shares": 147192930.0,
        "Basic Average Shares": 147192930.0,
        "Diluted EPS": 0.08303,
        "Basic EPS": 0.08303,
        "Diluted NI Availto Com Stockholders": NaN,
        "Net Income Common Stockholders": NaN,
        "Net Income": NaN,
        "Minority Interests": NaN,
        "Net Income Including Noncontrolling Interests": NaN,
        "Net Income Continuous Operations": NaN,
        "Tax Provision": NaN,
        "Pretax Income": NaN,
        "Other Income Expense": NaN,
        "Other Non Operating Income Expenses": NaN,
        "Special Income Charges": NaN,
        "Gain On Sale Of Business": NaN,
        "Other Special Charges": 3514000.0,
        "Restructuring And Mergern Acquisition": NaN,
        "Earnings From Equity Interest": NaN,
        "Gain On Sale Of Security": NaN,
        "Net Non Operating Interest Income Expense": NaN,
        "Total Other Finance Cost": NaN,
        "Interest Expense Non Operating": NaN,
        "Operating Income": NaN,
        "Operating Expense": NaN,
        "Other Taxes": NaN,
        "Depreciation Amortization Depletion Income Statement": NaN,
        "Depreciation And Amortization In Income Statement": NaN,
        "Amortization": NaN,
        "Amortization Of Intangibles Income Statement": NaN,
        "Depreciation Income Statement": NaN,
        "Selling General And Administration": NaN,
        "Selling And Marketing Expense": NaN,
        "General And Administrative Expense": NaN,
        "Other Gand A": NaN,
        "Insurance And Claims": 27000.0,
        "Rent And Landing Fees": NaN,
        "Salaries And Wages": 6857000.0,
        "Gross Profit": NaN,
        "Cost Of Revenue": NaN,
        "Total Revenue": NaN,
        "Excise Taxes": NaN,
        "Operating Revenue": NaN
    },
    "2022-06-30": {
        "Tax Effect Of Unusual Items": 884800.0,
        "Tax Rate For Calcs": 0.4,
        "Normalized EBITDA": 18906000.0,
        "Total Unusual Items": 2212000.0,
        "Total Unusual Items Excluding Goodwill": 2212000.0,
        "Net Income From Continuing Operation Net Minority Interest": 15906000.0,
        "Reconciled Depreciation": 5123000.0,
        "Reconciled Cost Of Revenue": 24138000.0,
        "EBITDA": 21118000.0,
        "EBIT": 15995000.0,
        "Net Interest Income": -1026000.0,
        "Interest Expense": 430000.0,
        "Normalized Income": 14578800.0,
        "Net Income From Continuing And Discontinued Operation": 15906000.0,
        "Total Expenses": 39293000.0,
        "Rent Expense Supplemental": 419000.0,
        "Diluted Average Shares": 147192930.0,
        "Basic Average Shares": 147192930.0,
        "Diluted EPS": 0.10806,
        "Basic EPS": 0.10806,
        "Diluted NI Availto Com Stockholders": 15906000.0,
        "Net Income Common Stockholders": 15906000.0,
        "Net Income": 15906000.0,
        "Minority Interests": 0.0,
        "Net Income Including Noncontrolling Interests": 15906000.0,
        "Net Income Continuous Operations": 15906000.0,
        "Tax Provision": -341000.0,
        "Pretax Income": 15565000.0,
        "Other Income Expense": 266000.0,
        "Other Non Operating Income Expenses": -949000.0,
        "Special Income Charges": -878000.0,
        "Restructuring And Mergern Acquisition": 878000.0,
        "Earnings From Equity Interest": -997000.0,
        "Gain On Sale Of Security": 3090000.0,
        "Net Non Operating Interest Income Expense": -1026000.0,
        "Total Other Finance Cost": 596000.0,
        "Interest Expense Non Operating": 430000.0,
        "Operating Income": 16325000.0,
        "Operating Expense": 11876000.0,
        "Other Taxes": 48000.0,
        "Depreciation Amortization Depletion Income Statement": 1844000.0,
        "Depreciation And Amortization In Income Statement": 1844000.0,
        "Amortization": 860000.0,
        "Amortization Of Intangibles Income Statement": 860000.0,
        "Depreciation Income Statement": 984000.0,
        "Selling General And Administration": 9984000.0,
        "Selling And Marketing Expense": 224000.0,
        "General And Administrative Expense": 9760000.0,
        "Other Gand A": 9341000.0,
        "Rent And Landing Fees": 419000.0,
        "Gross Profit": 28201000.0,
        "Cost Of Revenue": 27417000.0,
        "Total Revenue": 55618000.0,
        "Excise Taxes": 942000.0,
        "Operating Revenue": 56560000.0
    },
    "2023-03-31": {
        "Tax Effect Of Unusual Items": NaN,
        "Tax Rate For Calcs": NaN,
        "Normalized EBITDA": NaN,
        "Total Unusual Items": NaN,
        "Total Unusual Items Excluding Goodwill": NaN,
        "Net Income From Continuing Operation Net Minority Interest": NaN,
        "Reconciled Depreciation": NaN,
        "Reconciled Cost Of Revenue": NaN,
        "EBITDA": NaN,
        "EBIT": NaN,
        "Net Interest Income": NaN,
        "Interest Expense": 344000.0,
        "Normalized Income": NaN,
        "Net Income From Continuing And Discontinued Operation": NaN,
        "Total Expenses": NaN,
        "Rent Expense Supplemental": 326000.0,
        "Diluted Average Shares": NaN,
        "Basic Average Shares": NaN,
        "Diluted EPS": NaN,
        "Basic EPS": NaN,
        "Diluted NI Availto Com Stockholders": NaN,
        "Net Income Common Stockholders": NaN,
        "Net Income": NaN,
        "Minority Interests": NaN,
        "Net Income Including Noncontrolling Interests": NaN,
        "Net Income Continuous Operations": NaN,
        "Tax Provision": NaN,
        "Pretax Income": NaN,
        "Other Income Expense": NaN,
        "Other Non Operating Income Expenses": NaN,
        "Special Income Charges": NaN,
        "Gain On Sale Of Business": NaN,
        "Other Special Charges": 3343000.0,
        "Restructuring And Mergern Acquisition": NaN,
        "Earnings From Equity Interest": NaN,
        "Gain On Sale Of Security": 412000.0,
        "Net Non Operating Interest Income Expense": NaN,
        "Total Other Finance Cost": NaN,
        "Interest Expense Non Operating": 344000.0,
        "Operating Income": NaN,
        "Operating Expense": NaN,
        "Other Taxes": 172000.0,
        "Depreciation Amortization Depletion Income Statement": NaN,
        "Depreciation And Amortization In Income Statement": NaN,
        "Amortization": NaN,
        "Amortization Of Intangibles Income Statement": NaN,
        "Depreciation Income Statement": 1097000.0,
        "Selling General And Administration": NaN,
        "Selling And Marketing Expense": 413000.0,
        "General And Administrative Expense": NaN,
        "Other Gand A": NaN,
        "Insurance And Claims": 265000.0,
        "Rent And Landing Fees": 326000.0,
        "Salaries And Wages": NaN,
        "Gross Profit": NaN,
        "Cost Of Revenue": NaN,
        "Total Revenue": NaN,
        "Excise Taxes": NaN,
        "Operating Revenue": NaN
    },
    "2022-03-31": {
        "Diluted EPS": 0.12,
        "Total Revenue": 55,
        "Gross Profit": 27,
        "Operating Income": 18,
        "EBIT": 23,
        "Net Income": 18
    },
    "2021-12-31": {
        "Diluted EPS": 0.1,
        "Total Revenue": 46,
        "Gross Profit": 30,
        "Operating Income": 15,
        "EBIT": 17,
        "Net Income": 14
    },
    "2021-09-30": {
        "Diluted EPS": 0.16,
        "Total Revenue": 40,
        "Gross Profit": 25,
        "Operating Income": 21,
        "EBIT": 23,
        "Net Income": 22
    },
    "2021-06-30": {
        "Diluted EPS": 0.54,
        "Total Revenue": 119,
        "Gross Profit": 76,
        "Operating Income": 72,
        "EBIT": 74,
        "Net Income": 73
    },
    "2021-03-31": {
        "Diluted EPS": 0.11,
        "Total Revenue": 31,
        "Gross Profit": 19,
        "Operating Income": 14,
        "EBIT": 16,
        "Net Income": 13
    },
    "2020-12-31": {
        "Diluted EPS": 0.12,
        "Total Revenue": 32,
        "Gross Profit": 25,
        "Operating Income": 17,
        "EBIT": 19,
        "Net Income": 16
    },
    "2020-09-30": {
        "Diluted EPS": 0.18,
        "Total Revenue": 33,
        "Gross Profit": 23,
        "Operating Income": 20,
        "EBIT": 22,
        "Net Income": 21
    },
    "2020-06-30": {
        "Diluted EPS": 0.12,
        "Total Revenue": 25,
        "Gross Profit": 17,
        "Operating Income": 14,
        "EBIT": 16,
        "Net Income": 14
    },
    "2020-03-31": {
        "Diluted EPS": 0.1,
        "Total Revenue": 26,
        "Gross Profit": 17,
        "Operating Income": 14,
        "EBIT": 16,
        "Net Income": 12
    },
    "2019-12-31": {
        "Diluted EPS": 0.0,
        "Total Revenue": NaN,
        "Gross Profit": NaN,
        "Operating Income": NaN,
        "EBIT": NaN,
        "Net Income": NaN
    },
    "2018-12-31": {
        "Diluted EPS": 0.0,
        "Total Revenue": NaN,
        "Gross Profit": NaN,
        "Operating Income": NaN,
        "EBIT": NaN,
        "Net Income": NaN
    },
    "2023-06-30": {
        "Tax Effect Of Unusual Items": NaN,
        "Tax Rate For Calcs": NaN,
        "Normalized EBITDA": NaN,
        "Total Unusual Items": NaN,
        "Total Unusual Items Excluding Goodwill": NaN,
        "Net Income From Continuing Operation Net Minority Interest": NaN,
        "Reconciled Depreciation": NaN,
        "Reconciled Cost Of Revenue": NaN,
        "EBITDA": NaN,
        "EBIT": NaN,
        "Net Interest Income": NaN,
        "Interest Expense": 315000.0,
        "Normalized Income": NaN,
        "Net Income From Continuing And Discontinued Operation": NaN,
        "Total Expenses": NaN,
        "Rent Expense Supplemental": 231000.0,
        "Diluted Average Shares": 147875671.0,
        "Basic Average Shares": 147875671.0,
        "Diluted EPS": 0.241419,
        "Basic EPS": 0.241419,
        "Diluted NI Availto Com Stockholders": NaN,
        "Net Income Common Stockholders": NaN,
        "Net Income": NaN,
        "Minority Interests": NaN,
        "Net Income Including Noncontrolling Interests": NaN,
        "Net Income Continuous Operations": NaN,
        "Tax Provision": NaN,
        "Pretax Income": NaN,
        "Other Income Expense": NaN,
        "Other Non Operating Income Expenses": NaN,
        "Special Income Charges": NaN,
        "Gain On Sale Of Business": 4199000.0,
        "Other Special Charges": 2823000.0,
        "Restructuring And Mergern Acquisition": NaN,
        "Earnings From Equity Interest": NaN,
        "Gain On Sale Of Security": 1261000.0,
        "Net Non Operating Interest Income Expense": NaN,
        "Total Other Finance Cost": NaN,
        "Interest Expense Non Operating": 315000.0,
        "Operating Income": NaN,
        "Operating Expense": NaN,
        "Other Taxes": 172000.0,
        "Depreciation Amortization Depletion Income Statement": NaN,
        "Depreciation And Amortization In Income Statement": NaN,
        "Amortization": NaN,
        "Amortization Of Intangibles Income Statement": NaN,
        "Depreciation Income Statement": 1211000.0,
        "Selling General And Administration": NaN,
        "Selling And Marketing Expense": 518000.0,
        "General And Administrative Expense": NaN,
        "Other Gand A": NaN,
        "Insurance And Claims": 170000.0,
        "Rent And Landing Fees": 231000.0,
        "Salaries And Wages": NaN,
        "Gross Profit": NaN,
        "Cost Of Revenue": NaN,
        "Total Revenue": NaN,
        "Excise Taxes": NaN,
        "Operating Revenue": NaN
    },
    "2023-09-30": {
        "Tax Effect Of Unusual Items": NaN,
        "Tax Rate For Calcs": NaN,
        "Normalized EBITDA": NaN,
        "Total Unusual Items": NaN,
        "Total Unusual Items Excluding Goodwill": NaN,
        "Net Income From Continuing Operation Net Minority Interest": NaN,
        "Reconciled Depreciation": NaN,
        "Reconciled Cost Of Revenue": NaN,
        "EBITDA": NaN,
        "EBIT": NaN,
        "Net Interest Income": NaN,
        "Interest Expense": NaN,
        "Normalized Income": NaN,
        "Net Income From Continuing And Discontinued Operation": NaN,
        "Total Expenses": NaN,
        "Rent Expense Supplemental": NaN,
        "Diluted Average Shares": NaN,
        "Basic Average Shares": NaN,
        "Diluted EPS": NaN,
        "Basic EPS": NaN,
        "Diluted NI Availto Com Stockholders": NaN,
        "Net Income Common Stockholders": NaN,
        "Net Income": NaN,
        "Minority Interests": NaN,
        "Net Income Including Noncontrolling Interests": NaN,
        "Net Income Continuous Operations": NaN,
        "Tax Provision": NaN,
        "Pretax Income": NaN,
        "Other Income Expense": NaN,
        "Other Non Operating Income Expenses": NaN,
        "Special Income Charges": NaN,
        "Gain On Sale Of Business": 0.0,
        "Restructuring And Mergern Acquisition": NaN,
        "Earnings From Equity Interest": NaN,
        "Gain On Sale Of Security": NaN,
        "Net Non Operating Interest Income Expense": NaN,
        "Total Other Finance Cost": NaN,
        "Interest Expense Non Operating": NaN,
        "Operating Income": NaN,
        "Operating Expense": NaN,
        "Other Taxes": NaN,
        "Depreciation Amortization Depletion Income Statement": NaN,
        "Depreciation And Amortization In Income Statement": NaN,
        "Amortization": NaN,
        "Amortization Of Intangibles Income Statement": NaN,
        "Depreciation Income Statement": NaN,
        "Selling General And Administration": NaN,
        "Selling And Marketing Expense": NaN,
        "General And Administrative Expense": NaN,
        "Other Gand A": NaN,
        "Insurance And Claims": NaN,
        "Rent And Landing Fees": NaN,
        "Salaries And Wages": NaN,
        "Gross Profit": NaN,
        "Cost Of Revenue": NaN,
        "Total Revenue": NaN,
        "Excise Taxes": NaN,
        "Operating Revenue": NaN
    },
    "2023-12-31": {
        "Tax Effect Of Unusual Items": NaN,
        "Tax Rate For Calcs": NaN,
        "Normalized EBITDA": NaN,
        "Total Unusual Items": NaN,
        "Total Unusual Items Excluding Goodwill": NaN,
        "Net Income From Continuing Operation Net Minority Interest": NaN,
        "Reconciled Depreciation": NaN,
        "Reconciled Cost Of Revenue": NaN,
        "EBITDA": NaN,
        "EBIT": NaN,
        "Net Interest Income": NaN,
        "Interest Expense": 278000.0,
        "Normalized Income": NaN,
        "Net Income From Continuing And Discontinued Operation": NaN,
        "Total Expenses": NaN,
        "Rent Expense Supplemental": 93000.0,
        "Diluted Average Shares": NaN,
        "Basic Average Shares": NaN,
        "Diluted EPS": NaN,
        "Basic EPS": NaN,
        "Diluted NI Availto Com Stockholders": NaN,
        "Net Income Common Stockholders": NaN,
        "Net Income": NaN,
        "Minority Interests": NaN,
        "Net Income Including Noncontrolling Interests": NaN,
        "Net Income Continuous Operations": NaN,
        "Tax Provision": NaN,
        "Pretax Income": NaN,
        "Other Income Expense": NaN,
        "Other Non Operating Income Expenses": NaN,
        "Special Income Charges": NaN,
        "Gain On Sale Of Business": NaN,
        "Restructuring And Mergern Acquisition": NaN,
        "Earnings From Equity Interest": NaN,
        "Gain On Sale Of Security": -2555000.0,
        "Net Non Operating Interest Income Expense": NaN,
        "Total Other Finance Cost": NaN,
        "Interest Expense Non Operating": 278000.0,
        "Operating Income": NaN,
        "Operating Expense": NaN,
        "Other Taxes": 221000.0,
        "Depreciation Amortization Depletion Income Statement": NaN,
        "Depreciation And Amortization In Income Statement": NaN,
        "Amortization": NaN,
        "Amortization Of Intangibles Income Statement": NaN,
        "Depreciation Income Statement": 1134000.0,
        "Selling General And Administration": NaN,
        "Selling And Marketing Expense": 837000.0,
        "General And Administrative Expense": NaN,
        "Other Gand A": NaN,
        "Insurance And Claims": 112000.0,
        "Rent And Landing Fees": 93000.0,
        "Salaries And Wages": NaN,
        "Gross Profit": NaN,
        "Cost Of Revenue": NaN,
        "Total Revenue": NaN,
        "Excise Taxes": NaN,
        "Operating Revenue": NaN
    },
    "2024-06-30": {
        "Tax Effect Of Unusual Items": NaN,
        "Tax Rate For Calcs": NaN,
        "Normalized EBITDA": NaN,
        "Total Unusual Items": NaN,
        "Total Unusual Items Excluding Goodwill": NaN,
        "Net Income From Continuing Operation Net Minority Interest": NaN,
        "Reconciled Depreciation": NaN,
        "Reconciled Cost Of Revenue": NaN,
        "EBITDA": NaN,
        "EBIT": NaN,
        "Net Interest Income": NaN,
        "Interest Expense": 3258000.0,
        "Normalized Income": NaN,
        "Net Income From Continuing And Discontinued Operation": NaN,
        "Total Expenses": NaN,
        "Rent Expense Supplemental": 436000.0,
        "Diluted Average Shares": NaN,
        "Basic Average Shares": NaN,
        "Diluted EPS": NaN,
        "Basic EPS": NaN,
        "Diluted NI Availto Com Stockholders": NaN,
        "Net Income Common Stockholders": NaN,
        "Net Income": NaN,
        "Minority Interests": NaN,
        "Net Income Including Noncontrolling Interests": NaN,
        "Net Income Continuous Operations": NaN,
        "Tax Provision": NaN,
        "Pretax Income": NaN,
        "Other Income Expense": NaN,
        "Other Non Operating Income Expenses": NaN,
        "Special Income Charges": NaN,
        "Gain On Sale Of Business": 0.0,
        "Restructuring And Mergern Acquisition": NaN,
        "Earnings From Equity Interest": NaN,
        "Gain On Sale Of Security": -645000.0,
        "Net Non Operating Interest Income Expense": NaN,
        "Total Other Finance Cost": NaN,
        "Interest Expense Non Operating": 3258000.0,
        "Operating Income": NaN,
        "Operating Expense": NaN,
        "Other Taxes": 280000.0,
        "Depreciation Amortization Depletion Income Statement": NaN,
        "Depreciation And Amortization In Income Statement": NaN,
        "Amortization": NaN,
        "Amortization Of Intangibles Income Statement": NaN,
        "Depreciation Income Statement": 1267000.0,
        "Selling General And Administration": NaN,
        "Selling And Marketing Expense": 891000.0,
        "General And Administrative Expense": NaN,
        "Other Gand A": NaN,
        "Insurance And Claims": 223000.0,
        "Rent And Landing Fees": 436000.0,
        "Salaries And Wages": 17364000.0,
        "Gross Profit": NaN,
        "Cost Of Revenue": NaN,
        "Total Revenue": NaN,
        "Excise Taxes": NaN,
        "Operating Revenue": NaN
    },
    "2024-03-31": {
        "Tax Effect Of Unusual Items": NaN,
        "Tax Rate For Calcs": NaN,
        "Normalized EBITDA": NaN,
        "Total Unusual Items": NaN,
        "Total Unusual Items Excluding Goodwill": NaN,
        "Net Income From Continuing Operation Net Minority Interest": NaN,
        "Reconciled Depreciation": NaN,
        "Reconciled Cost Of Revenue": NaN,
        "EBITDA": NaN,
        "EBIT": NaN,
        "Net Interest Income": NaN,
        "Interest Expense": 329000.0,
        "Normalized Income": NaN,
        "Net Income From Continuing And Discontinued Operation": NaN,
        "Total Expenses": NaN,
        "Rent Expense Supplemental": 217000.0,
        "Diluted Average Shares": NaN,
        "Basic Average Shares": NaN,
        "Diluted EPS": NaN,
        "Basic EPS": NaN,
        "Diluted NI Availto Com Stockholders": NaN,
        "Net Income Common Stockholders": NaN,
        "Net Income": NaN,
        "Minority Interests": NaN,
        "Net Income Including Noncontrolling Interests": NaN,
        "Net Income Continuous Operations": NaN,
        "Tax Provision": NaN,
        "Pretax Income": NaN,
        "Other Income Expense": NaN,
        "Other Non Operating Income Expenses": NaN,
        "Special Income Charges": NaN,
        "Gain On Sale Of Business": NaN,
        "Restructuring And Mergern Acquisition": NaN,
        "Earnings From Equity Interest": NaN,
        "Gain On Sale Of Security": 539000.0,
        "Net Non Operating Interest Income Expense": NaN,
        "Total Other Finance Cost": NaN,
        "Interest Expense Non Operating": 329000.0,
        "Operating Income": NaN,
        "Operating Expense": NaN,
        "Other Taxes": 168000.0,
        "Depreciation Amortization Depletion Income Statement": NaN,
        "Depreciation And Amortization In Income Statement": NaN,
        "Amortization": NaN,
        "Amortization Of Intangibles Income Statement": NaN,
        "Depreciation Income Statement": 1192000.0,
        "Selling General And Administration": NaN,
        "Selling And Marketing Expense": 768000.0,
        "General And Administrative Expense": NaN,
        "Other Gand A": NaN,
        "Insurance And Claims": 196000.0,
        "Rent And Landing Fees": 217000.0,
        "Salaries And Wages": NaN,
        "Gross Profit": NaN,
        "Cost Of Revenue": NaN,
        "Total Revenue": NaN,
        "Excise Taxes": NaN,
        "Operating Revenue": NaN
    },
    "2024-09-30": {
        "Tax Effect Of Unusual Items": -630000.0,
        "Tax Rate For Calcs": 0.21,
        "Normalized EBITDA": 40174000.0,
        "Total Unusual Items": -3000000.0,
        "Total Unusual Items Excluding Goodwill": -3000000.0,
        "Net Income From Continuing Operation Net Minority Interest": 400000.0,
        "Reconciled Depreciation": 8774000.0,
        "Reconciled Cost Of Revenue": 28626000.0,
        "EBITDA": 37174000.0,
        "EBIT": 28400000.0,
        "Net Interest Income": -14800000.0,
        "Interest Expense": 3789000.0,
        "Normalized Income": 2770000.0,
        "Net Income From Continuing And Discontinued Operation": 400000.0,
        "Total Expenses": 49600000.0,
        "Rent Expense Supplemental": 461000.0,
        "Diluted Average Shares": 153379315.0,
        "Basic Average Shares": 153379315.0,
        "Diluted EPS": 0.002608,
        "Basic EPS": 0.002608,
        "Diluted NI Availto Com Stockholders": 400000.0,
        "Net Income Common Stockholders": 400000.0,
        "Net Income": 400000.0,
        "Minority Interests": -1400000.0,
        "Net Income Including Noncontrolling Interests": 1800000.0,
        "Net Income Continuous Operations": 1800000.0,
        "Tax Provision": 8300000.0,
        "Pretax Income": 10100000.0,
        "Other Income Expense": -3500000.0,
        "Other Non Operating Income Expenses": -400000.0,
        "Special Income Charges": -3000000.0,
        "Gain On Sale Of Business": 0.0,
        "Restructuring And Mergern Acquisition": 3000000.0,
        "Earnings From Equity Interest": -100000.0,
        "Gain On Sale Of Security": 3773000.0,
        "Net Non Operating Interest Income Expense": -14800000.0,
        "Total Other Finance Cost": 14800000.0,
        "Interest Expense Non Operating": 3789000.0,
        "Operating Income": 28400000.0,
        "Operating Expense": 19700000.0,
        "Other Taxes": 412000.0,
        "Depreciation Amortization Depletion Income Statement": 7500000.0,
        "Depreciation And Amortization In Income Statement": 7500000.0,
        "Amortization": 7500000.0,
        "Amortization Of Intangibles Income Statement": 7500000.0,
        "Depreciation Income Statement": 1320000.0,
        "Selling General And Administration": 12200000.0,
        "Selling And Marketing Expense": 1073000.0,
        "General And Administrative Expense": 12200000.0,
        "Other Gand A": 12200000.0,
        "Insurance And Claims": 181000.0,
        "Rent And Landing Fees": 461000.0,
        "Salaries And Wages": 16517000.0,
        "Gross Profit": 48100000.0,
        "Cost Of Revenue": 29900000.0,
        "Total Revenue": 78000000.0,
        "Excise Taxes": 1700000.0,
        "Operating Revenue": 79700000.0
    },
    "2024-12-31": {
        "Tax Effect Of Unusual Items": -4501350.0,
        "Tax Rate For Calcs": 0.21,
        "Normalized EBITDA": 89754000.0,
        "Total Unusual Items": -21435000.0,
        "Total Unusual Items Excluding Goodwill": -21435000.0,
        "Net Income From Continuing Operation Net Minority Interest": 55254000.0,
        "Reconciled Depreciation": 12144000.0,
        "Reconciled Cost Of Revenue": 13511000.0,
        "EBITDA": 68319000.0,
        "EBIT": 56175000.0,
        "Net Interest Income": -4909000.0,
        "Interest Expense": 3575000.0,
        "Normalized Income": 72187650.0,
        "Net Income From Continuing And Discontinued Operation": 55254000.0,
        "Total Expenses": 77512000.0,
        "Rent Expense Supplemental": 583000.0,
        "Diluted Average Shares": 153586168.0,
        "Basic Average Shares": 153586168.0,
        "Diluted EPS": 0.369825,
        "Basic EPS": 0.369825,
        "Diluted NI Availto Com Stockholders": 55254000.0,
        "Net Income Common Stockholders": 55254000.0,
        "Net Income": 55254000.0,
        "Minority Interests": -168000.0,
        "Net Income Including Noncontrolling Interests": 55422000.0,
        "Net Income Continuous Operations": 55422000.0,
        "Tax Provision": -2822000.0,
        "Pretax Income": 52600000.0,
        "Other Income Expense": -22221000.0,
        "Other Non Operating Income Expenses": -656000.0,
        "Special Income Charges": -19012000.0,
        "Gain On Sale Of Business": 0.0,
        "Restructuring And Mergern Acquisition": 19012000.0,
        "Earnings From Equity Interest": -130000.0,
        "Gain On Sale Of Security": -2423000.0,
        "Net Non Operating Interest Income Expense": -4909000.0,
        "Total Other Finance Cost": 1334000.0,
        "Interest Expense Non Operating": 3575000.0,
        "Operating Income": 79730000.0,
        "Operating Expense": 64001000.0,
        "Other Taxes": 239000.0,
        "Depreciation Amortization Depletion Income Statement": 12144000.0,
        "Depreciation And Amortization In Income Statement": 12144000.0,
        "Amortization": 10826000.0,
        "Amortization Of Intangibles Income Statement": 10826000.0,
        "Depreciation Income Statement": 1318000.0,
        "Selling General And Administration": 51618000.0,
        "Selling And Marketing Expense": 1737000.0,
        "General And Administrative Expense": 49881000.0,
        "Other Gand A": 9930000.0,
        "Insurance And Claims": 164000.0,
        "Rent And Landing Fees": 583000.0,
        "Salaries And Wages": 39204000.0,
        "Gross Profit": 143731000.0,
        "Cost Of Revenue": 13511000.0,
        "Total Revenue": 157242000.0,
        "Excise Taxes": 2589000.0,
        "Operating Revenue": 162755000.0
    },
    "2025-03-31": {
        "Tax Effect Of Unusual Items": -1434510.0,
        "Tax Rate For Calcs": 0.21,
        "Normalized EBITDA": 39646000.0,
        "Total Unusual Items": -6831000.0,
        "Total Unusual Items Excluding Goodwill": -6831000.0,
        "Net Income From Continuing Operation Net Minority Interest": 15664000.0,
        "Reconciled Depreciation": 11232000.0,
        "Reconciled Cost Of Revenue": 14195000.0,
        "EBITDA": 32815000.0,
        "EBIT": 21583000.0,
        "Net Interest Income": -8207000.0,
        "Interest Expense": 6979000.0,
        "Normalized Income": 21060490.0,
        "Net Income From Continuing And Discontinued Operation": 15664000.0,
        "Total Expenses": 50151000.0,
        "Rent Expense Supplemental": 697000.0,
        "Diluted Average Shares": 159987993.0,
        "Basic Average Shares": 158167095.0,
        "Diluted EPS": 0.09791,
        "Basic EPS": 0.09903,
        "Diluted NI Availto Com Stockholders": 15664000.0,
        "Net Income Common Stockholders": 15664000.0,
        "Net Income": 15664000.0,
        "Minority Interests": -894000.0,
        "Net Income Including Noncontrolling Interests": 16558000.0,
        "Net Income Continuous Operations": 16558000.0,
        "Tax Provision": -1954000.0,
        "Pretax Income": 14604000.0,
        "Other Income Expense": -6605000.0,
        "Other Non Operating Income Expenses": 226000.0,
        "Special Income Charges": -7163000.0,
        "Gain On Sale Of Business": NaN,
        "Restructuring And Mergern Acquisition": 7163000.0,
        "Earnings From Equity Interest": 0.0,
        "Gain On Sale Of Security": 332000.0,
        "Net Non Operating Interest Income Expense": -8207000.0,
        "Total Other Finance Cost": 1228000.0,
        "Interest Expense Non Operating": 6979000.0,
        "Operating Income": 29416000.0,
        "Operating Expense": 35956000.0,
        "Other Taxes": 231000.0,
        "Depreciation Amortization Depletion Income Statement": 11232000.0,
        "Depreciation And Amortization In Income Statement": 11232000.0,
        "Amortization": 9936000.0,
        "Amortization Of Intangibles Income Statement": 9936000.0,
        "Depreciation Income Statement": 1296000.0,
        "Selling General And Administration": 24493000.0,
        "Selling And Marketing Expense": 968000.0,
        "General And Administrative Expense": 23525000.0,
        "Other Gand A": 8564000.0,
        "Insurance And Claims": 186000.0,
        "Rent And Landing Fees": 697000.0,
        "Salaries And Wages": 14078000.0,
        "Gross Profit": 65372000.0,
        "Cost Of Revenue": 14195000.0,
        "Total Revenue": 79567000.0,
        "Excise Taxes": 1500000.0,
        "Operating Revenue": 79567000.0
    },
    "2025-06-30": {
        "Tax Effect Of Unusual Items": -536936.923077,
        "Tax Rate For Calcs": 0.055452,
        "Normalized EBITDA": 39431000.0,
        "Total Unusual Items": -9683000.0,
        "Total Unusual Items Excluding Goodwill": -9683000.0,
        "Net Income From Continuing Operation Net Minority Interest": 12851000.0,
        "Reconciled Depreciation": 10811000.0,
        "Reconciled Cost Of Revenue": 14589000.0,
        "EBITDA": 29748000.0,
        "EBIT": 18937000.0,
        "Net Interest Income": -4392000.0,
        "Interest Expense": 3987000.0,
        "Normalized Income": 21997063.076923,
        "Net Income From Continuing And Discontinued Operation": 12851000.0,
        "Total Expenses": 52376000.0,
        "Rent Expense Supplemental": 544000.0,
        "Diluted Average Shares": 160676341.0,
        "Basic Average Shares": 159689104.0,
        "Diluted EPS": 0.07998,
        "Basic EPS": 0.08048,
        "Diluted NI Availto Com Stockholders": 12851000.0,
        "Net Income Common Stockholders": 12851000.0,
        "Net Income": 12851000.0,
        "Minority Interests": -1270000.0,
        "Net Income Including Noncontrolling Interests": 14121000.0,
        "Net Income Continuous Operations": 14121000.0,
        "Tax Provision": 829000.0,
        "Pretax Income": 14950000.0,
        "Other Income Expense": -10804000.0,
        "Other Non Operating Income Expenses": -896000.0,
        "Special Income Charges": -10915000.0,
        "Gain On Sale Of Business": NaN,
        "Restructuring And Mergern Acquisition": 10915000.0,
        "Earnings From Equity Interest": -225000.0,
        "Gain On Sale Of Security": 1232000.0,
        "Net Non Operating Interest Income Expense": -4392000.0,
        "Total Other Finance Cost": 405000.0,
        "Interest Expense Non Operating": 3987000.0,
        "Operating Income": 30146000.0,
        "Operating Expense": 37787000.0,
        "Other Taxes": 174000.0,
        "Depreciation Amortization Depletion Income Statement": 10811000.0,
        "Depreciation And Amortization In Income Statement": 10811000.0,
        "Amortization": 9224000.0,
        "Amortization Of Intangibles Income Statement": 9224000.0,
        "Depreciation Income Statement": 1587000.0,
        "Selling General And Administration": 26802000.0,
        "Selling And Marketing Expense": 1070000.0,
        "General And Administrative Expense": 25732000.0,
        "Other Gand A": 7995000.0,
        "Insurance And Claims": 173000.0,
        "Rent And Landing Fees": 544000.0,
        "Salaries And Wages": 17020000.0,
        "Gross Profit": 67933000.0,
        "Cost Of Revenue": 14589000.0,
        "Total Revenue": 82522000.0,
        "Excise Taxes": 1800000.0,
        "Operating Revenue": 82522000.0
    },
    "2025-09-30": {
        "Tax Effect Of Unusual Items": -14634.146341,
        "Tax Rate For Calcs": 0.01626,
        "Normalized EBITDA": 39700000.0,
        "Total Unusual Items": -900000.0,
        "Total Unusual Items Excluding Goodwill": -900000.0,
        "Net Income From Continuing Operation Net Minority Interest": 22500000.0,
        "Reconciled Depreciation": 10500000.0,
        "Reconciled Cost Of Revenue": 35800000.0,
        "EBITDA": 38800000.0,
        "EBIT": 28300000.0,
        "Net Interest Income": -10700000.0,
        "Interest Expense": NaN,
        "Normalized Income": 23385365.853659,
        "Net Income From Continuing And Discontinued Operation": 22500000.0,
        "Total Expenses": 58200000.0,
        "Rent Expense Supplemental": NaN,
        "Diluted Average Shares": 158000000.0,
        "Basic Average Shares": 158000000.0,
        "Diluted EPS": 0.142405,
        "Basic EPS": 0.142405,
        "Diluted NI Availto Com Stockholders": 22500000.0,
        "Net Income Common Stockholders": 22500000.0,
        "Net Income": 22500000.0,
        "Minority Interests": -1700000.0,
        "Net Income Including Noncontrolling Interests": 24200000.0,
        "Net Income Continuous Operations": 24200000.0,
        "Tax Provision": 400000.0,
        "Pretax Income": 24600000.0,
        "Other Income Expense": 6900000.0,
        "Other Non Operating Income Expenses": 7800000.0,
        "Special Income Charges": -900000.0,
        "Gain On Sale Of Business": NaN,
        "Restructuring And Mergern Acquisition": 900000.0,
        "Earnings From Equity Interest": 0.0,
        "Gain On Sale Of Security": NaN,
        "Net Non Operating Interest Income Expense": -10700000.0,
        "Total Other Finance Cost": 10700000.0,
        "Interest Expense Non Operating": NaN,
        "Operating Income": 28300000.0,
        "Operating Expense": 22400000.0,
        "Other Taxes": NaN,
        "Depreciation Amortization Depletion Income Statement": 10500000.0,
        "Depreciation And Amortization In Income Statement": 10500000.0,
        "Amortization": 10500000.0,
        "Amortization Of Intangibles Income Statement": 10500000.0,
        "Depreciation Income Statement": NaN,
        "Selling General And Administration": 11900000.0,
        "Selling And Marketing Expense": NaN,
        "General And Administrative Expense": 11900000.0,
        "Other Gand A": 11900000.0,
        "Insurance And Claims": NaN,
        "Rent And Landing Fees": NaN,
        "Salaries And Wages": NaN,
        "Gross Profit": 50700000.0,
        "Cost Of Revenue": 35800000.0,
        "Total Revenue": 86500000.0,
        "Excise Taxes": 1800000.0,
        "Operating Revenue": 88300000.0
    }
}