{
    "2023-03-31": {
        "Tax Effect Of Unusual Items": NaN,
        "Tax Rate For Calcs": NaN,
        "Normalized EBITDA": NaN,
        "Total Unusual Items": NaN,
        "Total Unusual Items Excluding Goodwill": NaN,
        "Net Income From Continuing Operation Net Minority Interest": NaN,
        "Reconciled Depreciation": NaN,
        "Reconciled Cost Of Revenue": NaN,
        "EBITDA": NaN,
        "EBIT": NaN,
        "Net Interest Income": NaN,
        "Interest Expense": NaN,
        "Interest Income": 132000000.0,
        "Normalized Income": NaN,
        "Net Income From Continuing And Discontinued Operation": NaN,
        "Total Expenses": NaN,
        "Rent Expense Supplemental": NaN,
        "Total Operating Income As Reported": 58870622100.0,
        "Diluted Average Shares": NaN,
        "Basic Average Shares": NaN,
        "Diluted EPS": NaN,
        "Basic EPS": NaN,
        "Diluted NI Availto Com Stockholders": NaN,
        "Net Income Common Stockholders": NaN,
        "Net Income": NaN,
        "Minority Interests": NaN,
        "Net Income Including Noncontrolling Interests": NaN,
        "Net Income Continuous Operations": NaN,
        "Tax Provision": NaN,
        "Pretax Income": NaN,
        "Other Income Expense": NaN,
        "Other Non Operating Income Expenses": NaN,
        "Special Income Charges": NaN,
        "Gain On Sale Of Ppe": NaN,
        "Other Special Charges": NaN,
        "Write Off": 3000000.0,
        "Impairment Of Capital Assets": 15287100.0,
        "Earnings From Equity Interest": NaN,
        "Gain On Sale Of Security": NaN,
        "Net Non Operating Interest Income Expense": NaN,
        "Total Other Finance Cost": NaN,
        "Interest Expense Non Operating": NaN,
        "Interest Income Non Operating": 132000000.0,
        "Operating Income": NaN,
        "Operating Expense": NaN,
        "Other Operating Expenses": NaN,
        "Other Taxes": NaN,
        "Provision For Doubtful Accounts": NaN,
        "Depreciation Amortization Depletion Income Statement": NaN,
        "Research And Development": NaN,
        "Selling General And Administration": NaN,
        "Selling And Marketing Expense": 5228188200.0,
        "General And Administrative Expense": NaN,
        "Other Gand A": 102000000.0,
        "Rent And Landing Fees": NaN,
        "Salaries And Wages": NaN,
        "Gross Profit": NaN,
        "Cost Of Revenue": NaN,
        "Total Revenue": NaN,
        "Operating Revenue": NaN
    },
    "2022-12-31": {
        "Tax Effect Of Unusual Items": NaN,
        "Tax Rate For Calcs": NaN,
        "Normalized EBITDA": NaN,
        "Total Unusual Items": NaN,
        "Total Unusual Items Excluding Goodwill": NaN,
        "Net Income From Continuing Operation Net Minority Interest": NaN,
        "Reconciled Depreciation": NaN,
        "Reconciled Cost Of Revenue": NaN,
        "EBITDA": NaN,
        "EBIT": NaN,
        "Net Interest Income": NaN,
        "Interest Expense": NaN,
        "Interest Income": NaN,
        "Normalized Income": NaN,
        "Net Income From Continuing And Discontinued Operation": NaN,
        "Total Expenses": NaN,
        "Rent Expense Supplemental": NaN,
        "Total Operating Income As Reported": NaN,
        "Diluted Average Shares": NaN,
        "Basic Average Shares": NaN,
        "Diluted EPS": NaN,
        "Basic EPS": NaN,
        "Diluted NI Availto Com Stockholders": NaN,
        "Net Income Common Stockholders": NaN,
        "Net Income": NaN,
        "Minority Interests": NaN,
        "Net Income Including Noncontrolling Interests": NaN,
        "Net Income Continuous Operations": NaN,
        "Tax Provision": NaN,
        "Pretax Income": NaN,
        "Other Income Expense": NaN,
        "Other Non Operating Income Expenses": NaN,
        "Special Income Charges": NaN,
        "Gain On Sale Of Ppe": NaN,
        "Other Special Charges": NaN,
        "Write Off": 69000000.0,
        "Impairment Of Capital Assets": 824000000.0,
        "Earnings From Equity Interest": NaN,
        "Gain On Sale Of Security": NaN,
        "Net Non Operating Interest Income Expense": NaN,
        "Total Other Finance Cost": NaN,
        "Interest Expense Non Operating": NaN,
        "Interest Income Non Operating": NaN,
        "Operating Income": NaN,
        "Operating Expense": NaN,
        "Other Operating Expenses": NaN,
        "Other Taxes": NaN,
        "Provision For Doubtful Accounts": NaN,
        "Depreciation Amortization Depletion Income Statement": NaN,
        "Research And Development": NaN,
        "Selling General And Administration": NaN,
        "Selling And Marketing Expense": 5311395400.0,
        "General And Administrative Expense": NaN,
        "Other Gand A": 116000000.0,
        "Rent And Landing Fees": NaN,
        "Salaries And Wages": NaN,
        "Gross Profit": NaN,
        "Cost Of Revenue": NaN,
        "Total Revenue": NaN,
        "Operating Revenue": NaN
    },
    "2022-09-30": {
        "Tax Effect Of Unusual Items": NaN,
        "Tax Rate For Calcs": NaN,
        "Normalized EBITDA": NaN,
        "Total Unusual Items": NaN,
        "Total Unusual Items Excluding Goodwill": NaN,
        "Net Income From Continuing Operation Net Minority Interest": NaN,
        "Reconciled Depreciation": NaN,
        "Reconciled Cost Of Revenue": NaN,
        "EBITDA": NaN,
        "EBIT": NaN,
        "Net Interest Income": NaN,
        "Interest Expense": NaN,
        "Interest Income": 175000000.0,
        "Normalized Income": NaN,
        "Net Income From Continuing And Discontinued Operation": NaN,
        "Total Expenses": NaN,
        "Rent Expense Supplemental": NaN,
        "Total Operating Income As Reported": 14170000000.0,
        "Diluted Average Shares": NaN,
        "Basic Average Shares": NaN,
        "Diluted EPS": NaN,
        "Basic EPS": NaN,
        "Diluted NI Availto Com Stockholders": NaN,
        "Net Income Common Stockholders": NaN,
        "Net Income": NaN,
        "Minority Interests": NaN,
        "Net Income Including Noncontrolling Interests": NaN,
        "Net Income Continuous Operations": NaN,
        "Tax Provision": NaN,
        "Pretax Income": NaN,
        "Other Income Expense": NaN,
        "Other Non Operating Income Expenses": NaN,
        "Special Income Charges": NaN,
        "Gain On Sale Of Ppe": NaN,
        "Other Special Charges": NaN,
        "Write Off": -1000000.0,
        "Impairment Of Capital Assets": 255000000.0,
        "Earnings From Equity Interest": NaN,
        "Gain On Sale Of Security": NaN,
        "Net Non Operating Interest Income Expense": NaN,
        "Total Other Finance Cost": NaN,
        "Interest Expense Non Operating": NaN,
        "Interest Income Non Operating": 175000000.0,
        "Operating Income": NaN,
        "Operating Expense": NaN,
        "Other Operating Expenses": NaN,
        "Other Taxes": NaN,
        "Provision For Doubtful Accounts": NaN,
        "Depreciation Amortization Depletion Income Statement": NaN,
        "Research And Development": NaN,
        "Selling General And Administration": NaN,
        "Selling And Marketing Expense": NaN,
        "General And Administrative Expense": NaN,
        "Other Gand A": 85000000.0,
        "Rent And Landing Fees": NaN,
        "Salaries And Wages": NaN,
        "Gross Profit": NaN,
        "Cost Of Revenue": NaN,
        "Total Revenue": NaN,
        "Operating Revenue": NaN
    },
    "2022-06-30": {
        "Tax Effect Of Unusual Items": -829308012.232416,
        "Tax Rate For Calcs": 0.324709,
        "Normalized EBITDA": 23315000000.0,
        "Total Unusual Items": -2554000000.0,
        "Total Unusual Items Excluding Goodwill": -2554000000.0,
        "Net Income From Continuing Operation Net Minority Interest": 11010000000.0,
        "Reconciled Depreciation": 3460000000.0,
        "Reconciled Cost Of Revenue": 12021000000.0,
        "EBITDA": 20761000000.0,
        "EBIT": 17301000000.0,
        "Net Interest Income": -709000000.0,
        "Interest Expense": 951000000.0,
        "Normalized Income": 12734691987.767584,
        "Net Income From Continuing And Discontinued Operation": 11010000000.0,
        "Total Expenses": 17433000000.0,
        "Total Operating Income As Reported": NaN,
        "Diluted Average Shares": 6522100631.0,
        "Basic Average Shares": 6522100631.0,
        "Diluted EPS": 1.606925,
        "Basic EPS": 1.606925,
        "Diluted NI Availto Com Stockholders": 11010000000.0,
        "Net Income Common Stockholders": 11010000000.0,
        "Net Income": 11010000000.0,
        "Minority Interests": -31000000.0,
        "Net Income Including Noncontrolling Interests": 11041000000.0,
        "Net Income Continuous Operations": 11041000000.0,
        "Tax Provision": 5309000000.0,
        "Pretax Income": 16350000000.0,
        "Other Income Expense": -211000000.0,
        "Other Non Operating Income Expenses": 2352000000.0,
        "Special Income Charges": 128000000.0,
        "Gain On Sale Of Ppe": 370000000.0,
        "Other Special Charges": 74000000.0,
        "Write Off": 84000000.0,
        "Impairment Of Capital Assets": 84000000.0,
        "Earnings From Equity Interest": -9000000.0,
        "Gain On Sale Of Security": -2682000000.0,
        "Net Non Operating Interest Income Expense": -709000000.0,
        "Total Other Finance Cost": -242000000.0,
        "Interest Expense Non Operating": 951000000.0,
        "Operating Income": 17270000000.0,
        "Operating Expense": 2193000000.0,
        "Other Operating Expenses": 47000000.0,
        "Other Taxes": 69000000.0,
        "Provision For Doubtful Accounts": 6000000.0,
        "Depreciation Amortization Depletion Income Statement": 241000000.0,
        "Research And Development": 220000000.0,
        "Selling General And Administration": 1610000000.0,
        "Selling And Marketing Expense": 1000000000.0,
        "General And Administrative Expense": 610000000.0,
        "Other Gand A": 83000000.0,
        "Salaries And Wages": 527000000.0,
        "Gross Profit": 19463000000.0,
        "Cost Of Revenue": 15240000000.0,
        "Total Revenue": 34703000000.0,
        "Operating Revenue": 34703000000.0
    },
    "2022-03-31": {
        "Diluted EPS": 1.32,
        "Total Revenue": NaN,
        "Gross Profit": NaN,
        "Operating Income": NaN,
        "EBIT": NaN,
        "Net Income": NaN
    },
    "2021-12-31": {
        "Diluted EPS": 0.86,
        "Total Revenue": NaN,
        "Gross Profit": NaN,
        "Operating Income": NaN,
        "EBIT": NaN,
        "Net Income": NaN
    },
    "2021-09-30": {
        "Diluted EPS": 0.92,
        "Total Revenue": NaN,
        "Gross Profit": NaN,
        "Operating Income": NaN,
        "EBIT": NaN,
        "Net Income": NaN
    },
    "2021-06-30": {
        "Diluted EPS": 0.0,
        "Total Revenue": NaN,
        "Gross Profit": NaN,
        "Operating Income": NaN,
        "Net Income": NaN
    },
    "2021-03-31": {
        "Diluted EPS": 0.02,
        "Total Revenue": NaN,
        "Gross Profit": NaN,
        "Operating Income": NaN,
        "EBIT": NaN,
        "Net Income": 180
    },
    "2020-09-30": {
        "Diluted EPS": -0.04,
        "Total Revenue": NaN,
        "Gross Profit": NaN,
        "Operating Income": NaN,
        "EBIT": NaN,
        "Net Income": -236
    },
    "2020-03-31": {
        "Diluted EPS": -1.48,
        "Total Revenue": NaN,
        "Gross Profit": NaN,
        "Operating Income": NaN,
        "EBIT": NaN,
        "Net Income": NaN
    },
    "2019-12-31": {
        "Diluted EPS": 0.3,
        "Total Revenue": NaN,
        "Gross Profit": NaN,
        "Operating Income": NaN,
        "EBIT": NaN,
        "Net Income": NaN
    },
    "2019-09-30": {
        "Diluted EPS": 0.36,
        "Total Revenue": 19,
        "Gross Profit": 8,
        "Operating Income": 1,
        "EBIT": NaN,
        "Net Income": 2
    },
    "2019-06-30": {
        "Diluted EPS": 0.74,
        "Total Revenue": NaN,
        "Gross Profit": NaN,
        "Operating Income": NaN,
        "EBIT": NaN,
        "Net Income": NaN
    },
    "2019-03-31": {
        "Diluted EPS": 0.16,
        "Total Revenue": NaN,
        "Gross Profit": NaN,
        "Operating Income": NaN,
        "EBIT": NaN,
        "Net Income": NaN
    },
    "2018-12-31": {
        "Diluted EPS": 0.08,
        "Total Revenue": NaN,
        "Gross Profit": NaN,
        "Operating Income": 780,
        "EBIT": NaN,
        "Net Income": 551
    },
    "2018-09-30": {
        "Diluted EPS": 0.26,
        "Total Revenue": NaN,
        "Gross Profit": NaN,
        "Operating Income": NaN,
        "EBIT": NaN,
        "Net Income": NaN
    },
    "2018-06-30": {
        "Diluted EPS": 0.44,
        "Total Revenue": NaN,
        "Gross Profit": NaN,
        "Operating Income": NaN,
        "EBIT": NaN,
        "Net Income": NaN
    },
    "2018-03-31": {
        "Diluted EPS": 0.32,
        "Total Revenue": NaN,
        "Gross Profit": NaN,
        "Operating Income": NaN,
        "EBIT": NaN,
        "Net Income": NaN
    },
    "2017-12-31": {
        "Diluted EPS": -0.28,
        "Total Revenue": NaN,
        "Gross Profit": NaN,
        "Operating Income": NaN,
        "EBIT": NaN,
        "Net Income": NaN
    },
    "2017-09-30": {
        "Diluted EPS": 0.02,
        "Total Revenue": NaN,
        "Gross Profit": NaN,
        "Operating Income": NaN,
        "EBIT": NaN,
        "Net Income": 83
    },
    "2017-06-30": {
        "Diluted EPS": 0.02,
        "Total Revenue": NaN,
        "Gross Profit": NaN,
        "Operating Income": NaN,
        "EBIT": NaN,
        "Net Income": 96
    },
    "2017-03-31": {
        "Diluted EPS": 0.22,
        "Total Revenue": NaN,
        "Gross Profit": NaN,
        "Operating Income": NaN,
        "EBIT": NaN,
        "Net Income": NaN
    },
    "2016-12-31": {
        "Diluted EPS": 0.1,
        "Total Revenue": NaN,
        "Gross Profit": NaN,
        "Operating Income": NaN,
        "EBIT": NaN,
        "Net Income": 754
    },
    "2016-09-30": {
        "Diluted EPS": -0.82,
        "Total Revenue": NaN,
        "Gross Profit": NaN,
        "Operating Income": NaN,
        "EBIT": 515,
        "Net Income": NaN
    },
    "2016-06-30": {
        "Diluted EPS": 0.02,
        "Total Revenue": NaN,
        "Gross Profit": NaN,
        "Operating Income": NaN,
        "EBIT": NaN,
        "Net Income": 106
    },
    "2016-03-31": {
        "Diluted EPS": -0.04,
        "Total Revenue": NaN,
        "Gross Profit": NaN,
        "Operating Income": NaN,
        "EBIT": NaN,
        "Net Income": -318
    },
    "2015-12-31": {
        "Diluted EPS": -1.44,
        "Total Revenue": NaN,
        "Gross Profit": NaN,
        "Operating Income": NaN,
        "EBIT": NaN,
        "Net Income": NaN
    },
    "2015-09-30": {
        "Diluted EPS": -0.18,
        "Total Revenue": NaN,
        "Gross Profit": NaN,
        "Operating Income": NaN,
        "EBIT": NaN,
        "Net Income": NaN
    },
    "2015-06-30": {
        "Diluted EPS": 0.04,
        "Total Revenue": NaN,
        "Gross Profit": NaN,
        "Operating Income": NaN,
        "EBIT": NaN,
        "Net Income": 171
    },
    "2015-03-31": {
        "Diluted EPS": 0.28,
        "Total Revenue": NaN,
        "Gross Profit": NaN,
        "Operating Income": NaN,
        "EBIT": NaN,
        "Net Income": NaN
    },
    "2014-12-31": {
        "Diluted EPS": -1.48,
        "Total Revenue": NaN,
        "Gross Profit": NaN,
        "Operating Income": NaN,
        "EBIT": NaN,
        "Net Income": NaN
    },
    "2014-09-30": {
        "Diluted EPS": -0.34,
        "Total Revenue": NaN,
        "Gross Profit": NaN,
        "Operating Income": NaN,
        "EBIT": 941,
        "Net Income": NaN
    },
    "2014-06-30": {
        "Diluted EPS": 0.36,
        "Total Revenue": NaN,
        "Gross Profit": NaN,
        "Operating Income": NaN,
        "EBIT": NaN,
        "Net Income": NaN
    },
    "2014-03-31": {
        "Diluted EPS": 0.34,
        "Total Revenue": NaN,
        "Gross Profit": NaN,
        "Operating Income": NaN,
        "EBIT": NaN,
        "Net Income": NaN
    },
    "2013-12-31": {
        "Diluted EPS": 0.42,
        "Total Revenue": NaN,
        "Gross Profit": NaN,
        "Operating Income": NaN,
        "EBIT": NaN,
        "Net Income": NaN
    },
    "2013-09-30": {
        "Diluted EPS": 0.22,
        "Total Revenue": NaN,
        "Gross Profit": NaN,
        "Operating Income": NaN,
        "EBIT": NaN,
        "Net Income": NaN
    },
    "2013-06-30": {
        "Diluted EPS": 0.46,
        "Total Revenue": NaN,
        "Gross Profit": NaN,
        "Operating Income": NaN,
        "EBIT": NaN,
        "Net Income": NaN
    },
    "2013-03-31": {
        "Diluted EPS": 0.6,
        "Total Revenue": NaN,
        "Gross Profit": NaN,
        "Operating Income": NaN,
        "EBIT": NaN,
        "Net Income": NaN
    },
    "2012-12-31": {
        "Diluted EPS": 0.58,
        "Total Revenue": NaN,
        "Gross Profit": NaN,
        "Operating Income": -257,
        "EBIT": NaN,
        "Net Income": NaN
    },
    "2012-09-30": {
        "Diluted EPS": 0.42,
        "Total Revenue": NaN,
        "Gross Profit": NaN,
        "Operating Income": NaN,
        "EBIT": NaN,
        "Net Income": NaN
    },
    "2012-06-30": {
        "Diluted EPS": -0.1,
        "Total Revenue": NaN,
        "Gross Profit": NaN,
        "Operating Income": NaN,
        "EBIT": NaN,
        "Net Income": -685
    },
    "2012-03-31": {
        "Diluted EPS": 0.8,
        "Total Revenue": NaN,
        "Gross Profit": NaN,
        "Operating Income": NaN,
        "EBIT": NaN,
        "Net Income": NaN
    },
    "2011-12-31": {
        "Diluted EPS": 0.4,
        "Total Revenue": NaN,
        "Gross Profit": NaN,
        "Operating Income": NaN,
        "EBIT": NaN,
        "Net Income": NaN
    },
    "2011-09-30": {
        "Diluted EPS": 0.6,
        "Total Revenue": NaN,
        "Gross Profit": NaN,
        "Operating Income": NaN,
        "EBIT": NaN,
        "Net Income": NaN
    },
    "2011-06-30": {
        "Diluted EPS": 1.06,
        "Total Revenue": NaN,
        "Gross Profit": NaN,
        "Operating Income": NaN,
        "EBIT": NaN,
        "Net Income": NaN
    },
    "2011-03-31": {
        "Diluted EPS": 1.02,
        "Total Revenue": NaN,
        "Gross Profit": NaN,
        "Operating Income": NaN,
        "EBIT": NaN,
        "Net Income": NaN
    },
    "2010-12-31": {
        "Diluted EPS": 1.06,
        "Total Revenue": NaN,
        "Gross Profit": NaN,
        "Operating Income": NaN,
        "EBIT": NaN,
        "Net Income": NaN
    },
    "2010-09-30": {
        "Diluted EPS": 1.06,
        "Total Revenue": NaN,
        "Gross Profit": NaN,
        "Operating Income": NaN,
        "EBIT": NaN,
        "Net Income": NaN
    },
    "2010-06-30": {
        "Diluted EPS": 0.96,
        "Total Revenue": NaN,
        "Gross Profit": NaN,
        "Operating Income": NaN,
        "EBIT": NaN,
        "Net Income": NaN
    },
    "2010-03-31": {
        "Diluted EPS": 0.98,
        "Total Revenue": NaN,
        "Gross Profit": NaN,
        "Operating Income": NaN,
        "EBIT": NaN,
        "Net Income": NaN
    },
    "2009-12-31": {
        "Diluted EPS": 1.12,
        "Total Revenue": NaN,
        "Gross Profit": NaN,
        "Operating Income": NaN,
        "EBIT": NaN,
        "Net Income": NaN
    },
    "2009-09-30": {
        "Diluted EPS": 0.86,
        "Total Revenue": NaN,
        "Gross Profit": NaN,
        "Operating Income": NaN,
        "EBIT": NaN,
        "Net Income": NaN
    },
    "2009-06-30": {
        "Diluted EPS": 0.9,
        "Total Revenue": NaN,
        "Gross Profit": NaN,
        "Operating Income": NaN,
        "EBIT": NaN,
        "Net Income": NaN
    },
    "2009-03-31": {
        "Diluted EPS": 0.6,
        "Total Revenue": NaN,
        "Gross Profit": NaN,
        "Operating Income": NaN,
        "EBIT": NaN,
        "Net Income": NaN
    },
    "2023-06-30": {
        "Tax Effect Of Unusual Items": NaN,
        "Tax Rate For Calcs": NaN,
        "Normalized EBITDA": NaN,
        "Total Unusual Items": NaN,
        "Total Unusual Items Excluding Goodwill": NaN,
        "Net Income From Continuing Operation Net Minority Interest": NaN,
        "Reconciled Depreciation": NaN,
        "Reconciled Cost Of Revenue": NaN,
        "EBITDA": NaN,
        "EBIT": NaN,
        "Net Interest Income": NaN,
        "Interest Expense": NaN,
        "Interest Income": 93030914.255135,
        "Normalized Income": NaN,
        "Net Income From Continuing And Discontinued Operation": NaN,
        "Total Expenses": NaN,
        "Rent Expense Supplemental": NaN,
        "Total Operating Income As Reported": 8660313670.6047,
        "Diluted Average Shares": NaN,
        "Basic Average Shares": NaN,
        "Diluted EPS": NaN,
        "Basic EPS": NaN,
        "Diluted NI Availto Com Stockholders": NaN,
        "Net Income Common Stockholders": NaN,
        "Net Income": NaN,
        "Minority Interests": NaN,
        "Net Income Including Noncontrolling Interests": NaN,
        "Net Income Continuous Operations": NaN,
        "Tax Provision": NaN,
        "Pretax Income": NaN,
        "Other Income Expense": NaN,
        "Other Non Operating Income Expenses": NaN,
        "Special Income Charges": NaN,
        "Gain On Sale Of Ppe": NaN,
        "Other Special Charges": NaN,
        "Write Off": 0.0,
        "Impairment Of Capital Assets": 401000000.0,
        "Earnings From Equity Interest": NaN,
        "Gain On Sale Of Security": NaN,
        "Net Non Operating Interest Income Expense": NaN,
        "Total Other Finance Cost": NaN,
        "Interest Expense Non Operating": NaN,
        "Interest Income Non Operating": 93030914.255135,
        "Operating Income": NaN,
        "Operating Expense": NaN,
        "Other Operating Expenses": NaN,
        "Other Taxes": NaN,
        "Provision For Doubtful Accounts": NaN,
        "Depreciation Amortization Depletion Income Statement": NaN,
        "Research And Development": NaN,
        "Selling General And Administration": NaN,
        "Selling And Marketing Expense": 4965489200.0,
        "General And Administrative Expense": NaN,
        "Other Gand A": 112000000.0,
        "Rent And Landing Fees": NaN,
        "Salaries And Wages": NaN,
        "Gross Profit": NaN,
        "Cost Of Revenue": NaN,
        "Total Revenue": NaN,
        "Operating Revenue": NaN
    },
    "2023-09-30": {
        "Tax Effect Of Unusual Items": NaN,
        "Tax Rate For Calcs": NaN,
        "Normalized EBITDA": NaN,
        "Total Unusual Items": NaN,
        "Total Unusual Items Excluding Goodwill": NaN,
        "Net Income From Continuing Operation Net Minority Interest": NaN,
        "Reconciled Depreciation": NaN,
        "Reconciled Cost Of Revenue": NaN,
        "EBITDA": NaN,
        "EBIT": NaN,
        "Net Interest Income": NaN,
        "Interest Expense": NaN,
        "Interest Income": 146000000.0,
        "Normalized Income": NaN,
        "Net Income From Continuing And Discontinued Operation": NaN,
        "Total Expenses": NaN,
        "Rent Expense Supplemental": NaN,
        "Total Operating Income As Reported": 9980000000.0,
        "Diluted Average Shares": NaN,
        "Basic Average Shares": NaN,
        "Diluted EPS": NaN,
        "Basic EPS": NaN,
        "Diluted NI Availto Com Stockholders": NaN,
        "Net Income Common Stockholders": NaN,
        "Net Income": NaN,
        "Minority Interests": NaN,
        "Net Income Including Noncontrolling Interests": NaN,
        "Net Income Continuous Operations": NaN,
        "Tax Provision": NaN,
        "Pretax Income": NaN,
        "Other Income Expense": NaN,
        "Other Non Operating Income Expenses": 30000000.0,
        "Special Income Charges": NaN,
        "Gain On Sale Of Ppe": NaN,
        "Other Special Charges": NaN,
        "Write Off": -1000000.0,
        "Impairment Of Capital Assets": 78000000.0,
        "Earnings From Equity Interest": NaN,
        "Gain On Sale Of Security": NaN,
        "Net Non Operating Interest Income Expense": NaN,
        "Total Other Finance Cost": NaN,
        "Interest Expense Non Operating": NaN,
        "Interest Income Non Operating": 146000000.0,
        "Operating Income": NaN,
        "Operating Expense": NaN,
        "Other Operating Expenses": NaN,
        "Other Taxes": NaN,
        "Provision For Doubtful Accounts": NaN,
        "Depreciation Amortization Depletion Income Statement": NaN,
        "Research And Development": NaN,
        "Selling General And Administration": NaN,
        "Selling And Marketing Expense": 5549451600.0,
        "General And Administrative Expense": NaN,
        "Other Gand A": 92000000.0,
        "Rent And Landing Fees": NaN,
        "Salaries And Wages": NaN,
        "Gross Profit": NaN,
        "Cost Of Revenue": NaN,
        "Total Revenue": NaN,
        "Operating Revenue": NaN
    },
    "2023-12-31": {
        "Tax Effect Of Unusual Items": NaN,
        "Tax Rate For Calcs": NaN,
        "Normalized EBITDA": NaN,
        "Total Unusual Items": NaN,
        "Total Unusual Items Excluding Goodwill": NaN,
        "Net Income From Continuing Operation Net Minority Interest": NaN,
        "Reconciled Depreciation": NaN,
        "Reconciled Cost Of Revenue": NaN,
        "EBITDA": NaN,
        "EBIT": NaN,
        "Net Interest Income": NaN,
        "Interest Expense": NaN,
        "Interest Income": NaN,
        "Normalized Income": NaN,
        "Net Income From Continuing And Discontinued Operation": NaN,
        "Total Expenses": NaN,
        "Rent Expense Supplemental": NaN,
        "Total Operating Income As Reported": NaN,
        "Diluted Average Shares": NaN,
        "Basic Average Shares": NaN,
        "Diluted EPS": NaN,
        "Basic EPS": NaN,
        "Diluted NI Availto Com Stockholders": NaN,
        "Net Income Common Stockholders": NaN,
        "Net Income": NaN,
        "Minority Interests": NaN,
        "Net Income Including Noncontrolling Interests": NaN,
        "Net Income Continuous Operations": NaN,
        "Tax Provision": NaN,
        "Pretax Income": NaN,
        "Other Income Expense": NaN,
        "Other Non Operating Income Expenses": NaN,
        "Special Income Charges": NaN,
        "Gain On Sale Of Ppe": NaN,
        "Other Special Charges": NaN,
        "Write Off": 2681000000.0,
        "Impairment Of Capital Assets": NaN,
        "Earnings From Equity Interest": NaN,
        "Gain On Sale Of Security": NaN,
        "Net Non Operating Interest Income Expense": NaN,
        "Total Other Finance Cost": NaN,
        "Interest Expense Non Operating": NaN,
        "Interest Income Non Operating": NaN,
        "Operating Income": NaN,
        "Operating Expense": NaN,
        "Other Operating Expenses": NaN,
        "Other Taxes": NaN,
        "Provision For Doubtful Accounts": NaN,
        "Depreciation Amortization Depletion Income Statement": NaN,
        "Research And Development": NaN,
        "Selling General And Administration": NaN,
        "Selling And Marketing Expense": 4986577200.0,
        "General And Administrative Expense": NaN,
        "Rent And Landing Fees": NaN,
        "Salaries And Wages": NaN,
        "Gross Profit": NaN,
        "Cost Of Revenue": NaN,
        "Total Revenue": NaN,
        "Operating Revenue": NaN
    },
    "2024-03-31": {
        "Tax Effect Of Unusual Items": NaN,
        "Tax Rate For Calcs": NaN,
        "Normalized EBITDA": NaN,
        "Total Unusual Items": NaN,
        "Total Unusual Items Excluding Goodwill": NaN,
        "Net Income From Continuing Operation Net Minority Interest": NaN,
        "Reconciled Depreciation": NaN,
        "Reconciled Cost Of Revenue": NaN,
        "EBITDA": NaN,
        "EBIT": NaN,
        "Net Interest Income": NaN,
        "Interest Expense": NaN,
        "Interest Income": 120000000.0,
        "Normalized Income": NaN,
        "Net Income From Continuing And Discontinued Operation": NaN,
        "Total Expenses": NaN,
        "Rent Expense Supplemental": NaN,
        "Total Operating Income As Reported": 8984000000.0,
        "Diluted Average Shares": NaN,
        "Basic Average Shares": NaN,
        "Diluted EPS": NaN,
        "Basic EPS": NaN,
        "Diluted NI Availto Com Stockholders": NaN,
        "Net Income Common Stockholders": NaN,
        "Net Income": NaN,
        "Minority Interests": NaN,
        "Net Income Including Noncontrolling Interests": NaN,
        "Net Income Continuous Operations": NaN,
        "Tax Provision": NaN,
        "Pretax Income": NaN,
        "Other Income Expense": NaN,
        "Other Non Operating Income Expenses": NaN,
        "Special Income Charges": NaN,
        "Gain On Sale Of Ppe": NaN,
        "Other Special Charges": NaN,
        "Write Off": -9000000.0,
        "Impairment Of Capital Assets": NaN,
        "Earnings From Equity Interest": NaN,
        "Gain On Sale Of Security": NaN,
        "Net Non Operating Interest Income Expense": NaN,
        "Total Other Finance Cost": NaN,
        "Interest Expense Non Operating": NaN,
        "Interest Income Non Operating": 120000000.0,
        "Operating Income": NaN,
        "Operating Expense": NaN,
        "Other Operating Expenses": NaN,
        "Other Taxes": NaN,
        "Provision For Doubtful Accounts": NaN,
        "Depreciation Amortization Depletion Income Statement": NaN,
        "Research And Development": NaN,
        "Selling General And Administration": NaN,
        "General And Administrative Expense": NaN,
        "Rent And Landing Fees": NaN,
        "Salaries And Wages": NaN,
        "Gross Profit": NaN,
        "Cost Of Revenue": NaN,
        "Total Revenue": NaN,
        "Operating Revenue": NaN
    },
    "2024-06-30": {
        "Tax Effect Of Unusual Items": NaN,
        "Tax Rate For Calcs": NaN,
        "Normalized EBITDA": NaN,
        "Total Unusual Items": NaN,
        "Total Unusual Items Excluding Goodwill": NaN,
        "Net Income From Continuing Operation Net Minority Interest": NaN,
        "Reconciled Depreciation": NaN,
        "Reconciled Cost Of Revenue": NaN,
        "EBITDA": NaN,
        "EBIT": NaN,
        "Net Interest Income": NaN,
        "Interest Expense": NaN,
        "Interest Income": NaN,
        "Normalized Income": NaN,
        "Net Income From Continuing And Discontinued Operation": NaN,
        "Total Expenses": NaN,
        "Rent Expense Supplemental": NaN,
        "Total Operating Income As Reported": NaN,
        "Diluted Average Shares": NaN,
        "Basic Average Shares": NaN,
        "Diluted EPS": NaN,
        "Basic EPS": NaN,
        "Diluted NI Availto Com Stockholders": NaN,
        "Net Income Common Stockholders": NaN,
        "Net Income": NaN,
        "Minority Interests": NaN,
        "Net Income Including Noncontrolling Interests": NaN,
        "Net Income Continuous Operations": NaN,
        "Tax Provision": NaN,
        "Pretax Income": NaN,
        "Other Income Expense": NaN,
        "Other Non Operating Income Expenses": NaN,
        "Special Income Charges": NaN,
        "Gain On Sale Of Ppe": NaN,
        "Other Special Charges": NaN,
        "Write Off": NaN,
        "Impairment Of Capital Assets": -37000000.0,
        "Earnings From Equity Interest": NaN,
        "Gain On Sale Of Security": NaN,
        "Net Non Operating Interest Income Expense": NaN,
        "Total Other Finance Cost": NaN,
        "Interest Expense Non Operating": NaN,
        "Interest Income Non Operating": NaN,
        "Operating Income": NaN,
        "Operating Expense": NaN,
        "Other Operating Expenses": NaN,
        "Other Taxes": NaN,
        "Provision For Doubtful Accounts": NaN,
        "Depreciation Amortization Depletion Income Statement": NaN,
        "Research And Development": NaN,
        "Selling General And Administration": NaN,
        "General And Administrative Expense": NaN,
        "Rent And Landing Fees": NaN,
        "Salaries And Wages": NaN,
        "Gross Profit": NaN,
        "Cost Of Revenue": NaN,
        "Total Revenue": NaN,
        "Operating Revenue": NaN
    },
    "2024-09-30": {
        "Tax Effect Of Unusual Items": 12512000.0,
        "Tax Rate For Calcs": 0.272,
        "Normalized EBITDA": 11976000000.0,
        "Total Unusual Items": 46000000.0,
        "Total Unusual Items Excluding Goodwill": 46000000.0,
        "Net Income From Continuing Operation Net Minority Interest": 5870000000.0,
        "Reconciled Depreciation": 2983000000.0,
        "Reconciled Cost Of Revenue": 8572000000.0,
        "EBITDA": 12022000000.0,
        "EBIT": 9039000000.0,
        "Net Interest Income": -878000000.0,
        "Interest Expense": 943000000.0,
        "Interest Income": 128000000.0,
        "Normalized Income": 5836512000.0,
        "Net Income From Continuing And Discontinued Operation": 5870000000.0,
        "Total Expenses": 14497000000.0,
        "Rent Expense Supplemental": 1098000000.0,
        "Total Operating Income As Reported": NaN,
        "Diluted Average Shares": 6444366380.0,
        "Basic Average Shares": 6444366380.0,
        "Diluted EPS": 0.92,
        "Basic EPS": 0.92,
        "Diluted NI Availto Com Stockholders": 5870000000.0,
        "Net Income Common Stockholders": 5870000000.0,
        "Net Income": 5870000000.0,
        "Minority Interests": -21000000.0,
        "Net Income Including Noncontrolling Interests": 5891000000.0,
        "Net Income Continuous Operations": 5891000000.0,
        "Tax Provision": 2205000000.0,
        "Pretax Income": 8096000000.0,
        "Other Income Expense": 105000000.0,
        "Other Non Operating Income Expenses": 82000000.0,
        "Special Income Charges": -296000000.0,
        "Gain On Sale Of Ppe": -97000000.0,
        "Other Special Charges": 199000000.0,
        "Write Off": NaN,
        "Impairment Of Capital Assets": 0.0,
        "Earnings From Equity Interest": -23000000.0,
        "Gain On Sale Of Security": 342000000.0,
        "Net Non Operating Interest Income Expense": -878000000.0,
        "Total Other Finance Cost": 63000000.0,
        "Interest Expense Non Operating": 943000000.0,
        "Interest Income Non Operating": 128000000.0,
        "Operating Income": 8869000000.0,
        "Operating Expense": 3136000000.0,
        "Other Operating Expenses": 250000000.0,
        "Other Taxes": -228000000.0,
        "Provision For Doubtful Accounts": 0.0,
        "Depreciation Amortization Depletion Income Statement": 194000000.0,
        "Research And Development": 195000000.0,
        "Selling General And Administration": 2053000000.0,
        "General And Administrative Expense": 2053000000.0,
        "Rent And Landing Fees": 1098000000.0,
        "Salaries And Wages": 955000000.0,
        "Gross Profit": 12005000000.0,
        "Cost Of Revenue": 11361000000.0,
        "Total Revenue": 23366000000.0,
        "Operating Revenue": 23366000000.0
    },
    "2024-12-31": {
        "Tax Effect Of Unusual Items": -1435428249.859313,
        "Tax Rate For Calcs": 0.221722,
        "Normalized EBITDA": 6866000000.0,
        "Total Unusual Items": -6474000000.0,
        "Total Unusual Items Excluding Goodwill": -6474000000.0,
        "Net Income From Continuing Operation Net Minority Interest": -2780000000.0,
        "Reconciled Depreciation": 2996000000.0,
        "Reconciled Cost Of Revenue": 8046000000.0,
        "EBITDA": 392000000.0,
        "EBIT": -2604000000.0,
        "Net Interest Income": 815000000.0,
        "Interest Expense": 950000000.0,
        "Interest Income": NaN,
        "Normalized Income": 2258571750.140687,
        "Net Income From Continuing And Discontinued Operation": -2780000000.0,
        "Total Expenses": 19335000000.0,
        "Rent Expense Supplemental": 1022000000.0,
        "Total Operating Income As Reported": NaN,
        "Diluted Average Shares": 6444366381.0,
        "Basic Average Shares": 6444366381.0,
        "Diluted EPS": -0.431385,
        "Basic EPS": -0.431385,
        "Diluted NI Availto Com Stockholders": -2780000000.0,
        "Net Income Common Stockholders": -2780000000.0,
        "Net Income": -2780000000.0,
        "Minority Interests": -14000000.0,
        "Net Income Including Noncontrolling Interests": -2766000000.0,
        "Net Income Continuous Operations": -2766000000.0,
        "Tax Provision": -788000000.0,
        "Pretax Income": -3554000000.0,
        "Other Income Expense": -5849000000.0,
        "Other Non Operating Income Expenses": 948000000.0,
        "Special Income Charges": -1668000000.0,
        "Gain On Sale Of Ppe": 39000000.0,
        "Other Special Charges": 130000000.0,
        "Write Off": NaN,
        "Impairment Of Capital Assets": NaN,
        "Earnings From Equity Interest": -323000000.0,
        "Gain On Sale Of Security": -4806000000.0,
        "Net Non Operating Interest Income Expense": 815000000.0,
        "Total Other Finance Cost": -2110000000.0,
        "Interest Expense Non Operating": 950000000.0,
        "Interest Income Non Operating": NaN,
        "Operating Income": 1480000000.0,
        "Operating Expense": 8503000000.0,
        "Other Operating Expenses": 3376000000.0,
        "Other Taxes": 2145000000.0,
        "Provision For Doubtful Accounts": 250000000.0,
        "Depreciation Amortization Depletion Income Statement": 210000000.0,
        "Research And Development": 218000000.0,
        "Selling General And Administration": 1711000000.0,
        "General And Administrative Expense": 1711000000.0,
        "Rent And Landing Fees": 1022000000.0,
        "Salaries And Wages": 689000000.0,
        "Gross Profit": 9983000000.0,
        "Cost Of Revenue": 10832000000.0,
        "Total Revenue": 20815000000.0,
        "Operating Revenue": 20815000000.0
    },
    "2025-03-31": {
        "Tax Effect Of Unusual Items": 876888000.0,
        "Tax Rate For Calcs": 0.342,
        "Normalized EBITDA": 10747000000.0,
        "Total Unusual Items": 2564000000.0,
        "Total Unusual Items Excluding Goodwill": 2564000000.0,
        "Net Income From Continuing Operation Net Minority Interest": 5974000000.0,
        "Reconciled Depreciation": 3247000000.0,
        "Reconciled Cost Of Revenue": 7646000000.0,
        "EBITDA": 13311000000.0,
        "EBIT": 10064000000.0,
        "Net Interest Income": -909000000.0,
        "Interest Expense": 958000000.0,
        "Interest Income": 74000000.0,
        "Normalized Income": 4286888000.0,
        "Net Income From Continuing And Discontinued Operation": 5974000000.0,
        "Total Expenses": 13802000000.0,
        "Rent Expense Supplemental": 1034000000.0,
        "Total Operating Income As Reported": NaN,
        "Diluted Average Shares": 6444366380.0,
        "Basic Average Shares": 6444366380.0,
        "Diluted EPS": 0.92,
        "Basic EPS": 0.92,
        "Diluted NI Availto Com Stockholders": 5974000000.0,
        "Net Income Common Stockholders": 5974000000.0,
        "Net Income": 5974000000.0,
        "Minority Interests": -21000000.0,
        "Net Income Including Noncontrolling Interests": 5995000000.0,
        "Net Income Continuous Operations": 5995000000.0,
        "Tax Provision": 3111000000.0,
        "Pretax Income": 9106000000.0,
        "Other Income Expense": 2744000000.0,
        "Other Non Operating Income Expenses": 98000000.0,
        "Special Income Charges": -37000000.0,
        "Gain On Sale Of Ppe": 57000000.0,
        "Other Special Charges": 44000000.0,
        "Write Off": 50000000.0,
        "Impairment Of Capital Assets": NaN,
        "Earnings From Equity Interest": 82000000.0,
        "Gain On Sale Of Security": 2601000000.0,
        "Net Non Operating Interest Income Expense": -909000000.0,
        "Total Other Finance Cost": 25000000.0,
        "Interest Expense Non Operating": 958000000.0,
        "Interest Income Non Operating": 74000000.0,
        "Operating Income": 7271000000.0,
        "Operating Expense": 3117000000.0,
        "Other Operating Expenses": 76000000.0,
        "Other Taxes": 65000000.0,
        "Provision For Doubtful Accounts": -4000000.0,
        "Depreciation Amortization Depletion Income Statement": 208000000.0,
        "Research And Development": 202000000.0,
        "Selling General And Administration": 1935000000.0,
        "General And Administrative Expense": 1935000000.0,
        "Rent And Landing Fees": 1034000000.0,
        "Salaries And Wages": 901000000.0,
        "Gross Profit": 10388000000.0,
        "Cost Of Revenue": 10685000000.0,
        "Total Revenue": 21073000000.0,
        "Operating Revenue": 21073000000.0
    },
    "2025-06-30": {
        "Tax Effect Of Unusual Items": 441427858.368429,
        "Tax Rate For Calcs": 0.257994,
        "Normalized EBITDA": 9429000000.0,
        "Total Unusual Items": 1711000000.0,
        "Total Unusual Items Excluding Goodwill": 1711000000.0,
        "Net Income From Continuing Operation Net Minority Interest": 4734000000.0,
        "Reconciled Depreciation": 3697000000.0,
        "Reconciled Cost Of Revenue": 7545000000.0,
        "EBITDA": 11140000000.0,
        "EBIT": 7443000000.0,
        "Net Interest Income": -945000000.0,
        "Interest Expense": 1032000000.0,
        "Interest Income": NaN,
        "Normalized Income": 3464427858.368429,
        "Net Income From Continuing And Discontinued Operation": 4734000000.0,
        "Total Expenses": 15565000000.0,
        "Rent Expense Supplemental": 1224000000.0,
        "Total Operating Income As Reported": 5349000000.0,
        "Diluted Average Shares": 6444366380.0,
        "Basic Average Shares": 6444366380.0,
        "Diluted EPS": 0.74,
        "Basic EPS": 0.74,
        "Diluted NI Availto Com Stockholders": 4734000000.0,
        "Net Income Common Stockholders": 4734000000.0,
        "Net Income": 4734000000.0,
        "Minority Interests": -23000000.0,
        "Net Income Including Noncontrolling Interests": 4757000000.0,
        "Net Income Continuous Operations": 4757000000.0,
        "Tax Provision": 1654000000.0,
        "Pretax Income": 6411000000.0,
        "Other Income Expense": 1884000000.0,
        "Other Non Operating Income Expenses": 126000000.0,
        "Special Income Charges": -157000000.0,
        "Gain On Sale Of Ppe": 14000000.0,
        "Other Special Charges": -19000000.0,
        "Write Off": NaN,
        "Impairment Of Capital Assets": 190000000.0,
        "Earnings From Equity Interest": 47000000.0,
        "Gain On Sale Of Security": 1868000000.0,
        "Net Non Operating Interest Income Expense": -945000000.0,
        "Total Other Finance Cost": -87000000.0,
        "Interest Expense Non Operating": 1032000000.0,
        "Interest Income Non Operating": NaN,
        "Operating Income": 5472000000.0,
        "Operating Expense": 4540000000.0,
        "Other Operating Expenses": 1068000000.0,
        "Other Taxes": 26000000.0,
        "Provision For Doubtful Accounts": 14000000.0,
        "Depreciation Amortization Depletion Income Statement": 217000000.0,
        "Research And Development": 193000000.0,
        "Selling General And Administration": 2362000000.0,
        "General And Administrative Expense": 2362000000.0,
        "Rent And Landing Fees": 1224000000.0,
        "Salaries And Wages": 1138000000.0,
        "Gross Profit": 10012000000.0,
        "Cost Of Revenue": 11025000000.0,
        "Total Revenue": 21037000000.0,
        "Operating Revenue": 21037000000.0
    },
    "2025-09-30": {
        "Tax Effect Of Unusual Items": 413991000.0,
        "Tax Rate For Calcs": 0.269,
        "Normalized EBITDA": 11931000000.0,
        "Total Unusual Items": 1539000000.0,
        "Total Unusual Items Excluding Goodwill": 1539000000.0,
        "Net Income From Continuing Operation Net Minority Interest": 6027000000.0,
        "Reconciled Depreciation": 4111000000.0,
        "Reconciled Cost Of Revenue": 8406000000.0,
        "EBITDA": 13470000000.0,
        "EBIT": 9359000000.0,
        "Net Interest Income": -1021000000.0,
        "Interest Expense": 1076000000.0,
        "Interest Income": 98000000.0,
        "Normalized Income": 4901991000.0,
        "Net Income From Continuing And Discontinued Operation": 6027000000.0,
        "Total Expenses": 15748000000.0,
        "Rent Expense Supplemental": 1258000000.0,
        "Total Operating Income As Reported": 7976000000.0,
        "Diluted Average Shares": 6444366381.0,
        "Basic Average Shares": 6444366381.0,
        "Diluted EPS": 0.935235,
        "Basic EPS": 0.935235,
        "Diluted NI Availto Com Stockholders": 6027000000.0,
        "Net Income Common Stockholders": 6027000000.0,
        "Net Income": 6027000000.0,
        "Minority Interests": -26000000.0,
        "Net Income Including Noncontrolling Interests": 6053000000.0,
        "Net Income Continuous Operations": 6053000000.0,
        "Tax Provision": 2230000000.0,
        "Pretax Income": 8283000000.0,
        "Other Income Expense": 1575000000.0,
        "Other Non Operating Income Expenses": 117000000.0,
        "Special Income Charges": 287000000.0,
        "Gain On Sale Of Ppe": 10000000.0,
        "Other Special Charges": 133000000.0,
        "Write Off": NaN,
        "Impairment Of Capital Assets": -287000000.0,
        "Earnings From Equity Interest": 36000000.0,
        "Gain On Sale Of Security": 1252000000.0,
        "Net Non Operating Interest Income Expense": -1021000000.0,
        "Total Other Finance Cost": 43000000.0,
        "Interest Expense Non Operating": 1076000000.0,
        "Interest Income Non Operating": 98000000.0,
        "Operating Income": 7729000000.0,
        "Operating Expense": 3488000000.0,
        "Other Operating Expenses": 1285000000.0,
        "Other Taxes": 109000000.0,
        "Provision For Doubtful Accounts": 17000000.0,
        "Depreciation Amortization Depletion Income Statement": 257000000.0,
        "Research And Development": 233000000.0,
        "Selling General And Administration": 1587000000.0,
        "General And Administrative Expense": 1587000000.0,
        "Rent And Landing Fees": 1258000000.0,
        "Salaries And Wages": 329000000.0,
        "Gross Profit": 11217000000.0,
        "Cost Of Revenue": 12260000000.0,
        "Total Revenue": 23477000000.0,
        "Operating Revenue": 23477000000.0
    }
}