{
    "2023-06-30": {
        "Tax Effect Of Unusual Items": 13856700.0,
        "Tax Rate For Calcs": 0.221,
        "Normalized EBITDA": 1648800000.0,
        "Total Unusual Items": 62700000.0,
        "Total Unusual Items Excluding Goodwill": 62700000.0,
        "Net Income From Continuing Operation Net Minority Interest": 1221100000.0,
        "Reconciled Depreciation": 223400000.0,
        "Reconciled Cost Of Revenue": 6881600000.0,
        "EBITDA": 1711500000.0,
        "EBIT": 1488100000.0,
        "Net Interest Income": 17700000.0,
        "Normalized Income": 1172256700.0,
        "Net Income From Continuing And Discontinued Operation": 1221100000.0,
        "Total Expenses": 7393000000.0,
        "Diluted Average Shares": 524800000.0,
        "Basic Average Shares": 523800000.0,
        "Diluted EPS": 2.33,
        "Basic EPS": 2.33,
        "Diluted NI Availto Com Stockholders": 1221100000.0,
        "Net Income Common Stockholders": 1221100000.0,
        "Net Income": 1221100000.0,
        "Net Income Including Noncontrolling Interests": 1221100000.0,
        "Net Income Continuous Operations": 1221100000.0,
        "Tax Provision": 347400000.0,
        "Pretax Income": 1568500000.0,
        "Other Income Expense": 62700000.0,
        "Gain On Sale Of Security": 62700000.0,
        "Net Non Operating Interest Income Expense": 17700000.0,
        "Total Other Finance Cost": -17700000.0,
        "Operating Income": 1488100000.0,
        "Operating Expense": 405400000.0,
        "Provision For Doubtful Accounts": 4800000.0,
        "Depreciation Amortization Depletion Income Statement": 117400000.0,
        "Depreciation And Amortization In Income Statement": 117400000.0,
        "Depreciation Income Statement": 117400000.0,
        "Research And Development": 101300000.0,
        "Selling General And Administration": 181900000.0,
        "Gross Profit": 1893500000.0,
        "Cost Of Revenue": 6987600000.0,
        "Total Revenue": 8881100000.0,
        "Operating Revenue": 8881100000.0
    },
    "2023-03-31": {
        "Tax Effect Of Unusual Items": 9849000.0,
        "Tax Rate For Calcs": 0.201,
        "Normalized EBITDA": 1620900000.0,
        "Total Unusual Items": 49000000.0,
        "Total Unusual Items Excluding Goodwill": 49000000.0,
        "Net Income From Continuing Operation Net Minority Interest": 733900000.0,
        "Reconciled Depreciation": 221100000.0,
        "Reconciled Cost Of Revenue": 6508100000.0,
        "EBITDA": 1669900000.0,
        "EBIT": 1448800000.0,
        "Net Interest Income": -578800000.0,
        "Normalized Income": 694749000.0,
        "Net Income From Continuing And Discontinued Operation": 733900000.0,
        "Total Expenses": 7024500000.0,
        "Diluted Average Shares": 524400000.0,
        "Basic Average Shares": 523500000.0,
        "Diluted EPS": 1.4,
        "Basic EPS": 1.4,
        "Diluted NI Availto Com Stockholders": 733900000.0,
        "Net Income Common Stockholders": 733900000.0,
        "Net Income": 733900000.0,
        "Net Income Including Noncontrolling Interests": 733900000.0,
        "Net Income Continuous Operations": 733900000.0,
        "Tax Provision": 185100000.0,
        "Pretax Income": 919000000.0,
        "Other Income Expense": 49000000.0,
        "Gain On Sale Of Security": 49000000.0,
        "Net Non Operating Interest Income Expense": -578800000.0,
        "Total Other Finance Cost": 578800000.0,
        "Operating Income": 1448800000.0,
        "Operating Expense": 418700000.0,
        "Provision For Doubtful Accounts": 3100000.0,
        "Depreciation Amortization Depletion Income Statement": 123400000.0,
        "Depreciation And Amortization In Income Statement": 123400000.0,
        "Depreciation Income Statement": 123400000.0,
        "Research And Development": 97200000.0,
        "Selling General And Administration": 195000000.0,
        "Gross Profit": 1867500000.0,
        "Cost Of Revenue": 6605800000.0,
        "Total Revenue": 8473300000.0,
        "Operating Revenue": 8473300000.0
    },
    "2022-12-31": {
        "Tax Effect Of Unusual Items": 7936316.46108,
        "Tax Rate For Calcs": 0.216248,
        "Normalized EBITDA": 1287000000.0,
        "Total Unusual Items": 36700000.0,
        "Total Unusual Items Excluding Goodwill": 36700000.0,
        "Net Income From Continuing Operation Net Minority Interest": 921300000.0,
        "Reconciled Depreciation": 204600000.0,
        "Reconciled Cost Of Revenue": 6509400000.0,
        "EBITDA": 1323700000.0,
        "EBIT": 1119100000.0,
        "Net Interest Income": 19700000.0,
        "Normalized Income": 892536316.46108,
        "Net Income From Continuing And Discontinued Operation": 921300000.0,
        "Total Expenses": 7010400000.0,
        "Diluted Average Shares": 523800000.0,
        "Basic Average Shares": 522900000.0,
        "Diluted EPS": 1.76,
        "Basic EPS": 1.76,
        "Diluted NI Availto Com Stockholders": 921300000.0,
        "Net Income Common Stockholders": 921300000.0,
        "Net Income": 921300000.0,
        "Net Income Including Noncontrolling Interests": 921300000.0,
        "Net Income Continuous Operations": 921300000.0,
        "Tax Provision": 254200000.0,
        "Pretax Income": 1175500000.0,
        "Other Income Expense": 36700000.0,
        "Gain On Sale Of Security": 36700000.0,
        "Net Non Operating Interest Income Expense": 19700000.0,
        "Total Other Finance Cost": -19700000.0,
        "Operating Income": 1119100000.0,
        "Operating Expense": 412100000.0,
        "Provision For Doubtful Accounts": 1700000.0,
        "Depreciation Amortization Depletion Income Statement": 115700000.0,
        "Depreciation And Amortization In Income Statement": 115700000.0,
        "Depreciation Income Statement": 115700000.0,
        "Research And Development": 99900000.0,
        "Selling General And Administration": 194800000.0,
        "Gross Profit": 1531200000.0,
        "Cost Of Revenue": 6598300000.0,
        "Total Revenue": 8129500000.0,
        "Operating Revenue": 8129500000.0
    },
    "2022-09-30": {
        "Tax Effect Of Unusual Items": NaN,
        "Tax Rate For Calcs": NaN,
        "Normalized EBITDA": NaN,
        "Total Unusual Items": NaN,
        "Total Unusual Items Excluding Goodwill": NaN,
        "Net Income From Continuing Operation Net Minority Interest": NaN,
        "Reconciled Depreciation": NaN,
        "Reconciled Cost Of Revenue": NaN,
        "EBITDA": NaN,
        "EBIT": NaN,
        "Net Interest Income": NaN,
        "Interest Income": 35000000.0,
        "Normalized Income": NaN,
        "Net Income From Continuing And Discontinued Operation": NaN,
        "Total Expenses": NaN,
        "Diluted Average Shares": NaN,
        "Basic Average Shares": NaN,
        "Diluted EPS": NaN,
        "Basic EPS": NaN,
        "Diluted NI Availto Com Stockholders": NaN,
        "Net Income Common Stockholders": NaN,
        "Net Income": NaN,
        "Net Income Including Noncontrolling Interests": NaN,
        "Net Income Continuous Operations": NaN,
        "Tax Provision": NaN,
        "Pretax Income": NaN,
        "Other Income Expense": NaN,
        "Gain On Sale Of Security": NaN,
        "Net Non Operating Interest Income Expense": NaN,
        "Total Other Finance Cost": NaN,
        "Interest Income Non Operating": 35000000.0,
        "Operating Income": NaN,
        "Operating Expense": NaN,
        "Provision For Doubtful Accounts": NaN,
        "Depreciation Amortization Depletion Income Statement": NaN,
        "Depreciation And Amortization In Income Statement": NaN,
        "Depreciation Income Statement": NaN,
        "Research And Development": NaN,
        "Selling General And Administration": NaN,
        "Gross Profit": NaN,
        "Cost Of Revenue": NaN,
        "Total Revenue": NaN,
        "Operating Revenue": NaN
    },
    "2022-06-30": {
        "Tax Effect Of Unusual Items": 1181195.098146,
        "Tax Rate For Calcs": 0.21874,
        "Normalized EBITDA": 1085800000.0,
        "Total Unusual Items": 5400000.0,
        "Total Unusual Items Excluding Goodwill": 5400000.0,
        "Net Income From Continuing Operation Net Minority Interest": 720400000.0,
        "Reconciled Depreciation": 196900000.0,
        "Reconciled Cost Of Revenue": 6002800000.0,
        "EBITDA": 1091200000.0,
        "EBIT": 894300000.0,
        "Net Interest Income": 22400000.0,
        "Interest Expense": 191800000.0,
        "Interest Income": 22400000.0,
        "Normalized Income": 716181195.098146,
        "Net Income From Continuing And Discontinued Operation": 720400000.0,
        "Total Expenses": 6264400000.0,
        "Diluted Average Shares": 523200000.0,
        "Basic Average Shares": 522600000.0,
        "Diluted EPS": 1.37,
        "Basic EPS": 1.38,
        "Diluted NI Availto Com Stockholders": 720400000.0,
        "Net Income Common Stockholders": 720400000.0,
        "Net Income": 720400000.0,
        "Net Income Including Noncontrolling Interests": 720400000.0,
        "Net Income Continuous Operations": 720400000.0,
        "Tax Provision": 201700000.0,
        "Pretax Income": 922100000.0,
        "Other Income Expense": 5400000.0,
        "Gain On Sale Of Security": 5400000.0,
        "Net Non Operating Interest Income Expense": 22400000.0,
        "Total Other Finance Cost": -22400000.0,
        "Interest Expense Non Operating": 191800000.0,
        "Interest Income Non Operating": 22400000.0,
        "Operating Income": 894300000.0,
        "Operating Expense": 261600000.0,
        "Provision For Doubtful Accounts": 4400000.0,
        "Depreciation Amortization Depletion Income Statement": 124000000.0,
        "Depreciation And Amortization In Income Statement": 124000000.0,
        "Depreciation Income Statement": 124000000.0,
        "Research And Development": 80400000.0,
        "Selling General And Administration": 176800000.0,
        "Gross Profit": 1155900000.0,
        "Cost Of Revenue": 6002800000.0,
        "Total Revenue": 7158700000.0,
        "Operating Revenue": 7158700000.0
    },
    "2022-03-31": {
        "Diluted EPS": 1.15,
        "Total Revenue": NaN,
        "Gross Profit": NaN,
        "Operating Income": 782,
        "EBIT": 856,
        "Net Income": 601
    },
    "2021-12-31": {
        "Diluted EPS": 1.0,
        "Total Revenue": NaN,
        "Gross Profit": NaN,
        "Operating Income": 659,
        "EBIT": 870,
        "Net Income": 519
    },
    "2021-09-30": {
        "Diluted EPS": 0.73,
        "Total Revenue": NaN,
        "Gross Profit": 971,
        "Operating Income": 510,
        "EBIT": 720,
        "Net Income": 381
    },
    "2021-06-30": {
        "Diluted EPS": 0.95,
        "Total Revenue": NaN,
        "Gross Profit": NaN,
        "Operating Income": 655,
        "EBIT": 886,
        "Net Income": 496
    },
    "2021-03-31": {
        "Diluted EPS": 0.9,
        "Total Revenue": NaN,
        "Gross Profit": NaN,
        "Operating Income": 636,
        "EBIT": 888,
        "Net Income": 471
    },
    "2020-12-31": {
        "Diluted EPS": 0.79,
        "Total Revenue": NaN,
        "Gross Profit": NaN,
        "Operating Income": 556,
        "EBIT": 826,
        "Net Income": 409
    },
    "2020-09-30": {
        "Diluted EPS": 0.74,
        "Total Revenue": NaN,
        "Gross Profit": 978,
        "Operating Income": 519,
        "EBIT": 785,
        "Net Income": 386
    },
    "2020-06-30": {
        "Diluted EPS": 0.29,
        "Total Revenue": NaN,
        "Gross Profit": 621,
        "Operating Income": 210,
        "EBIT": 451,
        "Net Income": 148
    },
    "2020-03-31": {
        "Diluted EPS": 0.69,
        "Total Revenue": NaN,
        "Gross Profit": 972,
        "Operating Income": 508,
        "EBIT": 780,
        "Net Income": 359
    },
    "2019-12-31": {
        "Diluted EPS": 1.02,
        "Total Revenue": NaN,
        "Gross Profit": NaN,
        "Operating Income": 719,
        "EBIT": NaN,
        "Net Income": 531
    },
    "2019-09-30": {
        "Diluted EPS": 1.17,
        "Total Revenue": NaN,
        "Gross Profit": NaN,
        "Operating Income": 810,
        "EBIT": NaN,
        "Net Income": 608
    },
    "2019-06-30": {
        "Diluted EPS": 1.19,
        "Total Revenue": NaN,
        "Gross Profit": NaN,
        "Operating Income": 847,
        "EBIT": NaN,
        "Net Income": 620
    },
    "2019-03-31": {
        "Diluted EPS": 1.21,
        "Total Revenue": NaN,
        "Gross Profit": NaN,
        "Operating Income": 845,
        "EBIT": 927,
        "Net Income": 629
    },
    "2018-12-31": {
        "Diluted EPS": 1.1,
        "Total Revenue": NaN,
        "Gross Profit": NaN,
        "Operating Income": 767,
        "EBIT": NaN,
        "Net Income": 578
    },
    "2018-09-30": {
        "Diluted EPS": 1.03,
        "Total Revenue": NaN,
        "Gross Profit": NaN,
        "Operating Income": 698,
        "EBIT": 951,
        "Net Income": 545
    },
    "2018-06-30": {
        "Diluted EPS": 1.06,
        "Total Revenue": NaN,
        "Gross Profit": NaN,
        "Operating Income": 739,
        "EBIT": NaN,
        "Net Income": 560
    },
    "2018-03-31": {
        "Diluted EPS": 0.97,
        "Total Revenue": NaN,
        "Gross Profit": NaN,
        "Operating Income": 688,
        "EBIT": 961,
        "Net Income": 512
    },
    "2017-12-31": {
        "Diluted EPS": 1.11,
        "Total Revenue": NaN,
        "Gross Profit": NaN,
        "Operating Income": 629,
        "EBIT": 922,
        "Net Income": 589
    },
    "2017-09-30": {
        "Diluted EPS": 0.76,
        "Total Revenue": NaN,
        "Gross Profit": NaN,
        "Operating Income": 606,
        "EBIT": 892,
        "Net Income": 403
    },
    "2017-06-30": {
        "Diluted EPS": 0.71,
        "Total Revenue": NaN,
        "Gross Profit": 940,
        "Operating Income": 563,
        "EBIT": 832,
        "Net Income": 373
    },
    "2017-03-31": {
        "Diluted EPS": 0.59,
        "Total Revenue": NaN,
        "Gross Profit": 847,
        "Operating Income": 466,
        "EBIT": 725,
        "Net Income": 310
    },
    "2016-12-31": {
        "Diluted EPS": 0.55,
        "Total Revenue": NaN,
        "Gross Profit": 812,
        "Operating Income": 437,
        "EBIT": 684,
        "Net Income": 289
    },
    "2016-09-30": {
        "Diluted EPS": 0.65,
        "Total Revenue": NaN,
        "Gross Profit": 878,
        "Operating Income": 525,
        "EBIT": 776,
        "Net Income": 346
    },
    "2016-06-30": {
        "Diluted EPS": 0.91,
        "Total Revenue": NaN,
        "Gross Profit": 924,
        "Operating Income": 681,
        "EBIT": 934,
        "Net Income": 481
    },
    "2016-03-31": {
        "Diluted EPS": -1.13,
        "Total Revenue": NaN,
        "Gross Profit": 886,
        "Operating Income": -402,
        "EBIT": -159,
        "Net Income": -595
    },
    "2015-12-31": {
        "Diluted EPS": 0.65,
        "Total Revenue": NaN,
        "Gross Profit": 886,
        "Operating Income": 529,
        "EBIT": 757,
        "Net Income": 347
    },
    "2015-09-30": {
        "Diluted EPS": 0.81,
        "Total Revenue": NaN,
        "Gross Profit": 996,
        "Operating Income": 655,
        "EBIT": 886,
        "Net Income": 431
    },
    "2015-06-30": {
        "Diluted EPS": 0.84,
        "Total Revenue": NaN,
        "Gross Profit": NaN,
        "Operating Income": 681,
        "EBIT": 909,
        "Net Income": 447
    },
    "2015-03-31": {
        "Diluted EPS": 0.71,
        "Total Revenue": NaN,
        "Gross Profit": 923,
        "Operating Income": 593,
        "EBIT": 814,
        "Net Income": 378
    },
    "2014-12-31": {
        "Diluted EPS": 0.74,
        "Total Revenue": NaN,
        "Gross Profit": 959,
        "Operating Income": 608,
        "EBIT": 563,
        "Net Income": 394
    },
    "2014-09-30": {
        "Diluted EPS": 0.69,
        "Total Revenue": NaN,
        "Gross Profit": 922,
        "Operating Income": 588,
        "EBIT": 818,
        "Net Income": 371
    },
    "2014-06-30": {
        "Diluted EPS": 0.6,
        "Total Revenue": NaN,
        "Gross Profit": 850,
        "Operating Income": 512,
        "EBIT": 740,
        "Net Income": 319
    },
    "2014-03-31": {
        "Diluted EPS": 0.51,
        "Total Revenue": NaN,
        "Gross Profit": 784,
        "Operating Income": 442,
        "EBIT": 662,
        "Net Income": 274
    },
    "2013-12-31": {
        "Diluted EPS": 0.63,
        "Total Revenue": NaN,
        "Gross Profit": 873,
        "Operating Income": 516,
        "EBIT": 738,
        "Net Income": 334
    },
    "2013-09-30": {
        "Diluted EPS": 0.58,
        "Total Revenue": NaN,
        "Gross Profit": 809,
        "Operating Income": 478,
        "EBIT": 684,
        "Net Income": 309
    },
    "2013-06-30": {
        "Diluted EPS": 0.55,
        "Total Revenue": NaN,
        "Gross Profit": 806,
        "Operating Income": 469,
        "EBIT": 667,
        "Net Income": 292
    },
    "2013-03-31": {
        "Diluted EPS": 0.45,
        "Total Revenue": NaN,
        "Gross Profit": 735,
        "Operating Income": 378,
        "EBIT": 562,
        "Net Income": 236
    },
    "2012-12-31": {
        "Diluted EPS": 0.48,
        "Total Revenue": NaN,
        "Gross Profit": 750,
        "Operating Income": 395,
        "EBIT": 573,
        "Net Income": 254
    },
    "2012-09-30": {
        "Diluted EPS": 0.44,
        "Total Revenue": NaN,
        "Gross Profit": 712,
        "Operating Income": 381,
        "EBIT": 557,
        "Net Income": 234
    },
    "2012-06-30": {
        "Diluted EPS": 0.55,
        "Total Revenue": NaN,
        "Gross Profit": 825,
        "Operating Income": 483,
        "EBIT": 658,
        "Net Income": 297
    },
    "2012-03-31": {
        "Diluted EPS": 0.61,
        "Total Revenue": NaN,
        "Gross Profit": 856,
        "Operating Income": 515,
        "EBIT": 686,
        "Net Income": 327
    },
    "2011-12-31": {
        "Diluted EPS": 0.61,
        "Total Revenue": NaN,
        "Gross Profit": 859,
        "Operating Income": 520,
        "EBIT": 688,
        "Net Income": 328
    },
    "2011-09-30": {
        "Diluted EPS": 0.51,
        "Total Revenue": NaN,
        "Gross Profit": 773,
        "Operating Income": 443,
        "EBIT": 617,
        "Net Income": 282
    },
    "2011-06-30": {
        "Diluted EPS": 0.43,
        "Total Revenue": NaN,
        "Gross Profit": 730,
        "Operating Income": 400,
        "EBIT": 569,
        "Net Income": 240
    },
    "2011-03-31": {
        "Diluted EPS": 0.35,
        "Total Revenue": NaN,
        "Gross Profit": 651,
        "Operating Income": 339,
        "EBIT": 502,
        "Net Income": 193
    },
    "2010-12-31": {
        "Diluted EPS": 0.31,
        "Total Revenue": NaN,
        "Gross Profit": 599,
        "Operating Income": 294,
        "EBIT": 16,
        "Net Income": 170
    },
    "2010-09-30": {
        "Diluted EPS": 0.22,
        "Total Revenue": NaN,
        "Gross Profit": 523,
        "Operating Income": 237,
        "EBIT": 389,
        "Net Income": 120
    },
    "2010-06-30": {
        "Diluted EPS": 0.18,
        "Total Revenue": NaN,
        "Gross Profit": 509,
        "Operating Income": 220,
        "EBIT": 372,
        "Net Income": 100
    },
    "2010-03-31": {
        "Diluted EPS": 0.13,
        "Total Revenue": NaN,
        "Gross Profit": 463,
        "Operating Income": 171,
        "EBIT": 337,
        "Net Income": 68
    },
    "2009-12-31": {
        "Diluted EPS": 0.09,
        "Total Revenue": NaN,
        "Gross Profit": 457,
        "Operating Income": 165,
        "EBIT": 329,
        "Net Income": 46
    },
    "2009-09-30": {
        "Diluted EPS": 0.03,
        "Total Revenue": NaN,
        "Gross Profit": 365,
        "Operating Income": 111,
        "EBIT": 284,
        "Net Income": 13
    },
    "2009-06-30": {
        "Diluted EPS": 0.05,
        "Total Revenue": NaN,
        "Gross Profit": 356,
        "Operating Income": 143,
        "EBIT": 302,
        "Net Income": 27
    },
    "2009-03-31": {
        "Diluted EPS": 0.05,
        "Total Revenue": NaN,
        "Gross Profit": 425,
        "Operating Income": 160,
        "EBIT": 315,
        "Net Income": 26
    },
    "2023-09-30": {
        "Tax Effect Of Unusual Items": NaN,
        "Tax Rate For Calcs": NaN,
        "Normalized EBITDA": NaN,
        "Total Unusual Items": NaN,
        "Total Unusual Items Excluding Goodwill": NaN,
        "Net Income From Continuing Operation Net Minority Interest": NaN,
        "Reconciled Depreciation": NaN,
        "Reconciled Cost Of Revenue": NaN,
        "EBITDA": NaN,
        "EBIT": NaN,
        "Net Interest Income": NaN,
        "Normalized Income": NaN,
        "Net Income From Continuing And Discontinued Operation": NaN,
        "Total Expenses": NaN,
        "Diluted Average Shares": 525300000.0,
        "Basic Average Shares": 524100000.0,
        "Diluted EPS": 2.34,
        "Basic EPS": 2.35,
        "Diluted NI Availto Com Stockholders": NaN,
        "Net Income Common Stockholders": NaN,
        "Net Income": NaN,
        "Net Income Including Noncontrolling Interests": NaN,
        "Net Income Continuous Operations": NaN,
        "Tax Provision": NaN,
        "Pretax Income": NaN,
        "Other Income Expense": NaN,
        "Gain On Sale Of Security": NaN,
        "Net Non Operating Interest Income Expense": NaN,
        "Total Other Finance Cost": NaN,
        "Operating Income": NaN,
        "Operating Expense": NaN,
        "Provision For Doubtful Accounts": NaN,
        "Depreciation Amortization Depletion Income Statement": NaN,
        "Depreciation And Amortization In Income Statement": NaN,
        "Depreciation Income Statement": NaN,
        "Research And Development": NaN,
        "Selling General And Administration": NaN,
        "Gross Profit": NaN,
        "Cost Of Revenue": NaN,
        "Total Revenue": NaN,
        "Operating Revenue": NaN
    },
    "2023-12-31": {
        "Tax Effect Of Unusual Items": 13606775.117285,
        "Tax Rate For Calcs": 0.136477,
        "Normalized EBITDA": 1663000000.0,
        "Total Unusual Items": 99700000.0,
        "Total Unusual Items Excluding Goodwill": 99700000.0,
        "Net Income From Continuing Operation Net Minority Interest": 1417300000.0,
        "Reconciled Depreciation": 245500000.0,
        "Reconciled Cost Of Revenue": 6993700000.0,
        "EBITDA": 1762700000.0,
        "EBIT": 1517200000.0,
        "Net Interest Income": 24400000.0,
        "Normalized Income": 1331206775.117285,
        "Net Income From Continuing And Discontinued Operation": 1417300000.0,
        "Total Expenses": 7559400000.0,
        "Diluted Average Shares": 525600000.0,
        "Basic Average Shares": 524300000.0,
        "Diluted EPS": 2.7,
        "Basic EPS": 2.7,
        "Diluted NI Availto Com Stockholders": 1417300000.0,
        "Net Income Common Stockholders": 1417300000.0,
        "Net Income": 1417300000.0,
        "Net Income Including Noncontrolling Interests": 1417300000.0,
        "Net Income Continuous Operations": 1417300000.0,
        "Tax Provision": 224000000.0,
        "Pretax Income": 1641300000.0,
        "Other Income Expense": 99700000.0,
        "Gain On Sale Of Security": 99700000.0,
        "Net Non Operating Interest Income Expense": 24400000.0,
        "Total Other Finance Cost": -24400000.0,
        "Operating Income": 1517200000.0,
        "Operating Expense": 445800000.0,
        "Provision For Doubtful Accounts": 17200000.0,
        "Depreciation Amortization Depletion Income Statement": 125600000.0,
        "Depreciation And Amortization In Income Statement": 125600000.0,
        "Depreciation Income Statement": 125600000.0,
        "Research And Development": 108900000.0,
        "Selling General And Administration": 194100000.0,
        "Gross Profit": 1963000000.0,
        "Cost Of Revenue": 7113600000.0,
        "Total Revenue": 9076600000.0,
        "Operating Revenue": 9076600000.0
    },
    "2024-03-31": {
        "Tax Effect Of Unusual Items": 18899706.744868,
        "Tax Rate For Calcs": 0.221049,
        "Normalized EBITDA": 1571500000.0,
        "Total Unusual Items": 85500000.0,
        "Total Unusual Items Excluding Goodwill": 85500000.0,
        "Net Income From Continuing Operation Net Minority Interest": 1195300000.0,
        "Reconciled Depreciation": 235000000.0,
        "Reconciled Cost Of Revenue": 6779100000.0,
        "EBITDA": 1657000000.0,
        "EBIT": 1422000000.0,
        "Net Interest Income": 27000000.0,
        "Normalized Income": 1128699706.744868,
        "Net Income From Continuing And Discontinued Operation": 1195300000.0,
        "Total Expenses": 7322300000.0,
        "Diluted Average Shares": 526300000.0,
        "Basic Average Shares": 524900000.0,
        "Diluted EPS": 2.27,
        "Basic EPS": 2.28,
        "Diluted NI Availto Com Stockholders": 1195300000.0,
        "Net Income Common Stockholders": 1195300000.0,
        "Net Income": 1195300000.0,
        "Net Income Including Noncontrolling Interests": 1195300000.0,
        "Net Income Continuous Operations": 1195300000.0,
        "Tax Provision": 339200000.0,
        "Pretax Income": 1534500000.0,
        "Other Income Expense": 85500000.0,
        "Gain On Sale Of Security": 85500000.0,
        "Net Non Operating Interest Income Expense": 27000000.0,
        "Total Other Finance Cost": -27000000.0,
        "Operating Income": 1422000000.0,
        "Operating Expense": 448100000.0,
        "Provision For Doubtful Accounts": 16100000.0,
        "Depreciation Amortization Depletion Income Statement": 139900000.0,
        "Depreciation And Amortization In Income Statement": 139900000.0,
        "Depreciation Income Statement": 139900000.0,
        "Research And Development": 105500000.0,
        "Selling General And Administration": 186600000.0,
        "Gross Profit": 1870100000.0,
        "Cost Of Revenue": 6874200000.0,
        "Total Revenue": 8744300000.0,
        "Operating Revenue": 8744300000.0
    },
    "2024-06-30": {
        "Tax Effect Of Unusual Items": 22225600.0,
        "Tax Rate For Calcs": 0.232,
        "Normalized EBITDA": 1477500000.0,
        "Total Unusual Items": 95800000.0,
        "Total Unusual Items Excluding Goodwill": 95800000.0,
        "Net Income From Continuing Operation Net Minority Interest": 1122600000.0,
        "Reconciled Depreciation": 231900000.0,
        "Reconciled Cost Of Revenue": 6886500000.0,
        "EBITDA": 1573300000.0,
        "EBIT": 1341400000.0,
        "Net Interest Income": 23600000.0,
        "Normalized Income": 1049025600.0,
        "Net Income From Continuing And Discontinued Operation": 1122600000.0,
        "Total Expenses": 7430700000.0,
        "Diluted Average Shares": 526600000.0,
        "Basic Average Shares": 525300000.0,
        "Diluted EPS": 2.13,
        "Basic EPS": 2.14,
        "Diluted NI Availto Com Stockholders": 1122600000.0,
        "Net Income Common Stockholders": 1122600000.0,
        "Net Income": 1122600000.0,
        "Net Income Including Noncontrolling Interests": 1122600000.0,
        "Net Income Continuous Operations": 1122600000.0,
        "Tax Provision": 338200000.0,
        "Pretax Income": 1460800000.0,
        "Other Income Expense": 95800000.0,
        "Gain On Sale Of Security": 95800000.0,
        "Net Non Operating Interest Income Expense": 23600000.0,
        "Total Other Finance Cost": -23600000.0,
        "Operating Income": 1341400000.0,
        "Operating Expense": 447700000.0,
        "Provision For Doubtful Accounts": 11700000.0,
        "Depreciation Amortization Depletion Income Statement": 135400000.0,
        "Depreciation And Amortization In Income Statement": 135400000.0,
        "Depreciation Income Statement": 135400000.0,
        "Research And Development": 117100000.0,
        "Selling General And Administration": 183500000.0,
        "Gross Profit": 1789100000.0,
        "Cost Of Revenue": 6983000000.0,
        "Total Revenue": 8772100000.0,
        "Operating Revenue": 8772100000.0
    },
    "2024-09-30": {
        "Tax Effect Of Unusual Items": 24566200.0,
        "Tax Rate For Calcs": 0.226,
        "Normalized EBITDA": 1241400000.0,
        "Total Unusual Items": 108700000.0,
        "Total Unusual Items Excluding Goodwill": 108700000.0,
        "Net Income From Continuing Operation Net Minority Interest": 972100000.0,
        "Reconciled Depreciation": 226800000.0,
        "Reconciled Cost Of Revenue": 6565900000.0,
        "EBITDA": 1350100000.0,
        "EBIT": 1123300000.0,
        "Net Interest Income": 24300000.0,
        "Normalized Income": 887966200.0,
        "Net Income From Continuing And Discontinued Operation": 972100000.0,
        "Total Expenses": 7116600000.0,
        "Diluted Average Shares": 526500000.0,
        "Basic Average Shares": 525400000.0,
        "Diluted EPS": 1.85,
        "Basic EPS": 1.85,
        "Diluted NI Availto Com Stockholders": 972100000.0,
        "Net Income Common Stockholders": 972100000.0,
        "Net Income": 972100000.0,
        "Net Income Including Noncontrolling Interests": 972100000.0,
        "Net Income Continuous Operations": 972100000.0,
        "Tax Provision": 284200000.0,
        "Pretax Income": 1256300000.0,
        "Other Income Expense": 108700000.0,
        "Gain On Sale Of Security": 108700000.0,
        "Net Non Operating Interest Income Expense": 24300000.0,
        "Total Other Finance Cost": -24300000.0,
        "Operating Income": 1123300000.0,
        "Operating Expense": 456400000.0,
        "Provision For Doubtful Accounts": 22400000.0,
        "Depreciation Amortization Depletion Income Statement": 132500000.0,
        "Depreciation And Amortization In Income Statement": 132500000.0,
        "Depreciation Income Statement": 132500000.0,
        "Research And Development": 115000000.0,
        "Selling General And Administration": 186500000.0,
        "Gross Profit": 1579700000.0,
        "Cost Of Revenue": 6660200000.0,
        "Total Revenue": 8239900000.0,
        "Operating Revenue": 8239900000.0
    },
    "2024-12-31": {
        "Tax Effect Of Unusual Items": 25261733.228922,
        "Tax Rate For Calcs": 0.241277,
        "Normalized EBITDA": 1124200000.0,
        "Total Unusual Items": 104700000.0,
        "Total Unusual Items Excluding Goodwill": 104700000.0,
        "Net Income From Continuing Operation Net Minority Interest": 872000000.0,
        "Reconciled Depreciation": 223200000.0,
        "Reconciled Cost Of Revenue": 6350500000.0,
        "EBITDA": 1228900000.0,
        "EBIT": 1005700000.0,
        "Net Interest Income": 38900000.0,
        "Normalized Income": 792561733.228922,
        "Net Income From Continuing And Discontinued Operation": 872000000.0,
        "Total Expenses": 6901800000.0,
        "Diluted Average Shares": 526700000.0,
        "Basic Average Shares": 525500000.0,
        "Diluted EPS": 1.66,
        "Basic EPS": 1.66,
        "Diluted NI Availto Com Stockholders": 872000000.0,
        "Net Income Common Stockholders": 872000000.0,
        "Net Income": 872000000.0,
        "Net Income Including Noncontrolling Interests": 872000000.0,
        "Net Income Continuous Operations": 872000000.0,
        "Tax Provision": 277300000.0,
        "Pretax Income": 1149300000.0,
        "Other Income Expense": 104700000.0,
        "Gain On Sale Of Security": 104700000.0,
        "Net Non Operating Interest Income Expense": 38900000.0,
        "Total Other Finance Cost": -38900000.0,
        "Operating Income": 1005700000.0,
        "Operating Expense": 465000000.0,
        "Provision For Doubtful Accounts": 25400000.0,
        "Depreciation Amortization Depletion Income Statement": 136900000.0,
        "Depreciation And Amortization In Income Statement": 136900000.0,
        "Depreciation Income Statement": 136900000.0,
        "Research And Development": 115300000.0,
        "Selling General And Administration": 187400000.0,
        "Gross Profit": 1470700000.0,
        "Cost Of Revenue": 6436800000.0,
        "Total Revenue": 7907500000.0,
        "Operating Revenue": 7907500000.0
    },
    "2025-03-31": {
        "Tax Effect Of Unusual Items": 18017000.0,
        "Tax Rate For Calcs": 0.215,
        "Normalized EBITDA": 1006400000.0,
        "Total Unusual Items": 83800000.0,
        "Total Unusual Items Excluding Goodwill": 83800000.0,
        "Net Income From Continuing Operation Net Minority Interest": 505100000.0,
        "Reconciled Depreciation": 205100000.0,
        "Reconciled Cost Of Revenue": 6036200000.0,
        "EBITDA": 1090200000.0,
        "EBIT": 885100000.0,
        "Net Interest Income": -325800000.0,
        "Normalized Income": 439317000.0,
        "Net Income From Continuing And Discontinued Operation": 505100000.0,
        "Total Expenses": 6556600000.0,
        "Diluted Average Shares": 526900000.0,
        "Basic Average Shares": 525900000.0,
        "Diluted EPS": 0.96,
        "Basic EPS": 0.96,
        "Diluted NI Availto Com Stockholders": 505100000.0,
        "Net Income Common Stockholders": 505100000.0,
        "Net Income": 505100000.0,
        "Net Income Including Noncontrolling Interests": 505100000.0,
        "Net Income Continuous Operations": 505100000.0,
        "Tax Provision": 138000000.0,
        "Pretax Income": 643100000.0,
        "Other Income Expense": 83800000.0,
        "Gain On Sale Of Security": 83800000.0,
        "Net Non Operating Interest Income Expense": -325800000.0,
        "Total Other Finance Cost": 325800000.0,
        "Operating Income": 885100000.0,
        "Operating Expense": 433600000.0,
        "Provision For Doubtful Accounts": 18300000.0,
        "Depreciation Amortization Depletion Income Statement": 118300000.0,
        "Depreciation And Amortization In Income Statement": 118300000.0,
        "Depreciation Income Statement": 118300000.0,
        "Research And Development": 115400000.0,
        "Selling General And Administration": 181600000.0,
        "Gross Profit": 1318700000.0,
        "Cost Of Revenue": 6123000000.0,
        "Total Revenue": 7441700000.0,
        "Operating Revenue": 7441700000.0
    },
    "2025-06-30": {
        "Tax Effect Of Unusual Items": 18735475.909432,
        "Tax Rate For Calcs": 0.223307,
        "Normalized EBITDA": 961900000.0,
        "Total Unusual Items": 83900000.0,
        "Total Unusual Items Excluding Goodwill": 83900000.0,
        "Net Income From Continuing Operation Net Minority Interest": 723800000.0,
        "Reconciled Depreciation": 207300000.0,
        "Reconciled Cost Of Revenue": 6143300000.0,
        "EBITDA": 1045800000.0,
        "EBIT": 838500000.0,
        "Net Interest Income": 9500000.0,
        "Normalized Income": 658635475.909432,
        "Net Income From Continuing And Discontinued Operation": 723800000.0,
        "Total Expenses": 6672000000.0,
        "Diluted Average Shares": 526700000.0,
        "Basic Average Shares": 525900000.0,
        "Diluted EPS": 1.37,
        "Basic EPS": 1.38,
        "Diluted NI Availto Com Stockholders": 723800000.0,
        "Net Income Common Stockholders": 723800000.0,
        "Net Income": 723800000.0,
        "Net Income Including Noncontrolling Interests": 723800000.0,
        "Net Income Continuous Operations": 723800000.0,
        "Tax Provision": 208100000.0,
        "Pretax Income": 931900000.0,
        "Other Income Expense": 83900000.0,
        "Gain On Sale Of Security": 83900000.0,
        "Net Non Operating Interest Income Expense": 9500000.0,
        "Total Other Finance Cost": -9500000.0,
        "Operating Income": 838500000.0,
        "Operating Expense": 437800000.0,
        "Provision For Doubtful Accounts": 29200000.0,
        "Depreciation Amortization Depletion Income Statement": 116400000.0,
        "Depreciation And Amortization In Income Statement": 116400000.0,
        "Depreciation Income Statement": 116400000.0,
        "Research And Development": 112900000.0,
        "Selling General And Administration": 179300000.0,
        "Gross Profit": 1276300000.0,
        "Cost Of Revenue": 6234200000.0,
        "Total Revenue": 7510500000.0,
        "Operating Revenue": 7510500000.0
    }
}