{
    "2023-03-31": {
        "Tax Effect Of Unusual Items": NaN,
        "Tax Rate For Calcs": NaN,
        "Normalized EBITDA": NaN,
        "Net Income From Continuing Operation Net Minority Interest": NaN,
        "Reconciled Depreciation": NaN,
        "EBITDA": NaN,
        "EBIT": NaN,
        "Net Interest Income": NaN,
        "Interest Income": NaN,
        "Normalized Income": NaN,
        "Net Income From Continuing And Discontinued Operation": NaN,
        "Total Expenses": NaN,
        "Total Operating Income As Reported": NaN,
        "Diluted Average Shares": NaN,
        "Basic Average Shares": NaN,
        "Diluted EPS": NaN,
        "Basic EPS": NaN,
        "Diluted NI Availto Com Stockholders": NaN,
        "Net Income Common Stockholders": NaN,
        "Net Income": NaN,
        "Net Income Including Noncontrolling Interests": NaN,
        "Net Income Continuous Operations": NaN,
        "Tax Provision": 0.0,
        "Pretax Income": NaN,
        "Other Income Expense": 83462.0,
        "Other Non Operating Income Expenses": 83462.0,
        "Net Non Operating Interest Income Expense": NaN,
        "Interest Income Non Operating": NaN,
        "Operating Income": NaN,
        "Operating Expense": NaN,
        "Research And Development": NaN,
        "Selling General And Administration": NaN,
        "General And Administrative Expense": NaN,
        "Other Gand A": NaN,
        "Total Revenue": NaN,
        "Operating Revenue": NaN
    },
    "2022-12-31": {
        "Tax Effect Of Unusual Items": NaN,
        "Tax Rate For Calcs": NaN,
        "Normalized EBITDA": NaN,
        "Total Unusual Items": -7268143.0,
        "Total Unusual Items Excluding Goodwill": -7268143.0,
        "Net Income From Continuing Operation Net Minority Interest": NaN,
        "Reconciled Depreciation": NaN,
        "EBITDA": NaN,
        "EBIT": NaN,
        "Net Interest Income": NaN,
        "Interest Income": NaN,
        "Normalized Income": NaN,
        "Net Income From Continuing And Discontinued Operation": NaN,
        "Total Expenses": NaN,
        "Total Operating Income As Reported": NaN,
        "Diluted Average Shares": NaN,
        "Basic Average Shares": NaN,
        "Diluted EPS": NaN,
        "Basic EPS": NaN,
        "Diluted NI Availto Com Stockholders": NaN,
        "Net Income Common Stockholders": NaN,
        "Net Income": NaN,
        "Net Income Including Noncontrolling Interests": NaN,
        "Net Income Continuous Operations": NaN,
        "Tax Provision": 0.0,
        "Pretax Income": NaN,
        "Other Income Expense": NaN,
        "Other Non Operating Income Expenses": NaN,
        "Special Income Charges": -7268143.0,
        "Net Non Operating Interest Income Expense": NaN,
        "Interest Income Non Operating": NaN,
        "Operating Income": NaN,
        "Operating Expense": NaN,
        "Research And Development": NaN,
        "Selling General And Administration": NaN,
        "General And Administrative Expense": NaN,
        "Other Gand A": NaN,
        "Total Revenue": NaN,
        "Operating Revenue": NaN
    },
    "2022-09-30": {
        "Tax Effect Of Unusual Items": NaN,
        "Tax Rate For Calcs": NaN,
        "Normalized EBITDA": NaN,
        "Total Unusual Items": 0.0,
        "Total Unusual Items Excluding Goodwill": 0.0,
        "Net Income From Continuing Operation Net Minority Interest": NaN,
        "Reconciled Depreciation": NaN,
        "EBITDA": NaN,
        "EBIT": NaN,
        "Net Interest Income": NaN,
        "Interest Income": NaN,
        "Normalized Income": NaN,
        "Net Income From Continuing And Discontinued Operation": NaN,
        "Total Expenses": NaN,
        "Total Operating Income As Reported": NaN,
        "Diluted Average Shares": 810011.0,
        "Basic Average Shares": 810011.0,
        "Diluted EPS": -7.4,
        "Basic EPS": -7.4,
        "Diluted NI Availto Com Stockholders": NaN,
        "Net Income Common Stockholders": NaN,
        "Net Income": NaN,
        "Net Income Including Noncontrolling Interests": NaN,
        "Net Income Continuous Operations": NaN,
        "Tax Provision": 0.0,
        "Pretax Income": NaN,
        "Other Income Expense": NaN,
        "Other Non Operating Income Expenses": NaN,
        "Special Income Charges": 0.0,
        "Net Non Operating Interest Income Expense": NaN,
        "Interest Income Non Operating": NaN,
        "Operating Income": NaN,
        "Operating Expense": NaN,
        "Research And Development": NaN,
        "Selling General And Administration": NaN,
        "General And Administrative Expense": NaN,
        "Other Gand A": NaN,
        "Total Revenue": NaN,
        "Operating Revenue": NaN
    },
    "2022-06-30": {
        "Tax Effect Of Unusual Items": 0.0,
        "Tax Rate For Calcs": 0.0,
        "Normalized EBITDA": -4967244.0,
        "Total Unusual Items": 0.0,
        "Total Unusual Items Excluding Goodwill": 0.0,
        "Net Income From Continuing Operation Net Minority Interest": -5164368.0,
        "Reconciled Depreciation": 197124.0,
        "EBITDA": -4967244.0,
        "EBIT": -5164368.0,
        "Net Interest Income": 7380.0,
        "Interest Expense": 0.0,
        "Interest Income": 7380.0,
        "Normalized Income": -5164368.0,
        "Net Income From Continuing And Discontinued Operation": -5164368.0,
        "Total Expenses": 5171748.0,
        "Total Operating Income As Reported": -5171748.0,
        "Diluted Average Shares": 15940510.0,
        "Basic Average Shares": 15940510.0,
        "Diluted EPS": -0.32,
        "Basic EPS": -0.32,
        "Diluted NI Availto Com Stockholders": -5164368.0,
        "Net Income Common Stockholders": -5164368.0,
        "Net Income": -5164368.0,
        "Net Income Including Noncontrolling Interests": -5164368.0,
        "Net Income Continuous Operations": -5164368.0,
        "Tax Provision": 0.0,
        "Pretax Income": -5164368.0,
        "Other Income Expense": NaN,
        "Other Non Operating Income Expenses": NaN,
        "Special Income Charges": 0.0,
        "Net Non Operating Interest Income Expense": 7380.0,
        "Interest Expense Non Operating": 0.0,
        "Interest Income Non Operating": 7380.0,
        "Operating Income": -5171748.0,
        "Operating Expense": 5171748.0,
        "Research And Development": 3137292.0,
        "Selling General And Administration": 2034456.0,
        "General And Administrative Expense": 2034456.0,
        "Other Gand A": 2034456.0,
        "Total Revenue": 0.0,
        "Operating Revenue": 0.0
    },
    "2022-03-31": {
        "Diluted EPS": -0.2,
        "Total Revenue": NaN,
        "Gross Profit": NaN,
        "Operating Income": -3,
        "EBIT": -3,
        "Net Income": -3
    },
    "2021-12-31": {
        "Diluted EPS": -0.22,
        "Total Revenue": NaN,
        "Gross Profit": NaN,
        "Operating Income": -3,
        "EBIT": -3,
        "Net Income": -3
    },
    "2021-09-30": {
        "Diluted EPS": -0.19,
        "Total Revenue": NaN,
        "Gross Profit": NaN,
        "Operating Income": -3,
        "EBIT": -3,
        "Net Income": -3
    },
    "2021-06-30": {
        "Diluted EPS": -0.2,
        "Total Revenue": NaN,
        "Gross Profit": NaN,
        "Operating Income": -3,
        "EBIT": -3,
        "Net Income": -3
    },
    "2021-03-31": {
        "Diluted EPS": -0.14,
        "Total Revenue": NaN,
        "Gross Profit": NaN,
        "Operating Income": -2,
        "EBIT": -2,
        "Net Income": -2
    },
    "2020-12-31": {
        "Diluted EPS": -1.7,
        "Total Revenue": NaN,
        "Gross Profit": NaN,
        "Operating Income": -10,
        "EBIT": -10,
        "Net Income": -10
    },
    "2020-09-30": {
        "Diluted EPS": -0.55,
        "Total Revenue": NaN,
        "Gross Profit": NaN,
        "Operating Income": -3,
        "EBIT": -3,
        "Net Income": -3
    },
    "2020-06-30": {
        "Diluted EPS": -0.13,
        "Total Revenue": NaN,
        "Gross Profit": NaN,
        "Operating Income": -1,
        "EBIT": -1,
        "Net Income": -1
    },
    "2020-03-31": {
        "Diluted EPS": -0.16,
        "Total Revenue": NaN,
        "Gross Profit": NaN,
        "Operating Income": -1,
        "EBIT": -1,
        "Net Income": -1
    },
    "2019-12-31": {
        "Diluted EPS": -0.22,
        "Total Revenue": NaN,
        "Gross Profit": NaN,
        "Operating Income": -1,
        "EBIT": -1,
        "Net Income": -1
    },
    "2019-09-30": {
        "Diluted EPS": -0.16,
        "Total Revenue": NaN,
        "Gross Profit": NaN,
        "Operating Income": -1,
        "EBIT": -1,
        "Net Income": -1
    },
    "2019-06-30": {
        "Diluted EPS": -0.18,
        "Total Revenue": NaN,
        "Gross Profit": NaN,
        "Operating Income": -1,
        "EBIT": -1,
        "Net Income": -1
    },
    "2019-03-31": {
        "Diluted EPS": -0.14,
        "Total Revenue": NaN,
        "Gross Profit": NaN,
        "Operating Income": -1,
        "EBIT": -1,
        "Net Income": -1
    },
    "2018-12-31": {
        "Diluted EPS": -0.15,
        "Total Revenue": NaN,
        "Gross Profit": NaN,
        "Operating Income": -1,
        "EBIT": -1,
        "Net Income": -1
    },
    "2018-09-30": {
        "Diluted EPS": -0.14,
        "Total Revenue": NaN,
        "Gross Profit": NaN,
        "Operating Income": -1,
        "EBIT": -1,
        "Net Income": -1
    },
    "2018-06-30": {
        "Diluted EPS": -0.21,
        "Total Revenue": NaN,
        "Gross Profit": NaN,
        "Operating Income": -1,
        "EBIT": -1,
        "Net Income": -1
    },
    "2018-03-31": {
        "Diluted EPS": -0.21,
        "Total Revenue": NaN,
        "Gross Profit": NaN,
        "Operating Income": -1,
        "EBIT": -1,
        "Net Income": -1
    },
    "2017-12-31": {
        "Diluted EPS": -0.14,
        "Total Revenue": NaN,
        "Gross Profit": NaN,
        "Operating Income": -1,
        "EBIT": -1,
        "Net Income": -1
    },
    "2017-09-30": {
        "Diluted EPS": -0.14,
        "Total Revenue": NaN,
        "Gross Profit": NaN,
        "Operating Income": -1,
        "EBIT": -1,
        "Net Income": -1
    },
    "2017-06-30": {
        "Diluted EPS": -0.07,
        "Total Revenue": NaN,
        "Gross Profit": NaN,
        "Operating Income": 0,
        "EBIT": 0,
        "Net Income": 0
    },
    "2017-03-31": {
        "Diluted EPS": -0.07,
        "Total Revenue": NaN,
        "Gross Profit": NaN,
        "Operating Income": 0,
        "EBIT": 0,
        "Net Income": 0
    },
    "2016-12-31": {
        "Diluted EPS": 0.98,
        "Total Revenue": NaN,
        "Gross Profit": NaN,
        "Operating Income": -2,
        "EBIT": -2,
        "Net Income": -2
    },
    "2016-09-30": {
        "Diluted EPS": -0.49,
        "Total Revenue": NaN,
        "Gross Profit": NaN,
        "Operating Income": 0,
        "EBIT": 0,
        "Net Income": 0
    },
    "2016-06-30": {
        "Diluted EPS": -0.49,
        "Total Revenue": NaN,
        "Gross Profit": NaN,
        "Operating Income": 0,
        "EBIT": 0,
        "Net Income": 0
    },
    "2016-03-31": {
        "Diluted EPS": -0.49,
        "Total Revenue": 0,
        "Gross Profit": 0,
        "Operating Income": 0,
        "EBIT": 0,
        "Net Income": 0
    },
    "2015-12-31": {
        "Diluted EPS": -1.61,
        "Total Revenue": 0,
        "Gross Profit": 0,
        "Operating Income": 0,
        "EBIT": 0,
        "Net Income": 0
    },
    "2015-09-30": {
        "Diluted EPS": -1.47,
        "Total Revenue": 0,
        "Gross Profit": 0,
        "Operating Income": 0,
        "EBIT": 0,
        "Net Income": 0
    },
    "2015-06-30": {
        "Diluted EPS": -9.17,
        "Total Revenue": NaN,
        "Gross Profit": NaN,
        "Operating Income": 0,
        "EBIT": 0,
        "Net Income": -2
    },
    "2015-03-31": {
        "Diluted EPS": -2.94,
        "Total Revenue": 0,
        "Gross Profit": 0,
        "Operating Income": 0,
        "EBIT": 0,
        "Net Income": -1
    },
    "2014-12-31": {
        "Diluted EPS": -15.19,
        "Total Revenue": 0,
        "Gross Profit": 0,
        "Operating Income": 0,
        "EBIT": 0,
        "Net Income": -2
    },
    "2014-09-30": {
        "Diluted EPS": -4.9,
        "Total Revenue": 0,
        "Gross Profit": 0,
        "Operating Income": 0,
        "EBIT": 0,
        "Net Income": -1
    },
    "2014-06-30": {
        "Diluted EPS": -5.39,
        "Total Revenue": 0,
        "Gross Profit": 0,
        "Operating Income": 0,
        "EBIT": 0,
        "Net Income": -1
    },
    "2014-03-31": {
        "Diluted EPS": -8.33,
        "Total Revenue": 0,
        "Gross Profit": 0,
        "Operating Income": 0,
        "EBIT": 0,
        "Net Income": -1
    },
    "2023-06-30": {
        "Tax Effect Of Unusual Items": NaN,
        "Tax Rate For Calcs": NaN,
        "Normalized EBITDA": NaN,
        "Net Income From Continuing Operation Net Minority Interest": NaN,
        "Reconciled Depreciation": NaN,
        "EBITDA": NaN,
        "EBIT": NaN,
        "Net Interest Income": NaN,
        "Interest Income": NaN,
        "Normalized Income": NaN,
        "Net Income From Continuing And Discontinued Operation": NaN,
        "Total Expenses": NaN,
        "Total Operating Income As Reported": NaN,
        "Diluted Average Shares": 1346808.0,
        "Basic Average Shares": 1346808.0,
        "Diluted EPS": -1.94,
        "Basic EPS": -1.94,
        "Diluted NI Availto Com Stockholders": NaN,
        "Net Income Common Stockholders": NaN,
        "Net Income": NaN,
        "Net Income Including Noncontrolling Interests": NaN,
        "Net Income Continuous Operations": NaN,
        "Tax Provision": 0.0,
        "Pretax Income": NaN,
        "Other Income Expense": 101900.0,
        "Other Non Operating Income Expenses": 101900.0,
        "Net Non Operating Interest Income Expense": NaN,
        "Interest Income Non Operating": NaN,
        "Operating Income": NaN,
        "Operating Expense": NaN,
        "Research And Development": NaN,
        "Selling General And Administration": NaN,
        "General And Administrative Expense": NaN,
        "Other Gand A": NaN,
        "Total Revenue": NaN,
        "Operating Revenue": NaN
    },
    "2023-09-30": {
        "Tax Effect Of Unusual Items": NaN,
        "Tax Rate For Calcs": NaN,
        "Normalized EBITDA": NaN,
        "Net Income From Continuing Operation Net Minority Interest": NaN,
        "Reconciled Depreciation": NaN,
        "EBITDA": NaN,
        "EBIT": NaN,
        "Net Interest Income": 85661.0,
        "Interest Income": 85661.0,
        "Normalized Income": NaN,
        "Net Income From Continuing And Discontinued Operation": NaN,
        "Total Expenses": NaN,
        "Total Operating Income As Reported": NaN,
        "Diluted Average Shares": 1350188.0,
        "Basic Average Shares": 1350188.0,
        "Diluted EPS": -1.54,
        "Basic EPS": -1.54,
        "Diluted NI Availto Com Stockholders": NaN,
        "Net Income Common Stockholders": NaN,
        "Net Income": NaN,
        "Net Income Including Noncontrolling Interests": NaN,
        "Net Income Continuous Operations": NaN,
        "Tax Provision": NaN,
        "Pretax Income": NaN,
        "Other Income Expense": NaN,
        "Other Non Operating Income Expenses": NaN,
        "Net Non Operating Interest Income Expense": 85661.0,
        "Interest Income Non Operating": 85661.0,
        "Operating Income": NaN,
        "Operating Expense": NaN,
        "Research And Development": NaN,
        "Selling General And Administration": NaN,
        "General And Administrative Expense": NaN,
        "Other Gand A": NaN,
        "Total Revenue": NaN,
        "Operating Revenue": NaN
    },
    "2023-12-31": {
        "Tax Effect Of Unusual Items": 0.0,
        "Tax Rate For Calcs": 0.0,
        "Normalized EBITDA": -2469310.0,
        "Net Income From Continuing Operation Net Minority Interest": -2404931.0,
        "Reconciled Depreciation": 140.0,
        "EBITDA": -2469310.0,
        "EBIT": -2469450.0,
        "Net Interest Income": 64519.0,
        "Interest Income": 64519.0,
        "Normalized Income": -2404931.0,
        "Net Income From Continuing And Discontinued Operation": -2404931.0,
        "Total Expenses": 2469450.0,
        "Total Operating Income As Reported": -2469450.0,
        "Diluted Average Shares": NaN,
        "Basic Average Shares": NaN,
        "Diluted EPS": NaN,
        "Basic EPS": NaN,
        "Diluted NI Availto Com Stockholders": -2404931.0,
        "Net Income Common Stockholders": -2404931.0,
        "Net Income": -2404931.0,
        "Net Income Including Noncontrolling Interests": -2404931.0,
        "Net Income Continuous Operations": -2404931.0,
        "Tax Provision": NaN,
        "Pretax Income": -2404931.0,
        "Other Income Expense": NaN,
        "Other Non Operating Income Expenses": NaN,
        "Net Non Operating Interest Income Expense": 64519.0,
        "Interest Income Non Operating": 64519.0,
        "Operating Income": -2469450.0,
        "Operating Expense": 2469450.0,
        "Research And Development": 1320725.0,
        "Selling General And Administration": 1148725.0,
        "General And Administrative Expense": 1148725.0,
        "Other Gand A": 1148725.0,
        "Total Revenue": 0.0,
        "Operating Revenue": 0.0
    },
    "2024-03-31": {
        "Tax Effect Of Unusual Items": 0.0,
        "Tax Rate For Calcs": 0.0,
        "Normalized EBITDA": -2809459.0,
        "Net Income From Continuing Operation Net Minority Interest": -2726381.0,
        "Reconciled Depreciation": 139.0,
        "EBITDA": -2809459.0,
        "EBIT": -2809598.0,
        "Net Interest Income": 83217.0,
        "Interest Income": 83217.0,
        "Normalized Income": -2726381.0,
        "Net Income From Continuing And Discontinued Operation": -2726381.0,
        "Total Expenses": 2809598.0,
        "Total Operating Income As Reported": -2809598.0,
        "Diluted Average Shares": 2466523.0,
        "Basic Average Shares": 2466523.0,
        "Diluted EPS": -1.11,
        "Basic EPS": -1.11,
        "Diluted NI Availto Com Stockholders": -2726381.0,
        "Net Income Common Stockholders": -2726381.0,
        "Net Income": -2726381.0,
        "Net Income Including Noncontrolling Interests": -2726381.0,
        "Net Income Continuous Operations": -2726381.0,
        "Tax Provision": NaN,
        "Pretax Income": -2726381.0,
        "Other Income Expense": NaN,
        "Other Non Operating Income Expenses": NaN,
        "Net Non Operating Interest Income Expense": 83217.0,
        "Interest Income Non Operating": 83217.0,
        "Operating Income": -2809598.0,
        "Operating Expense": 2809598.0,
        "Research And Development": 1539070.0,
        "Selling General And Administration": 1270528.0,
        "General And Administrative Expense": 1270528.0,
        "Other Gand A": 1270528.0,
        "Total Revenue": 0.0,
        "Operating Revenue": 0.0
    },
    "2024-06-30": {
        "Tax Effect Of Unusual Items": 0.0,
        "Tax Rate For Calcs": 0.0,
        "Normalized EBITDA": -3081885.0,
        "Net Income From Continuing Operation Net Minority Interest": -3010326.0,
        "Reconciled Depreciation": 139.0,
        "EBITDA": -3081885.0,
        "EBIT": -3082024.0,
        "Net Interest Income": NaN,
        "Interest Income": NaN,
        "Normalized Income": -3010326.0,
        "Net Income From Continuing And Discontinued Operation": -3010326.0,
        "Total Expenses": 3082024.0,
        "Total Operating Income As Reported": -3082024.0,
        "Diluted Average Shares": 2983283.0,
        "Basic Average Shares": 2983283.0,
        "Diluted EPS": -1.01,
        "Basic EPS": -1.01,
        "Diluted NI Availto Com Stockholders": -3010326.0,
        "Net Income Common Stockholders": -3010326.0,
        "Net Income": -3010326.0,
        "Net Income Including Noncontrolling Interests": -3010326.0,
        "Net Income Continuous Operations": -3010326.0,
        "Tax Provision": 0.0,
        "Pretax Income": -3010326.0,
        "Other Income Expense": 71698.0,
        "Other Non Operating Income Expenses": 71698.0,
        "Net Non Operating Interest Income Expense": NaN,
        "Interest Income Non Operating": NaN,
        "Operating Income": -3082024.0,
        "Operating Expense": 3082024.0,
        "Research And Development": 1730444.0,
        "Selling General And Administration": 1351580.0,
        "General And Administrative Expense": 1351580.0,
        "Other Gand A": 1351580.0,
        "Total Revenue": 0.0,
        "Operating Revenue": 0.0
    },
    "2024-09-30": {
        "Tax Effect Of Unusual Items": 0.0,
        "Tax Rate For Calcs": 0.0,
        "Normalized EBITDA": -3424650.0,
        "Net Income From Continuing Operation Net Minority Interest": -3384703.0,
        "Reconciled Depreciation": 203.0,
        "EBITDA": -3424650.0,
        "EBIT": -3424853.0,
        "Net Interest Income": 40150.0,
        "Interest Income": 40150.0,
        "Normalized Income": -3384703.0,
        "Net Income From Continuing And Discontinued Operation": -3384703.0,
        "Total Expenses": 3424853.0,
        "Total Operating Income As Reported": -3424853.0,
        "Diluted Average Shares": 3275998.0,
        "Basic Average Shares": 3275998.0,
        "Diluted EPS": -1.03,
        "Basic EPS": -1.03,
        "Diluted NI Availto Com Stockholders": -3384703.0,
        "Net Income Common Stockholders": -3384703.0,
        "Net Income": -3384703.0,
        "Net Income Including Noncontrolling Interests": -3384703.0,
        "Net Income Continuous Operations": -3384703.0,
        "Tax Provision": NaN,
        "Pretax Income": -3384703.0,
        "Other Income Expense": NaN,
        "Other Non Operating Income Expenses": NaN,
        "Net Non Operating Interest Income Expense": 40150.0,
        "Interest Income Non Operating": 40150.0,
        "Operating Income": -3424853.0,
        "Operating Expense": 3424853.0,
        "Research And Development": 2287525.0,
        "Selling General And Administration": 1137328.0,
        "General And Administrative Expense": 1137328.0,
        "Other Gand A": 1137328.0,
        "Total Revenue": 0.0,
        "Operating Revenue": 0.0
    },
    "2024-12-31": {
        "Tax Effect Of Unusual Items": 0.0,
        "Tax Rate For Calcs": 0.0,
        "Normalized EBITDA": -2734430.0,
        "Net Income From Continuing Operation Net Minority Interest": -2728708.0,
        "Reconciled Depreciation": 301.0,
        "EBITDA": -2734430.0,
        "EBIT": -2734731.0,
        "Net Interest Income": 6023.0,
        "Interest Income": 6023.0,
        "Normalized Income": -2728708.0,
        "Net Income From Continuing And Discontinued Operation": -2728708.0,
        "Total Expenses": 2734731.0,
        "Total Operating Income As Reported": -2734731.0,
        "Diluted Average Shares": NaN,
        "Basic Average Shares": NaN,
        "Diluted EPS": NaN,
        "Basic EPS": NaN,
        "Diluted NI Availto Com Stockholders": -2728708.0,
        "Net Income Common Stockholders": -2728708.0,
        "Net Income": -2728708.0,
        "Net Income Including Noncontrolling Interests": -2728708.0,
        "Net Income Continuous Operations": -2728708.0,
        "Tax Provision": NaN,
        "Pretax Income": -2728708.0,
        "Other Income Expense": NaN,
        "Other Non Operating Income Expenses": NaN,
        "Net Non Operating Interest Income Expense": 6023.0,
        "Interest Income Non Operating": 6023.0,
        "Operating Income": -2734731.0,
        "Operating Expense": 2734731.0,
        "Research And Development": 1712452.0,
        "Selling General And Administration": 1022279.0,
        "General And Administrative Expense": 1022279.0,
        "Other Gand A": 1022279.0,
        "Total Revenue": 0.0,
        "Operating Revenue": 0.0
    }
}