{
    "2023-03-31": {
        "Tax Effect Of Unusual Items": NaN,
        "Tax Rate For Calcs": NaN,
        "Normalized EBITDA": NaN,
        "Total Unusual Items": NaN,
        "Total Unusual Items Excluding Goodwill": NaN,
        "Net Income From Continuing Operation Net Minority Interest": NaN,
        "Reconciled Depreciation": NaN,
        "EBITDA": NaN,
        "EBIT": NaN,
        "Net Interest Income": NaN,
        "Interest Expense": NaN,
        "Interest Income": NaN,
        "Normalized Income": NaN,
        "Net Income From Continuing And Discontinued Operation": NaN,
        "Total Expenses": NaN,
        "Rent Expense Supplemental": NaN,
        "Total Operating Income As Reported": NaN,
        "Diluted Average Shares": 86206817.0,
        "Basic Average Shares": 86206817.0,
        "Diluted EPS": -0.7,
        "Basic EPS": -0.7,
        "Diluted NI Availto Com Stockholders": NaN,
        "Net Income Common Stockholders": NaN,
        "Net Income": NaN,
        "Net Income Including Noncontrolling Interests": NaN,
        "Net Income Continuous Operations": NaN,
        "Pretax Income": NaN,
        "Other Income Expense": NaN,
        "Gain On Sale Of Security": NaN,
        "Net Non Operating Interest Income Expense": NaN,
        "Interest Expense Non Operating": NaN,
        "Interest Income Non Operating": NaN,
        "Operating Income": NaN,
        "Operating Expense": NaN,
        "Other Operating Expenses": NaN,
        "Research And Development": NaN,
        "Selling General And Administration": NaN,
        "General And Administrative Expense": NaN,
        "Other Gand A": NaN,
        "Total Revenue": NaN,
        "Operating Revenue": NaN
    },
    "2022-12-31": {
        "Tax Effect Of Unusual Items": NaN,
        "Tax Rate For Calcs": NaN,
        "Normalized EBITDA": NaN,
        "Total Unusual Items": NaN,
        "Total Unusual Items Excluding Goodwill": NaN,
        "Net Income From Continuing Operation Net Minority Interest": NaN,
        "Reconciled Depreciation": NaN,
        "EBITDA": NaN,
        "EBIT": NaN,
        "Net Interest Income": NaN,
        "Interest Expense": 0.0,
        "Interest Income": NaN,
        "Normalized Income": NaN,
        "Net Income From Continuing And Discontinued Operation": NaN,
        "Total Expenses": NaN,
        "Rent Expense Supplemental": NaN,
        "Total Operating Income As Reported": NaN,
        "Diluted Average Shares": NaN,
        "Basic Average Shares": NaN,
        "Diluted EPS": NaN,
        "Basic EPS": NaN,
        "Diluted NI Availto Com Stockholders": NaN,
        "Net Income Common Stockholders": NaN,
        "Net Income": NaN,
        "Net Income Including Noncontrolling Interests": NaN,
        "Net Income Continuous Operations": NaN,
        "Pretax Income": NaN,
        "Other Income Expense": NaN,
        "Gain On Sale Of Security": NaN,
        "Net Non Operating Interest Income Expense": NaN,
        "Interest Expense Non Operating": 0.0,
        "Interest Income Non Operating": NaN,
        "Operating Income": NaN,
        "Operating Expense": NaN,
        "Other Operating Expenses": NaN,
        "Research And Development": NaN,
        "Selling General And Administration": NaN,
        "General And Administrative Expense": NaN,
        "Other Gand A": NaN,
        "Total Revenue": NaN,
        "Operating Revenue": NaN
    },
    "2022-09-30": {
        "Tax Effect Of Unusual Items": NaN,
        "Tax Rate For Calcs": NaN,
        "Normalized EBITDA": NaN,
        "Total Unusual Items": NaN,
        "Total Unusual Items Excluding Goodwill": NaN,
        "Net Income From Continuing Operation Net Minority Interest": NaN,
        "Reconciled Depreciation": NaN,
        "EBITDA": NaN,
        "EBIT": NaN,
        "Net Interest Income": NaN,
        "Interest Expense": 0.0,
        "Interest Income": NaN,
        "Normalized Income": NaN,
        "Net Income From Continuing And Discontinued Operation": NaN,
        "Total Expenses": NaN,
        "Rent Expense Supplemental": NaN,
        "Total Operating Income As Reported": NaN,
        "Diluted Average Shares": 61989347.0,
        "Basic Average Shares": 61989347.0,
        "Diluted EPS": -0.93,
        "Basic EPS": -0.93,
        "Diluted NI Availto Com Stockholders": NaN,
        "Net Income Common Stockholders": NaN,
        "Net Income": NaN,
        "Net Income Including Noncontrolling Interests": NaN,
        "Net Income Continuous Operations": NaN,
        "Pretax Income": NaN,
        "Other Income Expense": NaN,
        "Gain On Sale Of Security": NaN,
        "Net Non Operating Interest Income Expense": NaN,
        "Interest Expense Non Operating": 0.0,
        "Interest Income Non Operating": NaN,
        "Operating Income": NaN,
        "Operating Expense": NaN,
        "Other Operating Expenses": NaN,
        "Research And Development": NaN,
        "Selling General And Administration": NaN,
        "General And Administrative Expense": NaN,
        "Other Gand A": NaN,
        "Total Revenue": NaN,
        "Operating Revenue": NaN
    },
    "2022-06-30": {
        "Tax Effect Of Unusual Items": 0.0,
        "Tax Rate For Calcs": 0.0,
        "Normalized EBITDA": -44624000.0,
        "Total Unusual Items": -1733000.0,
        "Total Unusual Items Excluding Goodwill": -1733000.0,
        "Net Income From Continuing Operation Net Minority Interest": -48532000.0,
        "Reconciled Depreciation": 2173000.0,
        "EBITDA": -46357000.0,
        "EBIT": -48530000.0,
        "Net Interest Income": 397000.0,
        "Interest Expense": 2000.0,
        "Interest Income": 399000.0,
        "Normalized Income": -46799000.0,
        "Net Income From Continuing And Discontinued Operation": -48532000.0,
        "Total Expenses": 47196000.0,
        "Rent Expense Supplemental": NaN,
        "Total Operating Income As Reported": -47886000.0,
        "Diluted Average Shares": 60818778.0,
        "Basic Average Shares": 60818778.0,
        "Diluted EPS": -0.8,
        "Basic EPS": -0.8,
        "Diluted NI Availto Com Stockholders": -48532000.0,
        "Net Income Common Stockholders": -48532000.0,
        "Net Income": -48532000.0,
        "Net Income Including Noncontrolling Interests": -48532000.0,
        "Net Income Continuous Operations": -48532000.0,
        "Pretax Income": -48532000.0,
        "Other Income Expense": -1733000.0,
        "Gain On Sale Of Security": -1733000.0,
        "Net Non Operating Interest Income Expense": 397000.0,
        "Interest Expense Non Operating": 2000.0,
        "Interest Income Non Operating": 399000.0,
        "Operating Income": -47196000.0,
        "Operating Expense": 47196000.0,
        "Other Operating Expenses": -690000.0,
        "Research And Development": 38469000.0,
        "Selling General And Administration": 9417000.0,
        "General And Administrative Expense": 9417000.0,
        "Other Gand A": 9417000.0,
        "Total Revenue": 0.0,
        "Operating Revenue": 0.0
    },
    "2022-03-31": {
        "Diluted EPS": -0.68,
        "Total Revenue": NaN,
        "Gross Profit": NaN,
        "Operating Income": -39,
        "EBIT": -37,
        "Net Income": -39
    },
    "2021-12-31": {
        "Diluted EPS": -0.55,
        "Total Revenue": NaN,
        "Gross Profit": NaN,
        "Operating Income": -30,
        "EBIT": -28,
        "Net Income": -29
    },
    "2021-09-30": {
        "Diluted EPS": -0.51,
        "Total Revenue": NaN,
        "Gross Profit": NaN,
        "Operating Income": -27,
        "EBIT": -26,
        "Net Income": -27
    },
    "2021-06-30": {
        "Diluted EPS": -0.46,
        "Total Revenue": NaN,
        "Gross Profit": NaN,
        "Operating Income": -24,
        "EBIT": -23,
        "Net Income": -24
    },
    "2021-03-31": {
        "Diluted EPS": -0.41,
        "Total Revenue": NaN,
        "Gross Profit": NaN,
        "Operating Income": -23,
        "EBIT": -22,
        "Net Income": -21
    },
    "2020-12-31": {
        "Diluted EPS": 5.81,
        "Total Revenue": NaN,
        "Gross Profit": NaN,
        "Operating Income": -19,
        "EBIT": -19,
        "Net Income": -21
    },
    "2020-09-30": {
        "Diluted EPS": -0.41,
        "Total Revenue": NaN,
        "Gross Profit": NaN,
        "Operating Income": -21,
        "EBIT": -21,
        "Net Income": -21
    },
    "2020-06-30": {
        "Diluted EPS": -1.72,
        "Total Revenue": NaN,
        "Gross Profit": NaN,
        "Operating Income": -21,
        "EBIT": -21,
        "Net Income": -20
    },
    "2020-03-31": {
        "Diluted EPS": -6.7,
        "Total Revenue": NaN,
        "Gross Profit": NaN,
        "Operating Income": -28,
        "EBIT": -27,
        "Net Income": -27
    },
    "2019-12-31": {
        "Diluted EPS": 0.0,
        "Total Revenue": NaN,
        "Gross Profit": NaN,
        "Operating Income": NaN,
        "EBIT": NaN,
        "Net Income": NaN
    },
    "2019-09-30": {
        "Diluted EPS": -2.93,
        "Total Revenue": NaN,
        "Gross Profit": NaN,
        "Operating Income": -12,
        "EBIT": -12,
        "Net Income": -11
    },
    "2019-06-30": {
        "Diluted EPS": -2.9,
        "Total Revenue": NaN,
        "Gross Profit": NaN,
        "Operating Income": -12,
        "EBIT": -12,
        "Net Income": -11
    },
    "2018-12-31": {
        "Diluted EPS": 0.0,
        "Total Revenue": NaN,
        "Gross Profit": NaN,
        "Operating Income": NaN,
        "EBIT": NaN,
        "Net Income": NaN
    },
    "2023-06-30": {
        "Tax Effect Of Unusual Items": NaN,
        "Tax Rate For Calcs": NaN,
        "Normalized EBITDA": NaN,
        "Total Unusual Items": NaN,
        "Total Unusual Items Excluding Goodwill": NaN,
        "Net Income From Continuing Operation Net Minority Interest": NaN,
        "Reconciled Depreciation": NaN,
        "EBITDA": NaN,
        "EBIT": NaN,
        "Net Interest Income": NaN,
        "Interest Expense": 0.0,
        "Interest Income": NaN,
        "Normalized Income": NaN,
        "Net Income From Continuing And Discontinued Operation": NaN,
        "Total Expenses": NaN,
        "Rent Expense Supplemental": 1900000.0,
        "Total Operating Income As Reported": NaN,
        "Diluted Average Shares": 98057870.0,
        "Basic Average Shares": 98057870.0,
        "Diluted EPS": -0.7,
        "Basic EPS": -0.7,
        "Diluted NI Availto Com Stockholders": NaN,
        "Net Income Common Stockholders": NaN,
        "Net Income": NaN,
        "Net Income Including Noncontrolling Interests": NaN,
        "Net Income Continuous Operations": NaN,
        "Pretax Income": NaN,
        "Other Income Expense": NaN,
        "Gain On Sale Of Security": NaN,
        "Net Non Operating Interest Income Expense": NaN,
        "Interest Expense Non Operating": 0.0,
        "Interest Income Non Operating": NaN,
        "Operating Income": NaN,
        "Operating Expense": NaN,
        "Other Operating Expenses": NaN,
        "Research And Development": NaN,
        "Selling General And Administration": NaN,
        "General And Administrative Expense": NaN,
        "Other Gand A": NaN,
        "Total Revenue": NaN,
        "Operating Revenue": NaN
    },
    "2023-09-30": {
        "Tax Effect Of Unusual Items": NaN,
        "Tax Rate For Calcs": NaN,
        "Normalized EBITDA": NaN,
        "Total Unusual Items": NaN,
        "Total Unusual Items Excluding Goodwill": NaN,
        "Net Income From Continuing Operation Net Minority Interest": NaN,
        "Reconciled Depreciation": NaN,
        "EBITDA": NaN,
        "EBIT": NaN,
        "Net Interest Income": NaN,
        "Interest Expense": 0.0,
        "Interest Income": NaN,
        "Normalized Income": NaN,
        "Net Income From Continuing And Discontinued Operation": NaN,
        "Total Expenses": NaN,
        "Total Operating Income As Reported": NaN,
        "Diluted Average Shares": 101668655.0,
        "Basic Average Shares": 101668655.0,
        "Diluted EPS": -0.91,
        "Basic EPS": -0.91,
        "Diluted NI Availto Com Stockholders": NaN,
        "Net Income Common Stockholders": NaN,
        "Net Income": NaN,
        "Net Income Including Noncontrolling Interests": NaN,
        "Net Income Continuous Operations": NaN,
        "Pretax Income": NaN,
        "Other Income Expense": NaN,
        "Other Non Operating Income Expenses": NaN,
        "Gain On Sale Of Security": 227000.0,
        "Net Non Operating Interest Income Expense": NaN,
        "Interest Expense Non Operating": 0.0,
        "Interest Income Non Operating": NaN,
        "Operating Income": NaN,
        "Operating Expense": NaN,
        "Other Operating Expenses": -1640000.0,
        "Research And Development": NaN,
        "Selling General And Administration": NaN,
        "General And Administrative Expense": NaN,
        "Other Gand A": NaN,
        "Total Revenue": NaN,
        "Operating Revenue": NaN
    },
    "2023-12-31": {
        "Tax Effect Of Unusual Items": NaN,
        "Tax Rate For Calcs": NaN,
        "Normalized EBITDA": NaN,
        "Total Unusual Items": -76699000.0,
        "Total Unusual Items Excluding Goodwill": -76699000.0,
        "Net Income From Continuing Operation Net Minority Interest": NaN,
        "Reconciled Depreciation": NaN,
        "EBITDA": NaN,
        "EBIT": NaN,
        "Net Interest Income": NaN,
        "Interest Expense": 0.0,
        "Interest Income": NaN,
        "Normalized Income": NaN,
        "Net Income From Continuing And Discontinued Operation": NaN,
        "Total Expenses": NaN,
        "Total Operating Income As Reported": NaN,
        "Diluted Average Shares": NaN,
        "Basic Average Shares": NaN,
        "Diluted EPS": NaN,
        "Basic EPS": NaN,
        "Diluted NI Availto Com Stockholders": NaN,
        "Net Income Common Stockholders": NaN,
        "Net Income": NaN,
        "Net Income Including Noncontrolling Interests": NaN,
        "Net Income Continuous Operations": NaN,
        "Pretax Income": NaN,
        "Other Income Expense": NaN,
        "Other Non Operating Income Expenses": NaN,
        "Gain On Sale Of Security": -1699000.0,
        "Net Non Operating Interest Income Expense": NaN,
        "Interest Expense Non Operating": 0.0,
        "Interest Income Non Operating": NaN,
        "Operating Income": NaN,
        "Operating Expense": NaN,
        "Other Operating Expenses": -6000.0,
        "Research And Development": NaN,
        "Selling General And Administration": NaN,
        "General And Administrative Expense": NaN,
        "Other Gand A": NaN,
        "Total Revenue": NaN,
        "Operating Revenue": NaN
    },
    "2024-03-31": {
        "Tax Effect Of Unusual Items": NaN,
        "Tax Rate For Calcs": NaN,
        "Normalized EBITDA": NaN,
        "Total Unusual Items": -2340000.0,
        "Total Unusual Items Excluding Goodwill": -2340000.0,
        "Net Income From Continuing Operation Net Minority Interest": NaN,
        "Reconciled Depreciation": NaN,
        "EBITDA": NaN,
        "EBIT": NaN,
        "Net Interest Income": NaN,
        "Interest Expense": NaN,
        "Interest Income": NaN,
        "Normalized Income": NaN,
        "Net Income From Continuing And Discontinued Operation": NaN,
        "Total Expenses": NaN,
        "Total Operating Income As Reported": NaN,
        "Diluted Average Shares": 111690951.0,
        "Basic Average Shares": 111690951.0,
        "Diluted EPS": -0.85,
        "Basic EPS": -0.85,
        "Diluted NI Availto Com Stockholders": NaN,
        "Net Income Common Stockholders": NaN,
        "Net Income": NaN,
        "Net Income Including Noncontrolling Interests": NaN,
        "Net Income Continuous Operations": NaN,
        "Pretax Income": NaN,
        "Other Income Expense": NaN,
        "Other Non Operating Income Expenses": -2214000.0,
        "Gain On Sale Of Security": -2340000.0,
        "Net Non Operating Interest Income Expense": NaN,
        "Interest Expense Non Operating": NaN,
        "Interest Income Non Operating": NaN,
        "Operating Income": NaN,
        "Operating Expense": NaN,
        "Other Operating Expenses": -126000.0,
        "Research And Development": NaN,
        "Selling General And Administration": NaN,
        "General And Administrative Expense": NaN,
        "Other Gand A": NaN,
        "Total Revenue": NaN,
        "Operating Revenue": NaN
    },
    "2024-06-30": {
        "Tax Effect Of Unusual Items": 0.0,
        "Tax Rate For Calcs": 0.0,
        "Normalized EBITDA": -149503000.0,
        "Total Unusual Items": 71000.0,
        "Total Unusual Items Excluding Goodwill": 71000.0,
        "Net Income From Continuing Operation Net Minority Interest": -128703000.0,
        "Reconciled Depreciation": 3478000.0,
        "EBITDA": -149503000.0,
        "EBIT": -152981000.0,
        "Net Interest Income": 23813000.0,
        "Interest Expense": NaN,
        "Interest Income": 23813000.0,
        "Normalized Income": -128703000.0,
        "Net Income From Continuing And Discontinued Operation": -128703000.0,
        "Total Expenses": 152981000.0,
        "Total Operating Income As Reported": -152981000.0,
        "Diluted Average Shares": 117256561.0,
        "Basic Average Shares": 117256561.0,
        "Diluted EPS": -1.1,
        "Basic EPS": -1.1,
        "Diluted NI Availto Com Stockholders": -128703000.0,
        "Net Income Common Stockholders": -128703000.0,
        "Net Income": -128703000.0,
        "Net Income Including Noncontrolling Interests": -128703000.0,
        "Net Income Continuous Operations": -128703000.0,
        "Pretax Income": -128703000.0,
        "Other Income Expense": 465000.0,
        "Other Non Operating Income Expenses": 465000.0,
        "Gain On Sale Of Security": 71000.0,
        "Net Non Operating Interest Income Expense": 23813000.0,
        "Interest Expense Non Operating": NaN,
        "Interest Income Non Operating": 23813000.0,
        "Operating Income": -152981000.0,
        "Operating Expense": 152981000.0,
        "Other Operating Expenses": -394000.0,
        "Research And Development": 131507000.0,
        "Selling General And Administration": 21474000.0,
        "General And Administrative Expense": 21474000.0,
        "Other Gand A": 21474000.0,
        "Total Revenue": 0.0,
        "Operating Revenue": 0.0
    },
    "2024-09-30": {
        "Tax Effect Of Unusual Items": 0.0,
        "Tax Rate For Calcs": 0.0,
        "Normalized EBITDA": -143592000.0,
        "Total Unusual Items": 8451000.0,
        "Total Unusual Items Excluding Goodwill": 8451000.0,
        "Net Income From Continuing Operation Net Minority Interest": -103124000.0,
        "Reconciled Depreciation": 4491000.0,
        "EBITDA": -135141000.0,
        "EBIT": -139632000.0,
        "Net Interest Income": 28057000.0,
        "Interest Expense": NaN,
        "Interest Income": 28057000.0,
        "Normalized Income": -111575000.0,
        "Net Income From Continuing And Discontinued Operation": -103124000.0,
        "Total Expenses": 139632000.0,
        "Total Operating Income As Reported": -139924000.0,
        "Diluted Average Shares": 123693461.0,
        "Basic Average Shares": 123693461.0,
        "Diluted EPS": -0.83,
        "Basic EPS": -0.83,
        "Diluted NI Availto Com Stockholders": -103124000.0,
        "Net Income Common Stockholders": -103124000.0,
        "Net Income": -103124000.0,
        "Net Income Including Noncontrolling Interests": -103124000.0,
        "Net Income Continuous Operations": -103124000.0,
        "Pretax Income": -103124000.0,
        "Other Income Expense": 8451000.0,
        "Other Non Operating Income Expenses": NaN,
        "Gain On Sale Of Security": 8451000.0,
        "Net Non Operating Interest Income Expense": 28057000.0,
        "Interest Expense Non Operating": NaN,
        "Interest Income Non Operating": 28057000.0,
        "Operating Income": -139632000.0,
        "Operating Expense": 139632000.0,
        "Other Operating Expenses": -292000.0,
        "Research And Development": 116936000.0,
        "Selling General And Administration": 22988000.0,
        "General And Administrative Expense": 22988000.0,
        "Other Gand A": 22988000.0,
        "Total Revenue": 0.0,
        "Operating Revenue": 0.0
    },
    "2024-12-31": {
        "Tax Effect Of Unusual Items": 0.0,
        "Tax Rate For Calcs": 0.0,
        "Normalized EBITDA": -46395000.0,
        "Total Unusual Items": -6182000.0,
        "Total Unusual Items Excluding Goodwill": -6182000.0,
        "Net Income From Continuing Operation Net Minority Interest": -137080000.0,
        "Reconciled Depreciation": 4785000.0,
        "EBITDA": -52577000.0,
        "EBIT": -57362000.0,
        "Net Interest Income": 36458000.0,
        "Interest Expense": NaN,
        "Interest Income": 36458000.0,
        "Normalized Income": -130898000.0,
        "Net Income From Continuing And Discontinued Operation": -137080000.0,
        "Total Expenses": 162981000.0,
        "Total Operating Income As Reported": -162169000.0,
        "Diluted Average Shares": NaN,
        "Basic Average Shares": NaN,
        "Diluted EPS": NaN,
        "Basic EPS": NaN,
        "Diluted NI Availto Com Stockholders": -137080000.0,
        "Net Income Common Stockholders": -137080000.0,
        "Net Income": -137080000.0,
        "Net Income Including Noncontrolling Interests": -137080000.0,
        "Net Income Continuous Operations": -137080000.0,
        "Pretax Income": -137080000.0,
        "Other Income Expense": -10557000.0,
        "Other Non Operating Income Expenses": NaN,
        "Gain On Sale Of Security": NaN,
        "Net Non Operating Interest Income Expense": 36458000.0,
        "Interest Expense Non Operating": NaN,
        "Interest Income Non Operating": 36458000.0,
        "Operating Income": -162981000.0,
        "Operating Expense": 162981000.0,
        "Other Operating Expenses": NaN,
        "Research And Development": 133614000.0,
        "Selling General And Administration": 28555000.0,
        "General And Administrative Expense": 28555000.0,
        "Other Gand A": 28555000.0,
        "Total Revenue": 0.0,
        "Operating Revenue": 0.0
    },
    "2025-03-31": {
        "Tax Effect Of Unusual Items": 0.0,
        "Tax Rate For Calcs": 0.0,
        "Normalized EBITDA": -175919000.0,
        "Total Unusual Items": NaN,
        "Total Unusual Items Excluding Goodwill": NaN,
        "Net Income From Continuing Operation Net Minority Interest": -140718000.0,
        "Reconciled Depreciation": 4874000.0,
        "EBITDA": -175919000.0,
        "EBIT": -180793000.0,
        "Net Interest Income": 32935000.0,
        "Interest Expense": NaN,
        "Interest Income": 32935000.0,
        "Normalized Income": -140718000.0,
        "Net Income From Continuing And Discontinued Operation": -140718000.0,
        "Total Expenses": 180793000.0,
        "Total Operating Income As Reported": -180793000.0,
        "Diluted Average Shares": 135690949.0,
        "Basic Average Shares": 135690949.0,
        "Diluted EPS": -1.04,
        "Basic EPS": -1.04,
        "Diluted NI Availto Com Stockholders": -140718000.0,
        "Net Income Common Stockholders": -140718000.0,
        "Net Income": -140718000.0,
        "Net Income Including Noncontrolling Interests": -140718000.0,
        "Net Income Continuous Operations": -140718000.0,
        "Pretax Income": -140718000.0,
        "Other Income Expense": 7140000.0,
        "Other Non Operating Income Expenses": 7140000.0,
        "Gain On Sale Of Security": NaN,
        "Net Non Operating Interest Income Expense": 32935000.0,
        "Interest Expense Non Operating": NaN,
        "Interest Income Non Operating": 32935000.0,
        "Operating Income": -180793000.0,
        "Operating Expense": 180793000.0,
        "Other Operating Expenses": NaN,
        "Research And Development": 148134000.0,
        "Selling General And Administration": 32659000.0,
        "General And Administrative Expense": 32659000.0,
        "Other Gand A": 32659000.0,
        "Total Revenue": 0.0,
        "Operating Revenue": 0.0
    },
    "2025-06-30": {
        "Tax Effect Of Unusual Items": 0.0,
        "Tax Rate For Calcs": 0.0,
        "Normalized EBITDA": -221230000.0,
        "Total Unusual Items": NaN,
        "Total Unusual Items Excluding Goodwill": NaN,
        "Net Income From Continuing Operation Net Minority Interest": -166573000.0,
        "Reconciled Depreciation": 4989000.0,
        "EBITDA": -221230000.0,
        "EBIT": -226219000.0,
        "Net Interest Income": 31073000.0,
        "Interest Expense": NaN,
        "Interest Income": 31073000.0,
        "Normalized Income": -166573000.0,
        "Net Income From Continuing And Discontinued Operation": -166573000.0,
        "Total Expenses": 226219000.0,
        "Total Operating Income As Reported": -226219000.0,
        "Diluted Average Shares": 136033746.0,
        "Basic Average Shares": 136033746.0,
        "Diluted EPS": -1.22,
        "Basic EPS": -1.22,
        "Diluted NI Availto Com Stockholders": -166573000.0,
        "Net Income Common Stockholders": -166573000.0,
        "Net Income": -166573000.0,
        "Net Income Including Noncontrolling Interests": -166573000.0,
        "Net Income Continuous Operations": -166573000.0,
        "Pretax Income": -166573000.0,
        "Other Income Expense": 28573000.0,
        "Other Non Operating Income Expenses": 28573000.0,
        "Gain On Sale Of Security": NaN,
        "Net Non Operating Interest Income Expense": 31073000.0,
        "Interest Expense Non Operating": NaN,
        "Interest Income Non Operating": 31073000.0,
        "Operating Income": -226219000.0,
        "Operating Expense": 226219000.0,
        "Other Operating Expenses": NaN,
        "Research And Development": 194179000.0,
        "Selling General And Administration": 32040000.0,
        "General And Administrative Expense": 32040000.0,
        "Other Gand A": 32040000.0,
        "Total Revenue": 0.0,
        "Operating Revenue": 0.0
    }
}