{
    "2023-03-31": {
        "Tax Effect Of Unusual Items": 3077.79399,
        "Tax Rate For Calcs": 0.087766,
        "Normalized EBITDA": 2118156.0,
        "Total Unusual Items": 35068.0,
        "Total Unusual Items Excluding Goodwill": 35068.0,
        "Net Income From Continuing Operation Net Minority Interest": 1663020.0,
        "Reconciled Depreciation": 320433.0,
        "Reconciled Cost Of Revenue": 825703.0,
        "EBITDA": 2153224.0,
        "EBIT": 1832791.0,
        "Net Interest Income": 266170.0,
        "Interest Expense": 9771.0,
        "Interest Income": 275941.0,
        "Normalized Income": 1631029.79399,
        "Net Income From Continuing And Discontinued Operation": 1663020.0,
        "Total Expenses": 3302319.0,
        "Total Operating Income As Reported": 1521782.0,
        "Diluted Average Shares": 18751000.0,
        "Basic Average Shares": 18394000.0,
        "Diluted EPS": 0.08,
        "Basic EPS": 0.08,
        "Diluted NI Availto Com Stockholders": 1516409.0,
        "Net Income Common Stockholders": 1516409.0,
        "Preferred Stock Dividends": 146611.0,
        "Net Income": 1663020.0,
        "Net Income Including Noncontrolling Interests": 1663020.0,
        "Net Income Continuous Operations": 1663020.0,
        "Tax Provision": 160000.0,
        "Pretax Income": 1823020.0,
        "Other Income Expense": 35068.0,
        "Other Non Operating Income Expenses": NaN,
        "Gain On Sale Of Security": 35068.0,
        "Net Non Operating Interest Income Expense": 266170.0,
        "Interest Expense Non Operating": 9771.0,
        "Interest Income Non Operating": 275941.0,
        "Operating Income": 1521782.0,
        "Operating Expense": 2462047.0,
        "Depreciation Amortization Depletion Income Statement": 305864.0,
        "Depreciation And Amortization In Income Statement": 305864.0,
        "Selling General And Administration": 2156183.0,
        "Selling And Marketing Expense": 1239946.0,
        "General And Administrative Expense": 916237.0,
        "Other Gand A": 916237.0,
        "Gross Profit": 3983829.0,
        "Cost Of Revenue": 840272.0,
        "Total Revenue": 4824101.0,
        "Operating Revenue": 4824101.0
    },
    "2022-12-31": {
        "Tax Effect Of Unusual Items": -1421.789362,
        "Tax Rate For Calcs": 0.045271,
        "Normalized EBITDA": 1603968.0,
        "Total Unusual Items": -31406.0,
        "Total Unusual Items Excluding Goodwill": -31406.0,
        "Net Income From Continuing Operation Net Minority Interest": 1265344.0,
        "Reconciled Depreciation": 229160.0,
        "Reconciled Cost Of Revenue": 866642.0,
        "EBITDA": 1572562.0,
        "EBIT": 1343402.0,
        "Net Interest Income": 181208.0,
        "Interest Expense": 18058.0,
        "Interest Income": 199266.0,
        "Normalized Income": 1295328.210638,
        "Net Income From Continuing And Discontinued Operation": 1265344.0,
        "Total Expenses": 3574971.0,
        "Total Operating Income As Reported": 1175542.0,
        "Diluted Average Shares": 18630000.0,
        "Basic Average Shares": 18402000.0,
        "Diluted EPS": 0.06,
        "Basic EPS": 0.06,
        "Diluted NI Availto Com Stockholders": 1118733.0,
        "Net Income Common Stockholders": 1118733.0,
        "Preferred Stock Dividends": 146611.0,
        "Net Income": 1265344.0,
        "Net Income Including Noncontrolling Interests": 1265344.0,
        "Net Income Continuous Operations": 1265344.0,
        "Tax Provision": 60000.0,
        "Pretax Income": 1325344.0,
        "Other Income Expense": -31406.0,
        "Other Non Operating Income Expenses": NaN,
        "Gain On Sale Of Security": -31406.0,
        "Net Non Operating Interest Income Expense": 181208.0,
        "Interest Expense Non Operating": 18058.0,
        "Interest Income Non Operating": 199266.0,
        "Operating Income": 1175542.0,
        "Operating Expense": 2708329.0,
        "Depreciation Amortization Depletion Income Statement": 229160.0,
        "Depreciation And Amortization In Income Statement": 229160.0,
        "Selling General And Administration": 2479169.0,
        "Selling And Marketing Expense": 1226812.0,
        "General And Administrative Expense": 1252357.0,
        "Other Gand A": 1252357.0,
        "Gross Profit": 3883871.0,
        "Cost Of Revenue": 866642.0,
        "Total Revenue": 4750513.0,
        "Operating Revenue": 4750513.0
    },
    "2022-09-30": {
        "Tax Effect Of Unusual Items": -330.784727,
        "Tax Rate For Calcs": 0.04461,
        "Normalized EBITDA": 1627333.0,
        "Total Unusual Items": -7415.0,
        "Total Unusual Items Excluding Goodwill": -7415.0,
        "Net Income From Continuing Operation Net Minority Interest": 1285112.0,
        "Reconciled Depreciation": 250148.0,
        "Reconciled Cost Of Revenue": 818562.0,
        "EBITDA": 1619918.0,
        "EBIT": 1369770.0,
        "Net Interest Income": 54440.0,
        "Interest Expense": 24652.0,
        "Interest Income": 79092.0,
        "Normalized Income": 1292196.215273,
        "Net Income From Continuing And Discontinued Operation": 1285112.0,
        "Total Expenses": 3492431.0,
        "Total Operating Income As Reported": 1228046.0,
        "Diluted Average Shares": 18753000.0,
        "Basic Average Shares": 18465000.0,
        "Diluted EPS": 0.06,
        "Basic EPS": 0.06,
        "Diluted NI Availto Com Stockholders": 1138501.0,
        "Net Income Common Stockholders": 1138501.0,
        "Preferred Stock Dividends": 146611.0,
        "Net Income": 1285112.0,
        "Net Income Including Noncontrolling Interests": 1285112.0,
        "Net Income Continuous Operations": 1285112.0,
        "Tax Provision": 60006.0,
        "Pretax Income": 1345118.0,
        "Other Income Expense": 62632.0,
        "Other Non Operating Income Expenses": 70047.0,
        "Gain On Sale Of Security": -7415.0,
        "Net Non Operating Interest Income Expense": 54440.0,
        "Interest Expense Non Operating": 24652.0,
        "Interest Income Non Operating": 79092.0,
        "Operating Income": 1228046.0,
        "Operating Expense": 2659727.0,
        "Depreciation Amortization Depletion Income Statement": 236006.0,
        "Depreciation And Amortization In Income Statement": 236006.0,
        "Selling General And Administration": 2423721.0,
        "Selling And Marketing Expense": 1200259.0,
        "General And Administrative Expense": 1223462.0,
        "Other Gand A": 1223462.0,
        "Gross Profit": 3887773.0,
        "Cost Of Revenue": 832704.0,
        "Total Revenue": 4720477.0,
        "Operating Revenue": 4720477.0
    },
    "2022-06-30": {
        "Tax Effect Of Unusual Items": -120.220576,
        "Tax Rate For Calcs": 0.006443,
        "Normalized EBITDA": 1359407.0,
        "Total Unusual Items": -18658.0,
        "Total Unusual Items Excluding Goodwill": -18658.0,
        "Net Income From Continuing Operation Net Minority Interest": 1096194.0,
        "Reconciled Depreciation": 213259.0,
        "Reconciled Cost Of Revenue": 735329.0,
        "EBITDA": 1340749.0,
        "EBIT": 1127490.0,
        "Net Interest Income": 7922.0,
        "Interest Expense": 24187.0,
        "Interest Income": 32109.0,
        "Normalized Income": 1114731.779424,
        "Net Income From Continuing And Discontinued Operation": 1096194.0,
        "Total Expenses": 3463732.0,
        "Total Operating Income As Reported": 1114039.0,
        "Diluted Average Shares": 18783000.0,
        "Basic Average Shares": 18583000.0,
        "Diluted EPS": 0.05,
        "Basic EPS": 0.05,
        "Diluted NI Availto Com Stockholders": 949583.0,
        "Net Income Common Stockholders": 949583.0,
        "Preferred Stock Dividends": 146611.0,
        "Net Income": 1096194.0,
        "Net Income Including Noncontrolling Interests": 1096194.0,
        "Net Income Continuous Operations": 1096194.0,
        "Tax Provision": 7109.0,
        "Pretax Income": 1103303.0,
        "Other Income Expense": -18658.0,
        "Other Non Operating Income Expenses": 0.0,
        "Gain On Sale Of Security": -18658.0,
        "Net Non Operating Interest Income Expense": 7922.0,
        "Interest Expense Non Operating": 24187.0,
        "Interest Income Non Operating": 32109.0,
        "Operating Income": 1114039.0,
        "Operating Expense": 2714371.0,
        "Depreciation Amortization Depletion Income Statement": 199227.0,
        "Depreciation And Amortization In Income Statement": 199227.0,
        "Selling General And Administration": 2515144.0,
        "Selling And Marketing Expense": 1283320.0,
        "General And Administrative Expense": 1231824.0,
        "Other Gand A": 1231824.0,
        "Gross Profit": 3828410.0,
        "Cost Of Revenue": 749361.0,
        "Total Revenue": 4577771.0,
        "Operating Revenue": 4577771.0
    },
    "2022-03-31": {
        "Diluted EPS": 0.05,
        "Total Revenue": 5,
        "Gross Profit": 4,
        "Operating Income": 1,
        "EBIT": 2,
        "Net Income": 1
    },
    "2021-12-31": {
        "Diluted EPS": 0.04,
        "Total Revenue": 4,
        "Gross Profit": 4,
        "Operating Income": 1,
        "EBIT": 1,
        "Net Income": 1
    },
    "2021-09-30": {
        "Diluted EPS": 0.04,
        "Total Revenue": 5,
        "Gross Profit": 4,
        "Operating Income": 1,
        "EBIT": 1,
        "Net Income": 1
    },
    "2021-06-30": {
        "Diluted EPS": 0.05,
        "Total Revenue": 5,
        "Gross Profit": 4,
        "Operating Income": 1,
        "EBIT": 1,
        "Net Income": 1
    },
    "2021-03-31": {
        "Diluted EPS": 0.03,
        "Total Revenue": 6,
        "Gross Profit": 3,
        "Operating Income": 1,
        "EBIT": 1,
        "Net Income": 1
    },
    "2020-12-31": {
        "Diluted EPS": 0.08,
        "Total Revenue": 5,
        "Gross Profit": 3,
        "Operating Income": 0,
        "EBIT": 1,
        "Net Income": 1
    },
    "2020-09-30": {
        "Diluted EPS": 0.02,
        "Total Revenue": 5,
        "Gross Profit": 3,
        "Operating Income": 1,
        "EBIT": 1,
        "Net Income": 0
    },
    "2020-06-30": {
        "Diluted EPS": 0.01,
        "Total Revenue": 6,
        "Gross Profit": 3,
        "Operating Income": 0,
        "EBIT": 1,
        "Net Income": 0
    },
    "2020-03-31": {
        "Diluted EPS": 0.01,
        "Total Revenue": 5,
        "Gross Profit": 3,
        "Operating Income": 0,
        "EBIT": 0,
        "Net Income": 0
    },
    "2019-12-31": {
        "Diluted EPS": 0.03,
        "Total Revenue": 5,
        "Gross Profit": 3,
        "Operating Income": 1,
        "EBIT": 1,
        "Net Income": 1
    },
    "2019-09-30": {
        "Diluted EPS": 0.0,
        "Total Revenue": 5,
        "Gross Profit": 3,
        "Operating Income": 0,
        "EBIT": 0,
        "Net Income": 0
    },
    "2019-06-30": {
        "Diluted EPS": -0.01,
        "Total Revenue": 5,
        "Gross Profit": 3,
        "Operating Income": 0,
        "EBIT": 0,
        "Net Income": 0
    },
    "2019-03-31": {
        "Diluted EPS": 0.05,
        "Total Revenue": 5,
        "Gross Profit": 4,
        "Operating Income": 1,
        "EBIT": 1,
        "Net Income": 1
    },
    "2018-12-31": {
        "Diluted EPS": 0.08,
        "Total Revenue": 6,
        "Gross Profit": 4,
        "Operating Income": 2,
        "EBIT": 2,
        "Net Income": 2
    },
    "2018-09-30": {
        "Diluted EPS": 0.04,
        "Total Revenue": 6,
        "Gross Profit": 4,
        "Operating Income": 1,
        "EBIT": 1,
        "Net Income": 1
    },
    "2018-06-30": {
        "Diluted EPS": 0.05,
        "Total Revenue": 6,
        "Gross Profit": 4,
        "Operating Income": 1,
        "EBIT": 1,
        "Net Income": 1
    },
    "2018-03-31": {
        "Diluted EPS": 0.02,
        "Total Revenue": 5,
        "Gross Profit": 3,
        "Operating Income": 0,
        "EBIT": 1,
        "Net Income": 0
    },
    "2017-12-31": {
        "Diluted EPS": 0.06,
        "Total Revenue": 6,
        "Gross Profit": 4,
        "Operating Income": 1,
        "EBIT": 2,
        "Net Income": 1
    },
    "2017-09-30": {
        "Diluted EPS": 0.01,
        "Total Revenue": 5,
        "Gross Profit": 3,
        "Operating Income": 0,
        "EBIT": 1,
        "Net Income": 0
    },
    "2017-06-30": {
        "Diluted EPS": 0.04,
        "Total Revenue": 5,
        "Gross Profit": 4,
        "Operating Income": 1,
        "EBIT": 1,
        "Net Income": 1
    },
    "2017-03-31": {
        "Diluted EPS": 0.03,
        "Total Revenue": 5,
        "Gross Profit": 3,
        "Operating Income": 1,
        "EBIT": 1,
        "Net Income": 1
    },
    "2016-12-31": {
        "Diluted EPS": 0.06,
        "Total Revenue": 5,
        "Gross Profit": 4,
        "Operating Income": 1,
        "EBIT": 1,
        "Net Income": 1
    },
    "2016-09-30": {
        "Diluted EPS": 0.02,
        "Total Revenue": 4,
        "Gross Profit": 3,
        "Operating Income": 1,
        "EBIT": 1,
        "Net Income": 0
    },
    "2016-06-30": {
        "Diluted EPS": 0.01,
        "Total Revenue": 4,
        "Gross Profit": 3,
        "Operating Income": 0,
        "EBIT": 1,
        "Net Income": 0
    },
    "2016-03-31": {
        "Diluted EPS": 0.01,
        "Total Revenue": 4,
        "Gross Profit": 3,
        "Operating Income": 0,
        "EBIT": 0,
        "Net Income": 0
    },
    "2015-12-31": {
        "Diluted EPS": 0.01,
        "Total Revenue": 4,
        "Gross Profit": 3,
        "Operating Income": 0,
        "EBIT": 0,
        "Net Income": 0
    },
    "2015-09-30": {
        "Diluted EPS": -0.03,
        "Total Revenue": 3,
        "Gross Profit": 2,
        "Operating Income": 0,
        "EBIT": 0,
        "Net Income": -1
    },
    "2015-06-30": {
        "Diluted EPS": -0.15,
        "Total Revenue": 3,
        "Gross Profit": 2,
        "Operating Income": -2,
        "EBIT": -1,
        "Net Income": -3
    },
    "2015-03-31": {
        "Diluted EPS": -0.16,
        "Total Revenue": 3,
        "Gross Profit": 2,
        "Operating Income": -1,
        "EBIT": 0,
        "Net Income": -3
    },
    "2014-12-31": {
        "Diluted EPS": -0.04,
        "Total Revenue": 3,
        "Gross Profit": 2,
        "Operating Income": -1,
        "EBIT": 0,
        "Net Income": -1
    },
    "2014-09-30": {
        "Diluted EPS": -0.03,
        "Total Revenue": 3,
        "Gross Profit": 2,
        "Operating Income": 0,
        "EBIT": 0,
        "Net Income": -1
    },
    "2014-06-30": {
        "Diluted EPS": -0.05,
        "Total Revenue": 3,
        "Gross Profit": 2,
        "Operating Income": -1,
        "EBIT": 0,
        "Net Income": -1
    },
    "2014-03-31": {
        "Diluted EPS": -0.03,
        "Total Revenue": 3,
        "Gross Profit": 2,
        "Operating Income": 0,
        "EBIT": 0,
        "Net Income": -1
    },
    "2013-12-31": {
        "Diluted EPS": -0.04,
        "Total Revenue": 3,
        "Gross Profit": 2,
        "Operating Income": -1,
        "EBIT": 0,
        "Net Income": -1
    },
    "2013-09-30": {
        "Diluted EPS": -0.07,
        "Total Revenue": 3,
        "Gross Profit": 2,
        "Operating Income": -1,
        "EBIT": -1,
        "Net Income": -1
    },
    "2013-06-30": {
        "Diluted EPS": -0.01,
        "Total Revenue": 3,
        "Gross Profit": 2,
        "Operating Income": 0,
        "EBIT": 0,
        "Net Income": 0
    },
    "2013-03-31": {
        "Diluted EPS": -0.01,
        "Total Revenue": 3,
        "Gross Profit": 2,
        "Operating Income": 0,
        "EBIT": 0,
        "Net Income": 0
    },
    "2012-12-31": {
        "Diluted EPS": -0.03,
        "Total Revenue": 3,
        "Gross Profit": 2,
        "Operating Income": 0,
        "EBIT": 0,
        "Net Income": 0
    },
    "2012-09-30": {
        "Diluted EPS": 0.0,
        "Total Revenue": 3,
        "Gross Profit": 2,
        "Operating Income": 0,
        "EBIT": 0,
        "Net Income": 0
    },
    "2012-06-30": {
        "Diluted EPS": -0.02,
        "Total Revenue": 2,
        "Gross Profit": 1,
        "Operating Income": 0,
        "EBIT": 0,
        "Net Income": 0
    },
    "2012-03-31": {
        "Diluted EPS": -0.05,
        "Total Revenue": 3,
        "Gross Profit": 1,
        "Operating Income": 0,
        "EBIT": 0,
        "Net Income": -1
    },
    "2011-12-31": {
        "Diluted EPS": -0.03,
        "Total Revenue": 3,
        "Gross Profit": 1,
        "Operating Income": 0,
        "EBIT": 0,
        "Net Income": 0
    },
    "2011-09-30": {
        "Diluted EPS": -0.04,
        "Total Revenue": 3,
        "Gross Profit": 1,
        "Operating Income": 0,
        "EBIT": 0,
        "Net Income": 0
    },
    "2011-06-30": {
        "Diluted EPS": 0.0,
        "Total Revenue": 3,
        "Gross Profit": 2,
        "Operating Income": 0,
        "EBIT": 0,
        "Net Income": 0
    },
    "2011-03-31": {
        "Diluted EPS": -0.04,
        "Total Revenue": 2,
        "Gross Profit": 1,
        "Operating Income": 0,
        "EBIT": 0,
        "Net Income": 0
    },
    "2010-12-31": {
        "Diluted EPS": 0.0,
        "Total Revenue": 3,
        "Gross Profit": 2,
        "Operating Income": 0,
        "EBIT": 0,
        "Net Income": 0
    },
    "2010-09-30": {
        "Diluted EPS": -0.05,
        "Total Revenue": 3,
        "Gross Profit": 2,
        "Operating Income": 0,
        "EBIT": 0,
        "Net Income": 0
    },
    "2010-06-30": {
        "Diluted EPS": -0.01,
        "Total Revenue": 3,
        "Gross Profit": 2,
        "Operating Income": 0,
        "EBIT": 0,
        "Net Income": 0
    },
    "2010-03-31": {
        "Diluted EPS": 0.0,
        "Total Revenue": 3,
        "Gross Profit": 2,
        "Operating Income": 0,
        "EBIT": 1,
        "Net Income": 0
    },
    "2009-12-31": {
        "Diluted EPS": -0.01,
        "Total Revenue": 2,
        "Gross Profit": 2,
        "Operating Income": 0,
        "EBIT": 0,
        "Net Income": 0
    },
    "2009-09-30": {
        "Diluted EPS": 0.01,
        "Total Revenue": 3,
        "Gross Profit": 2,
        "Operating Income": 0,
        "EBIT": 1,
        "Net Income": 0
    },
    "2009-06-30": {
        "Diluted EPS": -0.04,
        "Total Revenue": 2,
        "Gross Profit": 1,
        "Operating Income": 0,
        "EBIT": 0,
        "Net Income": 0
    },
    "2009-03-31": {
        "Diluted EPS": -0.21,
        "Total Revenue": 3,
        "Gross Profit": 1,
        "Operating Income": 0,
        "EBIT": 0,
        "Net Income": -2
    },
    "2023-06-30": {
        "Tax Effect Of Unusual Items": -174.977073,
        "Tax Rate For Calcs": 0.029168,
        "Normalized EBITDA": 1756152.0,
        "Total Unusual Items": -5999.0,
        "Total Unusual Items Excluding Goodwill": -5999.0,
        "Net Income From Continuing Operation Net Minority Interest": 1376813.0,
        "Reconciled Depreciation": 323466.0,
        "Reconciled Cost Of Revenue": 755030.0,
        "EBITDA": 1750153.0,
        "EBIT": 1426687.0,
        "Net Interest Income": 258969.0,
        "Interest Expense": 8509.0,
        "Interest Income": 267478.0,
        "Normalized Income": 1382637.022927,
        "Net Income From Continuing And Discontinued Operation": 1376813.0,
        "Total Expenses": 3638611.0,
        "Total Operating Income As Reported": 1165208.0,
        "Diluted Average Shares": NaN,
        "Basic Average Shares": NaN,
        "Diluted EPS": NaN,
        "Basic EPS": NaN,
        "Diluted NI Availto Com Stockholders": 1230202.0,
        "Net Income Common Stockholders": 1230202.0,
        "Preferred Stock Dividends": 146611.0,
        "Net Income": 1376813.0,
        "Net Income Including Noncontrolling Interests": 1376813.0,
        "Net Income Continuous Operations": 1376813.0,
        "Tax Provision": 41365.0,
        "Pretax Income": 1418178.0,
        "Other Income Expense": -5999.0,
        "Other Non Operating Income Expenses": 0.0,
        "Gain On Sale Of Security": -5999.0,
        "Net Non Operating Interest Income Expense": 258969.0,
        "Interest Expense Non Operating": 8509.0,
        "Interest Income Non Operating": 267478.0,
        "Operating Income": 1165208.0,
        "Operating Expense": 2868884.0,
        "Depreciation Amortization Depletion Income Statement": 308769.0,
        "Depreciation And Amortization In Income Statement": 308769.0,
        "Selling General And Administration": 2560115.0,
        "Selling And Marketing Expense": 1266388.0,
        "General And Administrative Expense": 1293727.0,
        "Other Gand A": 1293727.0,
        "Gross Profit": 4034092.0,
        "Cost Of Revenue": 769727.0,
        "Total Revenue": 4803819.0,
        "Operating Revenue": 4803819.0
    }
}