{
    "2023-04-30": {
        "Tax Effect Of Unusual Items": 0.0,
        "Tax Rate For Calcs": 0.008189,
        "Normalized EBITDA": -7340000.0,
        "Total Unusual Items": NaN,
        "Total Unusual Items Excluding Goodwill": NaN,
        "Net Income From Continuing Operation Net Minority Interest": -12218000.0,
        "Reconciled Depreciation": 4725000.0,
        "Reconciled Cost Of Revenue": 17936000.0,
        "EBITDA": -7340000.0,
        "EBIT": -12065000.0,
        "Net Interest Income": 1789000.0,
        "Interest Expense": 879000.0,
        "Interest Income": 3123000.0,
        "Normalized Income": -12218000.0,
        "Net Income From Continuing And Discontinued Operation": -12218000.0,
        "Total Expenses": 119046000.0,
        "Total Operating Income As Reported": -15800000.0,
        "Diluted Average Shares": 91522000.0,
        "Basic Average Shares": 91522000.0,
        "Diluted EPS": -0.13,
        "Basic EPS": -0.13,
        "Diluted NI Availto Com Stockholders": -12218000.0,
        "Net Income Common Stockholders": -12218000.0,
        "Otherunder Preferred Stock Dividend": NaN,
        "Net Income": -12218000.0,
        "Minority Interests": 620000.0,
        "Net Income Including Noncontrolling Interests": -12838000.0,
        "Net Income Continuous Operations": -12838000.0,
        "Tax Provision": -106000.0,
        "Pretax Income": -12944000.0,
        "Other Income Expense": 1067000.0,
        "Other Non Operating Income Expenses": 1067000.0,
        "Special Income Charges": NaN,
        "Other Special Charges": NaN,
        "Net Non Operating Interest Income Expense": 1789000.0,
        "Total Other Finance Cost": 455000.0,
        "Interest Expense Non Operating": 879000.0,
        "Interest Income Non Operating": 3123000.0,
        "Operating Income": -15800000.0,
        "Operating Expense": 101110000.0,
        "Research And Development": 33508000.0,
        "Selling General And Administration": 67602000.0,
        "Selling And Marketing Expense": 43801000.0,
        "General And Administrative Expense": 23801000.0,
        "Other Gand A": 23801000.0,
        "Gross Profit": 85310000.0,
        "Cost Of Revenue": 17936000.0,
        "Total Revenue": 103246000.0,
        "Operating Revenue": 103246000.0
    },
    "2023-01-31": {
        "Tax Effect Of Unusual Items": 0.0,
        "Tax Rate For Calcs": 0.21,
        "Normalized EBITDA": -18990000.0,
        "Total Unusual Items": NaN,
        "Total Unusual Items Excluding Goodwill": NaN,
        "Net Income From Continuing Operation Net Minority Interest": -24562000.0,
        "Reconciled Depreciation": 4651000.0,
        "Reconciled Cost Of Revenue": 18344000.0,
        "EBITDA": -18990000.0,
        "EBIT": -23641000.0,
        "Net Interest Income": 644000.0,
        "Interest Expense": 898000.0,
        "Interest Income": 2005000.0,
        "Normalized Income": -24562000.0,
        "Net Income From Continuing And Discontinued Operation": -24562000.0,
        "Total Expenses": 127456000.0,
        "Total Operating Income As Reported": -26490000.0,
        "Diluted Average Shares": 90269000.0,
        "Basic Average Shares": 90269000.0,
        "Diluted EPS": -0.27,
        "Basic EPS": -0.27,
        "Diluted NI Availto Com Stockholders": -24562000.0,
        "Net Income Common Stockholders": -24562000.0,
        "Otherunder Preferred Stock Dividend": NaN,
        "Net Income": -24562000.0,
        "Minority Interests": 440000.0,
        "Net Income Including Noncontrolling Interests": -25002000.0,
        "Net Income Continuous Operations": -25002000.0,
        "Tax Provision": 463000.0,
        "Pretax Income": -24539000.0,
        "Other Income Expense": 1307000.0,
        "Other Non Operating Income Expenses": 1307000.0,
        "Special Income Charges": NaN,
        "Other Special Charges": NaN,
        "Net Non Operating Interest Income Expense": 644000.0,
        "Total Other Finance Cost": 463000.0,
        "Interest Expense Non Operating": 898000.0,
        "Interest Income Non Operating": 2005000.0,
        "Operating Income": -26490000.0,
        "Operating Expense": 109112000.0,
        "Research And Development": 34569000.0,
        "Selling General And Administration": 74543000.0,
        "Selling And Marketing Expense": 52621000.0,
        "General And Administrative Expense": 21922000.0,
        "Other Gand A": 21922000.0,
        "Gross Profit": 82622000.0,
        "Cost Of Revenue": 18344000.0,
        "Total Revenue": 100966000.0,
        "Operating Revenue": 100966000.0
    },
    "2022-10-31": {
        "Tax Effect Of Unusual Items": NaN,
        "Tax Rate For Calcs": NaN,
        "Normalized EBITDA": NaN,
        "Total Unusual Items": 0.0,
        "Total Unusual Items Excluding Goodwill": 0.0,
        "Net Income From Continuing Operation Net Minority Interest": NaN,
        "Reconciled Depreciation": NaN,
        "Reconciled Cost Of Revenue": NaN,
        "EBITDA": NaN,
        "EBIT": NaN,
        "Net Interest Income": NaN,
        "Interest Expense": NaN,
        "Interest Income": NaN,
        "Normalized Income": NaN,
        "Net Income From Continuing And Discontinued Operation": NaN,
        "Total Expenses": NaN,
        "Total Operating Income As Reported": NaN,
        "Diluted Average Shares": NaN,
        "Basic Average Shares": NaN,
        "Diluted EPS": NaN,
        "Basic EPS": NaN,
        "Diluted NI Availto Com Stockholders": NaN,
        "Net Income Common Stockholders": NaN,
        "Otherunder Preferred Stock Dividend": 0.0,
        "Net Income": NaN,
        "Minority Interests": NaN,
        "Net Income Including Noncontrolling Interests": NaN,
        "Net Income Continuous Operations": NaN,
        "Tax Provision": NaN,
        "Pretax Income": NaN,
        "Other Income Expense": NaN,
        "Other Non Operating Income Expenses": NaN,
        "Special Income Charges": 0.0,
        "Other Special Charges": NaN,
        "Net Non Operating Interest Income Expense": NaN,
        "Total Other Finance Cost": NaN,
        "Interest Expense Non Operating": NaN,
        "Interest Income Non Operating": NaN,
        "Operating Income": NaN,
        "Operating Expense": NaN,
        "Research And Development": NaN,
        "Selling General And Administration": NaN,
        "Selling And Marketing Expense": NaN,
        "General And Administrative Expense": NaN,
        "Other Gand A": NaN,
        "Gross Profit": NaN,
        "Cost Of Revenue": NaN,
        "Total Revenue": NaN,
        "Operating Revenue": NaN
    },
    "2022-07-31": {
        "Tax Effect Of Unusual Items": 0.0,
        "Tax Rate For Calcs": 0.005411,
        "Normalized EBITDA": -32733000.0,
        "Net Income From Continuing Operation Net Minority Interest": -38499000.0,
        "Reconciled Depreciation": 4689000.0,
        "Reconciled Cost Of Revenue": 18367000.0,
        "EBITDA": -32733000.0,
        "EBIT": -37422000.0,
        "Net Interest Income": -557000.0,
        "Interest Expense": 1387000.0,
        "Interest Income": 830000.0,
        "Normalized Income": -38499000.0,
        "Net Income From Continuing And Discontinued Operation": -38499000.0,
        "Total Expenses": 128141000.0,
        "Total Operating Income As Reported": -37888000.0,
        "Diluted Average Shares": 88153000.0,
        "Basic Average Shares": 88153000.0,
        "Diluted EPS": -0.44,
        "Basic EPS": -0.44,
        "Diluted NI Availto Com Stockholders": -38499000.0,
        "Net Income Common Stockholders": -38499000.0,
        "Otherunder Preferred Stock Dividend": NaN,
        "Net Income": -38499000.0,
        "Minority Interests": 100000.0,
        "Net Income Including Noncontrolling Interests": -38599000.0,
        "Net Income Continuous Operations": -38599000.0,
        "Tax Provision": -210000.0,
        "Pretax Income": -38809000.0,
        "Other Income Expense": -364000.0,
        "Other Non Operating Income Expenses": -364000.0,
        "Net Non Operating Interest Income Expense": -557000.0,
        "Total Other Finance Cost": 468000.0,
        "Interest Expense Non Operating": 1387000.0,
        "Interest Income Non Operating": 830000.0,
        "Operating Income": -37888000.0,
        "Operating Expense": 109774000.0,
        "Research And Development": 34014000.0,
        "Selling General And Administration": 75760000.0,
        "Selling And Marketing Expense": 50331000.0,
        "General And Administrative Expense": 25429000.0,
        "Other Gand A": 25429000.0,
        "Salaries And Wages": NaN,
        "Gross Profit": 71886000.0,
        "Cost Of Revenue": 18367000.0,
        "Total Revenue": 90253000.0,
        "Operating Revenue": 90253000.0
    },
    "2023-07-31": {
        "Tax Effect Of Unusual Items": 0.0,
        "Tax Rate For Calcs": 0.002205,
        "Normalized EBITDA": -16488000.0,
        "Total Unusual Items": NaN,
        "Total Unusual Items Excluding Goodwill": NaN,
        "Net Income From Continuing Operation Net Minority Interest": -22053000.0,
        "Reconciled Depreciation": 5266000.0,
        "Reconciled Cost Of Revenue": 19833000.0,
        "EBITDA": -16488000.0,
        "EBIT": -21754000.0,
        "Net Interest Income": 3615000.0,
        "Interest Expense": 918000.0,
        "Interest Income": 5011000.0,
        "Normalized Income": -22053000.0,
        "Net Income From Continuing And Discontinued Operation": -22053000.0,
        "Total Expenses": 133789000.0,
        "Total Operating Income As Reported": -26173000.0,
        "Diluted Average Shares": 92542000.0,
        "Basic Average Shares": 92542000.0,
        "Diluted EPS": -0.26,
        "Basic EPS": -0.26,
        "Diluted NI Availto Com Stockholders": -23782000.0,
        "Net Income Common Stockholders": -23782000.0,
        "Otherunder Preferred Stock Dividend": 1729000.0,
        "Net Income": -22053000.0,
        "Minority Interests": 569000.0,
        "Net Income Including Noncontrolling Interests": -22622000.0,
        "Net Income Continuous Operations": -22622000.0,
        "Tax Provision": -50000.0,
        "Pretax Income": -22672000.0,
        "Other Income Expense": -114000.0,
        "Other Non Operating Income Expenses": -114000.0,
        "Special Income Charges": NaN,
        "Other Special Charges": NaN,
        "Net Non Operating Interest Income Expense": 3615000.0,
        "Total Other Finance Cost": 478000.0,
        "Interest Expense Non Operating": 918000.0,
        "Interest Income Non Operating": 5011000.0,
        "Operating Income": -26173000.0,
        "Operating Expense": 113956000.0,
        "Research And Development": 36441000.0,
        "Selling General And Administration": 77515000.0,
        "Selling And Marketing Expense": 49724000.0,
        "General And Administrative Expense": 27791000.0,
        "Other Gand A": 27791000.0,
        "Gross Profit": 87783000.0,
        "Cost Of Revenue": 19833000.0,
        "Total Revenue": 107616000.0,
        "Operating Revenue": 107616000.0
    },
    "2023-10-31": {
        "Tax Effect Of Unusual Items": NaN,
        "Tax Rate For Calcs": NaN,
        "Normalized EBITDA": NaN,
        "Total Unusual Items": 3970000.0,
        "Total Unusual Items Excluding Goodwill": 3970000.0,
        "Net Income From Continuing Operation Net Minority Interest": NaN,
        "Reconciled Depreciation": NaN,
        "Reconciled Cost Of Revenue": NaN,
        "EBITDA": NaN,
        "EBIT": NaN,
        "Net Interest Income": NaN,
        "Interest Expense": NaN,
        "Interest Income": NaN,
        "Normalized Income": NaN,
        "Net Income From Continuing And Discontinued Operation": NaN,
        "Total Expenses": NaN,
        "Total Operating Income As Reported": NaN,
        "Diluted Average Shares": 93104000.0,
        "Basic Average Shares": NaN,
        "Diluted EPS": NaN,
        "Basic EPS": NaN,
        "Diluted NI Availto Com Stockholders": NaN,
        "Net Income Common Stockholders": NaN,
        "Otherunder Preferred Stock Dividend": NaN,
        "Net Income": NaN,
        "Minority Interests": NaN,
        "Net Income Including Noncontrolling Interests": NaN,
        "Net Income Continuous Operations": NaN,
        "Tax Provision": NaN,
        "Pretax Income": NaN,
        "Other Income Expense": NaN,
        "Other Non Operating Income Expenses": NaN,
        "Special Income Charges": 3970000.0,
        "Other Special Charges": -3970000.0,
        "Net Non Operating Interest Income Expense": NaN,
        "Total Other Finance Cost": NaN,
        "Interest Expense Non Operating": NaN,
        "Interest Income Non Operating": NaN,
        "Operating Income": NaN,
        "Operating Expense": NaN,
        "Research And Development": NaN,
        "Selling General And Administration": NaN,
        "Selling And Marketing Expense": NaN,
        "General And Administrative Expense": NaN,
        "Other Gand A": NaN,
        "Gross Profit": NaN,
        "Cost Of Revenue": NaN,
        "Total Revenue": NaN,
        "Operating Revenue": NaN
    },
    "2024-01-31": {
        "Tax Effect Of Unusual Items": -56910.0,
        "Tax Rate For Calcs": 0.21,
        "Normalized EBITDA": -21530000.0,
        "Total Unusual Items": -271000.0,
        "Total Unusual Items Excluding Goodwill": -271000.0,
        "Net Income From Continuing Operation Net Minority Interest": -28152000.0,
        "Reconciled Depreciation": NaN,
        "Reconciled Cost Of Revenue": 20358000.0,
        "EBITDA": -21801000.0,
        "EBIT": NaN,
        "Net Interest Income": NaN,
        "Interest Expense": 1694000.0,
        "Interest Income": 10801000.0,
        "Normalized Income": NaN,
        "Net Income From Continuing And Discontinued Operation": -28152000.0,
        "Total Expenses": NaN,
        "Total Operating Income As Reported": -33431000.0,
        "Diluted Average Shares": 92168000.0,
        "Basic Average Shares": 92168000.0,
        "Diluted EPS": -0.33,
        "Basic EPS": -0.33,
        "Diluted NI Availto Com Stockholders": -30632000.0,
        "Net Income Common Stockholders": NaN,
        "Otherunder Preferred Stock Dividend": 2480000.0,
        "Net Income": -28152000.0,
        "Minority Interests": 665000.0,
        "Net Income Including Noncontrolling Interests": -28817000.0,
        "Net Income Continuous Operations": -28817000.0,
        "Tax Provision": 185000.0,
        "Pretax Income": -28632000.0,
        "Other Income Expense": -3686000.0,
        "Other Non Operating Income Expenses": -3415000.0,
        "Special Income Charges": -271000.0,
        "Other Special Charges": 271000.0,
        "Net Non Operating Interest Income Expense": 8485000.0,
        "Total Other Finance Cost": NaN,
        "Interest Expense Non Operating": 1694000.0,
        "Interest Income Non Operating": 10801000.0,
        "Operating Income": -33431000.0,
        "Operating Expense": 124190000.0,
        "Research And Development": 35548000.0,
        "Selling General And Administration": 88642000.0,
        "Selling And Marketing Expense": NaN,
        "General And Administrative Expense": 35028000.0,
        "Other Gand A": 35028000.0,
        "Gross Profit": 90759000.0,
        "Cost Of Revenue": 20358000.0,
        "Total Revenue": 111117000.0,
        "Operating Revenue": NaN
    },
    "2024-04-30": {
        "Tax Effect Of Unusual Items": 0.0,
        "Tax Rate For Calcs": 0.21,
        "Normalized EBITDA": -10320000.0,
        "Total Unusual Items": NaN,
        "Total Unusual Items Excluding Goodwill": NaN,
        "Net Income From Continuing Operation Net Minority Interest": -17139000.0,
        "Reconciled Depreciation": 5292000.0,
        "Reconciled Cost Of Revenue": 19343000.0,
        "EBITDA": -10320000.0,
        "EBIT": -15612000.0,
        "Net Interest Income": 4832000.0,
        "Interest Expense": 1540000.0,
        "Interest Income": 6980000.0,
        "Normalized Income": -17139000.0,
        "Net Income From Continuing And Discontinued Operation": -17139000.0,
        "Total Expenses": 132905000.0,
        "Total Operating Income As Reported": -21733000.0,
        "Diluted Average Shares": 92876000.0,
        "Basic Average Shares": 92876000.0,
        "Diluted EPS": -0.26,
        "Basic EPS": -0.26,
        "Diluted NI Availto Com Stockholders": -24056000.0,
        "Net Income Common Stockholders": -24056000.0,
        "Otherunder Preferred Stock Dividend": 6917000.0,
        "Net Income": -17139000.0,
        "Minority Interests": 206000.0,
        "Net Income Including Noncontrolling Interests": -17345000.0,
        "Net Income Continuous Operations": -17345000.0,
        "Tax Provision": 193000.0,
        "Pretax Income": -17152000.0,
        "Other Income Expense": -251000.0,
        "Other Non Operating Income Expenses": -251000.0,
        "Special Income Charges": NaN,
        "Other Special Charges": NaN,
        "Net Non Operating Interest Income Expense": 4832000.0,
        "Total Other Finance Cost": 608000.0,
        "Interest Expense Non Operating": 1540000.0,
        "Interest Income Non Operating": 6980000.0,
        "Operating Income": -21733000.0,
        "Operating Expense": 113562000.0,
        "Research And Development": 37523000.0,
        "Selling General And Administration": 76039000.0,
        "Selling And Marketing Expense": 48499000.0,
        "General And Administrative Expense": 27540000.0,
        "Other Gand A": 27540000.0,
        "Gross Profit": 91829000.0,
        "Cost Of Revenue": 19343000.0,
        "Total Revenue": 111172000.0,
        "Operating Revenue": 111172000.0
    },
    "2024-07-31": {
        "Tax Effect Of Unusual Items": 0.0,
        "Tax Rate For Calcs": 0.21,
        "Normalized EBITDA": -3903000.0,
        "Total Unusual Items": NaN,
        "Total Unusual Items Excluding Goodwill": NaN,
        "Net Income From Continuing Operation Net Minority Interest": -10912000.0,
        "Reconciled Depreciation": 5163000.0,
        "Reconciled Cost Of Revenue": 20080000.0,
        "EBITDA": -3903000.0,
        "EBIT": -9066000.0,
        "Net Interest Income": 5153000.0,
        "Interest Expense": 1691000.0,
        "Interest Income": 7516000.0,
        "Normalized Income": -10912000.0,
        "Net Income From Continuing And Discontinued Operation": -10912000.0,
        "Total Expenses": 131962000.0,
        "Total Operating Income As Reported": -16027000.0,
        "Diluted Average Shares": 93289000.0,
        "Basic Average Shares": 93289000.0,
        "Diluted EPS": -0.14,
        "Basic EPS": -0.14,
        "Diluted NI Availto Com Stockholders": -13242000.0,
        "Net Income Common Stockholders": -13242000.0,
        "Otherunder Preferred Stock Dividend": 2330000.0,
        "Net Income": -10912000.0,
        "Minority Interests": 272000.0,
        "Net Income Including Noncontrolling Interests": -11184000.0,
        "Net Income Continuous Operations": -11184000.0,
        "Tax Provision": 427000.0,
        "Pretax Income": -10757000.0,
        "Other Income Expense": 117000.0,
        "Other Non Operating Income Expenses": 117000.0,
        "Special Income Charges": NaN,
        "Other Special Charges": NaN,
        "Net Non Operating Interest Income Expense": 5153000.0,
        "Total Other Finance Cost": 672000.0,
        "Interest Expense Non Operating": 1691000.0,
        "Interest Income Non Operating": 7516000.0,
        "Operating Income": -16027000.0,
        "Operating Expense": 111882000.0,
        "Research And Development": 35088000.0,
        "Selling General And Administration": 76794000.0,
        "Selling And Marketing Expense": 50966000.0,
        "General And Administrative Expense": 25828000.0,
        "Other Gand A": 25828000.0,
        "Gross Profit": 95855000.0,
        "Cost Of Revenue": 20080000.0,
        "Total Revenue": 115935000.0,
        "Operating Revenue": 115935000.0
    },
    "2024-10-31": {
        "Tax Effect Of Unusual Items": 0.0,
        "Tax Rate For Calcs": 0.21,
        "Normalized EBITDA": 1365000.0,
        "Total Unusual Items": 0.0,
        "Total Unusual Items Excluding Goodwill": 0.0,
        "Net Income From Continuing Operation Net Minority Interest": -5924000.0,
        "Reconciled Depreciation": 5071000.0,
        "Reconciled Cost Of Revenue": 20268000.0,
        "EBITDA": 1365000.0,
        "EBIT": -3706000.0,
        "Net Interest Income": 4535000.0,
        "Interest Expense": 1706000.0,
        "Interest Income": 6912000.0,
        "Normalized Income": -5924000.0,
        "Net Income From Continuing And Discontinued Operation": -5924000.0,
        "Total Expenses": 129239000.0,
        "Total Operating Income As Reported": -10293000.0,
        "Diluted Average Shares": 91438000.0,
        "Basic Average Shares": 91438000.0,
        "Diluted EPS": -0.07,
        "Basic EPS": -0.07,
        "Diluted NI Availto Com Stockholders": -6558000.0,
        "Net Income Common Stockholders": -6558000.0,
        "Otherunder Preferred Stock Dividend": 634000.0,
        "Net Income": -5924000.0,
        "Minority Interests": 203000.0,
        "Net Income Including Noncontrolling Interests": -6127000.0,
        "Net Income Continuous Operations": -6127000.0,
        "Tax Provision": 715000.0,
        "Pretax Income": -5412000.0,
        "Other Income Expense": 346000.0,
        "Other Non Operating Income Expenses": 346000.0,
        "Special Income Charges": 0.0,
        "Other Special Charges": NaN,
        "Net Non Operating Interest Income Expense": 4535000.0,
        "Total Other Finance Cost": 671000.0,
        "Interest Expense Non Operating": 1706000.0,
        "Interest Income Non Operating": 6912000.0,
        "Operating Income": -10293000.0,
        "Operating Expense": 108971000.0,
        "Research And Development": 34267000.0,
        "Selling General And Administration": 74704000.0,
        "Selling And Marketing Expense": 49272000.0,
        "General And Administrative Expense": 25432000.0,
        "Other Gand A": 25432000.0,
        "Gross Profit": 98678000.0,
        "Cost Of Revenue": 20268000.0,
        "Total Revenue": 118946000.0,
        "Operating Revenue": 118946000.0
    },
    "2025-01-31": {
        "Tax Effect Of Unusual Items": 0.0,
        "Tax Rate For Calcs": 0.4,
        "Normalized EBITDA": -1664000.0,
        "Total Unusual Items": 0.0,
        "Total Unusual Items Excluding Goodwill": 0.0,
        "Net Income From Continuing Operation Net Minority Interest": -8760000.0,
        "Reconciled Depreciation": 5077000.0,
        "Reconciled Cost Of Revenue": 19974000.0,
        "EBITDA": -1664000.0,
        "EBIT": -6741000.0,
        "Net Interest Income": 3714000.0,
        "Interest Expense": 1691000.0,
        "Interest Income": 6084000.0,
        "Normalized Income": -8760000.0,
        "Net Income From Continuing And Discontinued Operation": -8760000.0,
        "Total Expenses": 133165000.0,
        "Total Operating Income As Reported": -11719000.0,
        "Diluted Average Shares": NaN,
        "Basic Average Shares": 90422000.0,
        "Diluted EPS": -0.12,
        "Basic EPS": NaN,
        "Diluted NI Availto Com Stockholders": -10604000.0,
        "Net Income Common Stockholders": -10604000.0,
        "Otherunder Preferred Stock Dividend": 1844000.0,
        "Net Income": -8760000.0,
        "Minority Interests": 120000.0,
        "Net Income Including Noncontrolling Interests": -8880000.0,
        "Net Income Continuous Operations": -8880000.0,
        "Tax Provision": 448000.0,
        "Pretax Income": -8432000.0,
        "Other Income Expense": -427000.0,
        "Other Non Operating Income Expenses": -427000.0,
        "Special Income Charges": 0.0,
        "Other Special Charges": NaN,
        "Net Non Operating Interest Income Expense": 3714000.0,
        "Total Other Finance Cost": 679000.0,
        "Interest Expense Non Operating": 1691000.0,
        "Interest Income Non Operating": 6084000.0,
        "Operating Income": -11719000.0,
        "Operating Expense": 113191000.0,
        "Research And Development": 34611000.0,
        "Selling General And Administration": 78580000.0,
        "Selling And Marketing Expense": 53084000.0,
        "General And Administrative Expense": 25496000.0,
        "Other Gand A": 25496000.0,
        "Gross Profit": 101472000.0,
        "Cost Of Revenue": 19974000.0,
        "Total Revenue": 121446000.0,
        "Operating Revenue": 121446000.0
    },
    "2025-04-30": {
        "Tax Effect Of Unusual Items": NaN,
        "Tax Rate For Calcs": NaN,
        "Normalized EBITDA": NaN,
        "Total Unusual Items": NaN,
        "Total Unusual Items Excluding Goodwill": NaN,
        "Net Income From Continuing Operation Net Minority Interest": NaN,
        "Reconciled Depreciation": 3962000.0,
        "Reconciled Cost Of Revenue": NaN,
        "EBITDA": NaN,
        "EBIT": -4879000.0,
        "Net Interest Income": 3647000.0,
        "Interest Expense": NaN,
        "Interest Income": NaN,
        "Normalized Income": -7162000.0,
        "Net Income From Continuing And Discontinued Operation": NaN,
        "Total Expenses": 130132000.0,
        "Total Operating Income As Reported": NaN,
        "Diluted Average Shares": NaN,
        "Basic Average Shares": NaN,
        "Diluted EPS": NaN,
        "Basic EPS": -0.07,
        "Diluted NI Availto Com Stockholders": NaN,
        "Net Income Common Stockholders": -6497000.0,
        "Otherunder Preferred Stock Dividend": NaN,
        "Net Income": NaN,
        "Minority Interests": NaN,
        "Net Income Including Noncontrolling Interests": NaN,
        "Net Income Continuous Operations": NaN,
        "Tax Provision": NaN,
        "Pretax Income": NaN,
        "Other Income Expense": NaN,
        "Other Non Operating Income Expenses": NaN,
        "Special Income Charges": NaN,
        "Other Special Charges": NaN,
        "Net Non Operating Interest Income Expense": NaN,
        "Total Other Finance Cost": 677000.0,
        "Interest Expense Non Operating": NaN,
        "Interest Income Non Operating": NaN,
        "Operating Income": NaN,
        "Operating Expense": NaN,
        "Research And Development": NaN,
        "Selling General And Administration": NaN,
        "Selling And Marketing Expense": 50045000.0,
        "General And Administrative Expense": NaN,
        "Other Gand A": NaN,
        "Gross Profit": NaN,
        "Cost Of Revenue": NaN,
        "Total Revenue": NaN,
        "Operating Revenue": 119805000.0
    }
}