{
    "2023-03-31": {
        "Tax Effect Of Unusual Items": NaN,
        "Tax Rate For Calcs": NaN,
        "Normalized EBITDA": NaN,
        "Total Unusual Items": NaN,
        "Total Unusual Items Excluding Goodwill": NaN,
        "Net Income From Continuing Operation Net Minority Interest": NaN,
        "Reconciled Depreciation": NaN,
        "Reconciled Cost Of Revenue": NaN,
        "EBITDA": NaN,
        "EBIT": NaN,
        "Net Interest Income": NaN,
        "Interest Expense": NaN,
        "Interest Income": NaN,
        "Normalized Income": NaN,
        "Net Income From Continuing And Discontinued Operation": NaN,
        "Total Expenses": NaN,
        "Total Operating Income As Reported": NaN,
        "Diluted Average Shares": 3623000.0,
        "Basic Average Shares": 3548000.0,
        "Diluted EPS": 0.45,
        "Basic EPS": 0.46,
        "Diluted NI Availto Com Stockholders": NaN,
        "Net Income Common Stockholders": NaN,
        "Net Income": NaN,
        "Net Income Including Noncontrolling Interests": NaN,
        "Net Income Continuous Operations": NaN,
        "Tax Provision": NaN,
        "Pretax Income": NaN,
        "Other Income Expense": NaN,
        "Special Income Charges": 0.0,
        "Gain On Sale Of Ppe": 0.0,
        "Gain On Sale Of Security": NaN,
        "Net Non Operating Interest Income Expense": NaN,
        "Interest Expense Non Operating": NaN,
        "Interest Income Non Operating": NaN,
        "Operating Income": NaN,
        "Operating Expense": NaN,
        "Research And Development": NaN,
        "Selling General And Administration": NaN,
        "Selling And Marketing Expense": NaN,
        "General And Administrative Expense": NaN,
        "Other Gand A": NaN,
        "Gross Profit": NaN,
        "Cost Of Revenue": NaN,
        "Total Revenue": NaN,
        "Operating Revenue": NaN
    },
    "2022-12-31": {
        "Tax Effect Of Unusual Items": 712400.0,
        "Tax Rate For Calcs": 0.26,
        "Normalized EBITDA": 1335000.0,
        "Total Unusual Items": 2740000.0,
        "Total Unusual Items Excluding Goodwill": 2740000.0,
        "Net Income From Continuing Operation Net Minority Interest": 2752000.0,
        "Reconciled Depreciation": 191000.0,
        "Reconciled Cost Of Revenue": 8659000.0,
        "EBITDA": 4075000.0,
        "EBIT": 3884000.0,
        "Net Interest Income": -121000.0,
        "Interest Expense": 128000.0,
        "Interest Income": 7000.0,
        "Normalized Income": 724400.0,
        "Net Income From Continuing And Discontinued Operation": 2752000.0,
        "Total Expenses": 10145000.0,
        "Total Operating Income As Reported": 1137000.0,
        "Diluted Average Shares": 3652000.0,
        "Basic Average Shares": 3574000.0,
        "Diluted EPS": 0.75,
        "Basic EPS": 0.77,
        "Diluted NI Availto Com Stockholders": 2752000.0,
        "Net Income Common Stockholders": 2752000.0,
        "Net Income": 2752000.0,
        "Net Income Including Noncontrolling Interests": 2752000.0,
        "Net Income Continuous Operations": 2752000.0,
        "Tax Provision": 1004000.0,
        "Pretax Income": 3756000.0,
        "Other Income Expense": 2740000.0,
        "Special Income Charges": NaN,
        "Gain On Sale Of Ppe": NaN,
        "Gain On Sale Of Security": 2740000.0,
        "Net Non Operating Interest Income Expense": -121000.0,
        "Interest Expense Non Operating": 128000.0,
        "Interest Income Non Operating": 7000.0,
        "Operating Income": 1137000.0,
        "Operating Expense": 1486000.0,
        "Research And Development": 467000.0,
        "Selling General And Administration": 1019000.0,
        "Selling And Marketing Expense": 68000.0,
        "General And Administrative Expense": 951000.0,
        "Other Gand A": 951000.0,
        "Gross Profit": 2623000.0,
        "Cost Of Revenue": 8659000.0,
        "Total Revenue": 11282000.0,
        "Operating Revenue": 11282000.0
    },
    "2022-09-30": {
        "Tax Effect Of Unusual Items": 43520.0,
        "Tax Rate For Calcs": 0.17,
        "Normalized EBITDA": 1361000.0,
        "Total Unusual Items": 256000.0,
        "Total Unusual Items Excluding Goodwill": 256000.0,
        "Net Income From Continuing Operation Net Minority Interest": 1076000.0,
        "Reconciled Depreciation": 193000.0,
        "Reconciled Cost Of Revenue": 8131000.0,
        "EBITDA": 1617000.0,
        "EBIT": 1424000.0,
        "Net Interest Income": 88000.0,
        "Interest Expense": 130000.0,
        "Interest Income": 218000.0,
        "Normalized Income": 863520.0,
        "Net Income From Continuing And Discontinued Operation": 1076000.0,
        "Total Expenses": 10137000.0,
        "Total Operating Income As Reported": 950000.0,
        "Diluted Average Shares": 3694959.0,
        "Basic Average Shares": 3616392.0,
        "Diluted EPS": 0.33,
        "Basic EPS": 0.33,
        "Diluted NI Availto Com Stockholders": 1076000.0,
        "Net Income Common Stockholders": 1076000.0,
        "Net Income": 1076000.0,
        "Net Income Including Noncontrolling Interests": 1076000.0,
        "Net Income Continuous Operations": 1076000.0,
        "Tax Provision": 218000.0,
        "Pretax Income": 1294000.0,
        "Other Income Expense": 256000.0,
        "Special Income Charges": NaN,
        "Gain On Sale Of Ppe": NaN,
        "Gain On Sale Of Security": 256000.0,
        "Net Non Operating Interest Income Expense": 88000.0,
        "Interest Expense Non Operating": 130000.0,
        "Interest Income Non Operating": 218000.0,
        "Operating Income": 950000.0,
        "Operating Expense": 2006000.0,
        "Research And Development": 929000.0,
        "Selling General And Administration": 1077000.0,
        "Selling And Marketing Expense": 53000.0,
        "General And Administrative Expense": 1024000.0,
        "Other Gand A": 1024000.0,
        "Gross Profit": 2956000.0,
        "Cost Of Revenue": 8131000.0,
        "Total Revenue": 11087000.0,
        "Operating Revenue": 11087000.0
    },
    "2022-06-30": {
        "Tax Effect Of Unusual Items": 21745.137492,
        "Tax Rate For Calcs": 0.057679,
        "Normalized EBITDA": 1229000.0,
        "Total Unusual Items": 377000.0,
        "Total Unusual Items Excluding Goodwill": 377000.0,
        "Net Income From Continuing Operation Net Minority Interest": 1405000.0,
        "Reconciled Depreciation": 180000.0,
        "Reconciled Cost Of Revenue": 9173000.0,
        "EBITDA": 1606000.0,
        "EBIT": 1606000.0,
        "Net Interest Income": -89000.0,
        "Interest Expense": 115000.0,
        "Interest Income": 26000.0,
        "Normalized Income": 1049745.137492,
        "Net Income From Continuing And Discontinued Operation": 1405000.0,
        "Total Expenses": 11412000.0,
        "Total Operating Income As Reported": 1182000.0,
        "Diluted Average Shares": 3731380.0,
        "Basic Average Shares": 3608576.0,
        "Diluted EPS": 0.38,
        "Basic EPS": 0.39,
        "Diluted NI Availto Com Stockholders": 1405000.0,
        "Net Income Common Stockholders": 1405000.0,
        "Net Income": 1405000.0,
        "Net Income Including Noncontrolling Interests": 1405000.0,
        "Net Income Continuous Operations": 1405000.0,
        "Tax Provision": 86000.0,
        "Pretax Income": 1491000.0,
        "Other Income Expense": 377000.0,
        "Special Income Charges": -21000.0,
        "Gain On Sale Of Ppe": -21000.0,
        "Gain On Sale Of Security": 398000.0,
        "Net Non Operating Interest Income Expense": -89000.0,
        "Interest Expense Non Operating": 115000.0,
        "Interest Income Non Operating": 26000.0,
        "Operating Income": 1203000.0,
        "Operating Expense": 2239000.0,
        "Research And Development": 726000.0,
        "Selling General And Administration": 1513000.0,
        "Selling And Marketing Expense": 12000.0,
        "General And Administrative Expense": 1501000.0,
        "Other Gand A": 1501000.0,
        "Gross Profit": 3442000.0,
        "Cost Of Revenue": 9173000.0,
        "Total Revenue": 12615000.0,
        "Operating Revenue": 12615000.0
    },
    "2022-03-31": {
        "Diluted EPS": 0.12,
        "Total Revenue": 9,
        "Gross Profit": 3,
        "Operating Income": 1,
        "EBIT": 1,
        "Net Income": 0
    },
    "2021-12-31": {
        "Diluted EPS": 0.25,
        "Total Revenue": 10,
        "Gross Profit": 3,
        "Operating Income": 2,
        "EBIT": 2,
        "Net Income": 1
    },
    "2021-09-30": {
        "Diluted EPS": 0.28,
        "Total Revenue": 10,
        "Gross Profit": 3,
        "Operating Income": 1,
        "EBIT": 2,
        "Net Income": 1
    },
    "2021-06-30": {
        "Diluted EPS": 0.21,
        "Total Revenue": 9,
        "Gross Profit": 3,
        "Operating Income": 1,
        "EBIT": 1,
        "Net Income": 1
    },
    "2021-03-31": {
        "Diluted EPS": 0.54,
        "Total Revenue": 12,
        "Gross Profit": 4,
        "Operating Income": 2,
        "EBIT": 2,
        "Net Income": 2
    },
    "2020-12-31": {
        "Diluted EPS": 0.44,
        "Total Revenue": 8,
        "Gross Profit": 3,
        "Operating Income": 1,
        "EBIT": 1,
        "Net Income": 2
    },
    "2020-09-30": {
        "Diluted EPS": 0.29,
        "Total Revenue": 9,
        "Gross Profit": 3,
        "Operating Income": 2,
        "EBIT": 2,
        "Net Income": 1
    },
    "2020-06-30": {
        "Diluted EPS": 0.62,
        "Total Revenue": 11,
        "Gross Profit": 4,
        "Operating Income": 2,
        "EBIT": 2,
        "Net Income": 3
    },
    "2020-03-31": {
        "Diluted EPS": 0.3,
        "Total Revenue": 9,
        "Gross Profit": 3,
        "Operating Income": 2,
        "EBIT": 2,
        "Net Income": 1
    },
    "2019-12-31": {
        "Diluted EPS": 0.31,
        "Total Revenue": 8,
        "Gross Profit": 3,
        "Operating Income": 2,
        "EBIT": 2,
        "Net Income": 1
    },
    "2019-09-30": {
        "Diluted EPS": 0.27,
        "Total Revenue": 7,
        "Gross Profit": 3,
        "Operating Income": 1,
        "EBIT": 2,
        "Net Income": 1
    },
    "2019-06-30": {
        "Diluted EPS": 0.21,
        "Total Revenue": 7,
        "Gross Profit": 3,
        "Operating Income": 1,
        "EBIT": 1,
        "Net Income": 1
    },
    "2019-03-31": {
        "Diluted EPS": 0.17,
        "Total Revenue": 7,
        "Gross Profit": 2,
        "Operating Income": 1,
        "EBIT": 1,
        "Net Income": 1
    },
    "2018-12-31": {
        "Diluted EPS": 0.28,
        "Total Revenue": 6,
        "Gross Profit": 2,
        "Operating Income": 1,
        "EBIT": 1,
        "Net Income": 1
    },
    "2018-09-30": {
        "Diluted EPS": 0.31,
        "Total Revenue": 7,
        "Gross Profit": 3,
        "Operating Income": 2,
        "EBIT": 2,
        "Net Income": 1
    },
    "2018-06-30": {
        "Diluted EPS": 0.03,
        "Total Revenue": 6,
        "Gross Profit": 2,
        "Operating Income": 1,
        "EBIT": 1,
        "Net Income": 0
    },
    "2018-03-31": {
        "Diluted EPS": 0.11,
        "Total Revenue": 5,
        "Gross Profit": 2,
        "Operating Income": 1,
        "EBIT": 1,
        "Net Income": 0
    },
    "2017-12-31": {
        "Diluted EPS": 0.08,
        "Total Revenue": 6,
        "Gross Profit": 2,
        "Operating Income": 0,
        "EBIT": 1,
        "Net Income": 0
    },
    "2017-09-30": {
        "Diluted EPS": 0.15,
        "Total Revenue": 5,
        "Gross Profit": 2,
        "Operating Income": 1,
        "EBIT": 1,
        "Net Income": 1
    },
    "2017-06-30": {
        "Diluted EPS": 0.18,
        "Total Revenue": 6,
        "Gross Profit": 2,
        "Operating Income": 1,
        "EBIT": 1,
        "Net Income": 1
    },
    "2017-03-31": {
        "Diluted EPS": 0.22,
        "Total Revenue": 7,
        "Gross Profit": 2,
        "Operating Income": 1,
        "EBIT": 1,
        "Net Income": 1
    },
    "2016-12-31": {
        "Diluted EPS": 0.78,
        "Total Revenue": 5,
        "Gross Profit": 1,
        "Operating Income": 0,
        "EBIT": 0,
        "Net Income": 3
    },
    "2016-09-30": {
        "Diluted EPS": 0.07,
        "Total Revenue": 5,
        "Gross Profit": 1,
        "Operating Income": 0,
        "EBIT": 1,
        "Net Income": 0
    },
    "2016-06-30": {
        "Diluted EPS": 0.05,
        "Total Revenue": 5,
        "Gross Profit": 1,
        "Operating Income": 0,
        "EBIT": 0,
        "Net Income": 0
    },
    "2016-03-31": {
        "Diluted EPS": 0.09,
        "Total Revenue": 5,
        "Gross Profit": 1,
        "Operating Income": 0,
        "EBIT": 1,
        "Net Income": 0
    },
    "2015-12-31": {
        "Diluted EPS": 0.09,
        "Total Revenue": 5,
        "Gross Profit": 1,
        "Operating Income": 0,
        "EBIT": 1,
        "Net Income": 0
    },
    "2015-09-30": {
        "Diluted EPS": -0.03,
        "Total Revenue": 4,
        "Gross Profit": 1,
        "Operating Income": 0,
        "EBIT": 0,
        "Net Income": 0
    },
    "2015-06-30": {
        "Diluted EPS": 0.02,
        "Total Revenue": 4,
        "Gross Profit": 1,
        "Operating Income": 0,
        "EBIT": 0,
        "Net Income": 0
    },
    "2015-03-31": {
        "Diluted EPS": -0.02,
        "Total Revenue": 4,
        "Gross Profit": 1,
        "Operating Income": 0,
        "EBIT": 0,
        "Net Income": 0
    },
    "2014-12-31": {
        "Diluted EPS": -0.05,
        "Total Revenue": 3,
        "Gross Profit": 1,
        "Operating Income": 0,
        "EBIT": 0,
        "Net Income": 0
    },
    "2014-09-30": {
        "Diluted EPS": -0.04,
        "Total Revenue": 3,
        "Gross Profit": 1,
        "Operating Income": 0,
        "EBIT": 0,
        "Net Income": 0
    },
    "2014-06-30": {
        "Diluted EPS": 0.02,
        "Total Revenue": 3,
        "Gross Profit": 1,
        "Operating Income": 0,
        "EBIT": 0,
        "Net Income": 0
    },
    "2014-03-31": {
        "Diluted EPS": -0.12,
        "Total Revenue": 2,
        "Gross Profit": 1,
        "Operating Income": 0,
        "EBIT": 0,
        "Net Income": 0
    },
    "2013-12-31": {
        "Diluted EPS": -0.1,
        "Total Revenue": 3,
        "Gross Profit": 1,
        "Operating Income": 0,
        "EBIT": 0,
        "Net Income": 0
    },
    "2013-09-30": {
        "Diluted EPS": 0.06,
        "Total Revenue": 3,
        "Gross Profit": 1,
        "Operating Income": 0,
        "EBIT": 0,
        "Net Income": 0
    },
    "2013-06-30": {
        "Diluted EPS": -0.2,
        "Total Revenue": 3,
        "Gross Profit": 1,
        "Operating Income": -1,
        "EBIT": -1,
        "Net Income": -1
    },
    "2013-03-31": {
        "Diluted EPS": -0.22,
        "Total Revenue": 3,
        "Gross Profit": 1,
        "Operating Income": -1,
        "EBIT": -1,
        "Net Income": -1
    },
    "2012-12-31": {
        "Diluted EPS": -0.11,
        "Total Revenue": 3,
        "Gross Profit": 1,
        "Operating Income": 0,
        "EBIT": 0,
        "Net Income": 0
    },
    "2012-09-30": {
        "Diluted EPS": -0.01,
        "Total Revenue": 3,
        "Gross Profit": 1,
        "Operating Income": 0,
        "EBIT": 0,
        "Net Income": 0
    },
    "2012-06-30": {
        "Diluted EPS": -0.17,
        "Total Revenue": 4,
        "Gross Profit": 1,
        "Operating Income": -1,
        "EBIT": -1,
        "Net Income": -1
    },
    "2012-03-31": {
        "Diluted EPS": -0.15,
        "Total Revenue": 5,
        "Gross Profit": 1,
        "Operating Income": -1,
        "EBIT": -1,
        "Net Income": 0
    },
    "2011-12-31": {
        "Diluted EPS": -0.09,
        "Total Revenue": 4,
        "Gross Profit": 1,
        "Operating Income": 0,
        "EBIT": 0,
        "Net Income": 0
    },
    "2011-09-30": {
        "Diluted EPS": 0.14,
        "Total Revenue": 5,
        "Gross Profit": 2,
        "Operating Income": 0,
        "EBIT": 1,
        "Net Income": 0
    },
    "2011-06-30": {
        "Diluted EPS": 0.32,
        "Total Revenue": 5,
        "Gross Profit": 3,
        "Operating Income": 1,
        "EBIT": 1,
        "Net Income": 1
    },
    "2011-03-31": {
        "Diluted EPS": 0.26,
        "Total Revenue": 7,
        "Gross Profit": 3,
        "Operating Income": 1,
        "EBIT": 1,
        "Net Income": 1
    },
    "2010-12-31": {
        "Diluted EPS": 0.12,
        "Total Revenue": 6,
        "Gross Profit": 2,
        "Operating Income": 1,
        "EBIT": 1,
        "Net Income": 0
    },
    "2010-09-30": {
        "Diluted EPS": 0.1,
        "Total Revenue": 6,
        "Gross Profit": 2,
        "Operating Income": 0,
        "EBIT": 1,
        "Net Income": 0
    },
    "2010-06-30": {
        "Diluted EPS": -1.21,
        "Total Revenue": 6,
        "Gross Profit": 2,
        "Operating Income": -4,
        "EBIT": 0,
        "Net Income": -4
    },
    "2010-03-31": {
        "Diluted EPS": 0.05,
        "Total Revenue": 6,
        "Gross Profit": 2,
        "Operating Income": 0,
        "EBIT": 1,
        "Net Income": 0
    },
    "2009-12-31": {
        "Diluted EPS": 0.18,
        "Total Revenue": 6,
        "Gross Profit": 2,
        "Operating Income": 0,
        "EBIT": 0,
        "Net Income": 1
    },
    "2009-09-30": {
        "Diluted EPS": 0.06,
        "Total Revenue": 6,
        "Gross Profit": 2,
        "Operating Income": 0,
        "EBIT": 0,
        "Net Income": 0
    },
    "2009-06-30": {
        "Diluted EPS": 0.05,
        "Total Revenue": 6,
        "Gross Profit": 2,
        "Operating Income": 0,
        "EBIT": 0,
        "Net Income": 0
    },
    "2009-03-31": {
        "Diluted EPS": -0.93,
        "Total Revenue": 5,
        "Gross Profit": 1,
        "Operating Income": -2,
        "EBIT": 0,
        "Net Income": -3
    },
    "2023-06-30": {
        "Tax Effect Of Unusual Items": NaN,
        "Tax Rate For Calcs": NaN,
        "Normalized EBITDA": NaN,
        "Total Unusual Items": NaN,
        "Total Unusual Items Excluding Goodwill": NaN,
        "Net Income From Continuing Operation Net Minority Interest": NaN,
        "Reconciled Depreciation": NaN,
        "Reconciled Cost Of Revenue": NaN,
        "EBITDA": NaN,
        "EBIT": NaN,
        "Net Interest Income": NaN,
        "Interest Expense": NaN,
        "Interest Income": NaN,
        "Normalized Income": NaN,
        "Net Income From Continuing And Discontinued Operation": NaN,
        "Total Expenses": NaN,
        "Total Operating Income As Reported": NaN,
        "Diluted Average Shares": NaN,
        "Basic Average Shares": NaN,
        "Diluted EPS": NaN,
        "Basic EPS": NaN,
        "Diluted NI Availto Com Stockholders": NaN,
        "Net Income Common Stockholders": NaN,
        "Net Income": NaN,
        "Net Income Including Noncontrolling Interests": NaN,
        "Net Income Continuous Operations": NaN,
        "Tax Provision": NaN,
        "Pretax Income": NaN,
        "Other Income Expense": NaN,
        "Special Income Charges": 0.0,
        "Gain On Sale Of Ppe": 0.0,
        "Gain On Sale Of Security": NaN,
        "Net Non Operating Interest Income Expense": NaN,
        "Interest Expense Non Operating": NaN,
        "Interest Income Non Operating": NaN,
        "Operating Income": NaN,
        "Operating Expense": NaN,
        "Research And Development": NaN,
        "Selling General And Administration": NaN,
        "Selling And Marketing Expense": NaN,
        "General And Administrative Expense": NaN,
        "Other Gand A": NaN,
        "Gross Profit": NaN,
        "Cost Of Revenue": NaN,
        "Total Revenue": NaN,
        "Operating Revenue": NaN
    },
    "2023-09-30": {
        "Tax Effect Of Unusual Items": NaN,
        "Tax Rate For Calcs": NaN,
        "Normalized EBITDA": NaN,
        "Total Unusual Items": NaN,
        "Total Unusual Items Excluding Goodwill": NaN,
        "Net Income From Continuing Operation Net Minority Interest": NaN,
        "Reconciled Depreciation": NaN,
        "Reconciled Cost Of Revenue": NaN,
        "EBITDA": NaN,
        "EBIT": NaN,
        "Net Interest Income": NaN,
        "Interest Expense": NaN,
        "Interest Income": NaN,
        "Normalized Income": NaN,
        "Net Income From Continuing And Discontinued Operation": NaN,
        "Total Expenses": NaN,
        "Total Operating Income As Reported": NaN,
        "Diluted Average Shares": 3546737.0,
        "Basic Average Shares": 3546737.0,
        "Diluted EPS": -0.17,
        "Basic EPS": -0.17,
        "Diluted NI Availto Com Stockholders": NaN,
        "Net Income Common Stockholders": NaN,
        "Net Income": NaN,
        "Net Income Including Noncontrolling Interests": NaN,
        "Net Income Continuous Operations": NaN,
        "Tax Provision": NaN,
        "Pretax Income": NaN,
        "Other Income Expense": NaN,
        "Gain On Sale Of Security": NaN,
        "Net Non Operating Interest Income Expense": NaN,
        "Interest Expense Non Operating": NaN,
        "Interest Income Non Operating": NaN,
        "Operating Income": NaN,
        "Operating Expense": NaN,
        "Research And Development": NaN,
        "Selling General And Administration": NaN,
        "Selling And Marketing Expense": NaN,
        "General And Administrative Expense": NaN,
        "Other Gand A": NaN,
        "Gross Profit": NaN,
        "Cost Of Revenue": NaN,
        "Total Revenue": NaN,
        "Operating Revenue": NaN
    },
    "2023-12-31": {
        "Tax Effect Of Unusual Items": NaN,
        "Tax Rate For Calcs": NaN,
        "Normalized EBITDA": NaN,
        "Total Unusual Items": NaN,
        "Total Unusual Items Excluding Goodwill": NaN,
        "Net Income From Continuing Operation Net Minority Interest": NaN,
        "Reconciled Depreciation": NaN,
        "Reconciled Cost Of Revenue": NaN,
        "EBITDA": NaN,
        "EBIT": NaN,
        "Net Interest Income": NaN,
        "Interest Expense": NaN,
        "Interest Income": NaN,
        "Normalized Income": NaN,
        "Net Income From Continuing And Discontinued Operation": NaN,
        "Total Expenses": NaN,
        "Total Operating Income As Reported": NaN,
        "Diluted Average Shares": 3611701.0,
        "Basic Average Shares": 3546901.0,
        "Diluted EPS": 0.14,
        "Basic EPS": 0.14,
        "Diluted NI Availto Com Stockholders": NaN,
        "Net Income Common Stockholders": NaN,
        "Net Income": NaN,
        "Net Income Including Noncontrolling Interests": NaN,
        "Net Income Continuous Operations": NaN,
        "Tax Provision": NaN,
        "Pretax Income": NaN,
        "Other Income Expense": NaN,
        "Gain On Sale Of Security": NaN,
        "Net Non Operating Interest Income Expense": NaN,
        "Interest Expense Non Operating": NaN,
        "Interest Income Non Operating": NaN,
        "Operating Income": NaN,
        "Operating Expense": NaN,
        "Research And Development": NaN,
        "Selling General And Administration": NaN,
        "Selling And Marketing Expense": NaN,
        "General And Administrative Expense": NaN,
        "Other Gand A": NaN,
        "Gross Profit": NaN,
        "Cost Of Revenue": NaN,
        "Total Revenue": NaN,
        "Operating Revenue": NaN
    },
    "2024-03-31": {
        "Tax Effect Of Unusual Items": NaN,
        "Tax Rate For Calcs": NaN,
        "Normalized EBITDA": NaN,
        "Total Unusual Items": NaN,
        "Total Unusual Items Excluding Goodwill": NaN,
        "Net Income From Continuing Operation Net Minority Interest": NaN,
        "Reconciled Depreciation": NaN,
        "Reconciled Cost Of Revenue": NaN,
        "EBITDA": NaN,
        "EBIT": NaN,
        "Net Interest Income": NaN,
        "Interest Expense": NaN,
        "Interest Income": NaN,
        "Normalized Income": NaN,
        "Net Income From Continuing And Discontinued Operation": NaN,
        "Total Expenses": NaN,
        "Total Operating Income As Reported": NaN,
        "Diluted Average Shares": 3523823.0,
        "Basic Average Shares": 3451423.0,
        "Diluted EPS": 0.19,
        "Basic EPS": 0.19,
        "Diluted NI Availto Com Stockholders": NaN,
        "Net Income Common Stockholders": NaN,
        "Net Income": NaN,
        "Net Income Including Noncontrolling Interests": NaN,
        "Net Income Continuous Operations": NaN,
        "Tax Provision": NaN,
        "Pretax Income": NaN,
        "Other Income Expense": NaN,
        "Gain On Sale Of Security": NaN,
        "Net Non Operating Interest Income Expense": NaN,
        "Interest Expense Non Operating": NaN,
        "Interest Income Non Operating": NaN,
        "Operating Income": NaN,
        "Operating Expense": NaN,
        "Research And Development": NaN,
        "Selling General And Administration": NaN,
        "Selling And Marketing Expense": NaN,
        "General And Administrative Expense": NaN,
        "Other Gand A": NaN,
        "Gross Profit": NaN,
        "Cost Of Revenue": NaN,
        "Total Revenue": NaN,
        "Operating Revenue": NaN
    },
    "2024-06-30": {
        "Tax Effect Of Unusual Items": -60424.870466,
        "Tax Rate For Calcs": 0.17772,
        "Normalized EBITDA": 2725000.0,
        "Total Unusual Items": -340000.0,
        "Total Unusual Items Excluding Goodwill": -340000.0,
        "Net Income From Continuing Operation Net Minority Interest": 1587000.0,
        "Reconciled Depreciation": 306000.0,
        "Reconciled Cost Of Revenue": 10936000.0,
        "EBITDA": 2385000.0,
        "EBIT": 2079000.0,
        "Net Interest Income": -81000.0,
        "Interest Expense": 149000.0,
        "Interest Income": 68000.0,
        "Normalized Income": 1866575.129534,
        "Net Income From Continuing And Discontinued Operation": 1587000.0,
        "Total Expenses": 12674000.0,
        "Total Operating Income As Reported": 2351000.0,
        "Diluted Average Shares": NaN,
        "Basic Average Shares": NaN,
        "Diluted EPS": NaN,
        "Basic EPS": NaN,
        "Diluted NI Availto Com Stockholders": 1587000.0,
        "Net Income Common Stockholders": 1587000.0,
        "Net Income": 1587000.0,
        "Net Income Including Noncontrolling Interests": 1587000.0,
        "Net Income Continuous Operations": 1587000.0,
        "Tax Provision": 343000.0,
        "Pretax Income": 1930000.0,
        "Other Income Expense": -340000.0,
        "Gain On Sale Of Security": -340000.0,
        "Net Non Operating Interest Income Expense": -81000.0,
        "Interest Expense Non Operating": 149000.0,
        "Interest Income Non Operating": 68000.0,
        "Operating Income": 2351000.0,
        "Operating Expense": 1738000.0,
        "Research And Development": 836000.0,
        "Selling General And Administration": 902000.0,
        "Selling And Marketing Expense": 38000.0,
        "General And Administrative Expense": 864000.0,
        "Other Gand A": 864000.0,
        "Gross Profit": 4089000.0,
        "Cost Of Revenue": 10936000.0,
        "Total Revenue": 15025000.0,
        "Operating Revenue": 16417000.0
    },
    "2024-09-30": {
        "Tax Effect Of Unusual Items": 111283.217837,
        "Tax Rate For Calcs": 0.257005,
        "Normalized EBITDA": 3340000.0,
        "Total Unusual Items": 433000.0,
        "Total Unusual Items Excluding Goodwill": 433000.0,
        "Net Income From Continuing Operation Net Minority Interest": 2466000.0,
        "Reconciled Depreciation": 302000.0,
        "Reconciled Cost Of Revenue": 9742000.0,
        "EBITDA": 3773000.0,
        "EBIT": 3471000.0,
        "Net Interest Income": -127000.0,
        "Interest Expense": 152000.0,
        "Interest Income": 25000.0,
        "Normalized Income": 2144283.217837,
        "Net Income From Continuing And Discontinued Operation": 2466000.0,
        "Total Expenses": 11879000.0,
        "Total Operating Income As Reported": 3013000.0,
        "Diluted Average Shares": 3292142.0,
        "Basic Average Shares": 3259742.0,
        "Diluted EPS": 0.75,
        "Basic EPS": 0.76,
        "Diluted NI Availto Com Stockholders": 2466000.0,
        "Net Income Common Stockholders": 2466000.0,
        "Net Income": 2466000.0,
        "Net Income Including Noncontrolling Interests": 2466000.0,
        "Net Income Continuous Operations": 2466000.0,
        "Tax Provision": 853000.0,
        "Pretax Income": 3319000.0,
        "Other Income Expense": 433000.0,
        "Gain On Sale Of Security": 433000.0,
        "Net Non Operating Interest Income Expense": -127000.0,
        "Interest Expense Non Operating": 152000.0,
        "Interest Income Non Operating": 25000.0,
        "Operating Income": 3013000.0,
        "Operating Expense": 2137000.0,
        "Research And Development": 843000.0,
        "Selling General And Administration": 1294000.0,
        "Selling And Marketing Expense": 48000.0,
        "General And Administrative Expense": 1246000.0,
        "Other Gand A": 1246000.0,
        "Gross Profit": 5150000.0,
        "Cost Of Revenue": 9742000.0,
        "Total Revenue": 14892000.0,
        "Operating Revenue": 15239000.0
    },
    "2024-12-31": {
        "Tax Effect Of Unusual Items": 16170.0,
        "Tax Rate For Calcs": 0.21,
        "Normalized EBITDA": 3026000.0,
        "Total Unusual Items": 77000.0,
        "Total Unusual Items Excluding Goodwill": 77000.0,
        "Net Income From Continuing Operation Net Minority Interest": 2040000.0,
        "Reconciled Depreciation": 313000.0,
        "Reconciled Cost Of Revenue": 11721000.0,
        "EBITDA": 3103000.0,
        "EBIT": 2790000.0,
        "Net Interest Income": -183000.0,
        "Interest Expense": 204000.0,
        "Interest Income": 21000.0,
        "Normalized Income": 1979170.0,
        "Net Income From Continuing And Discontinued Operation": 2040000.0,
        "Total Expenses": 14101000.0,
        "Total Operating Income As Reported": 2692000.0,
        "Diluted Average Shares": 3337337.0,
        "Basic Average Shares": 3261145.0,
        "Diluted EPS": 0.61,
        "Basic EPS": 0.63,
        "Diluted NI Availto Com Stockholders": 2040000.0,
        "Net Income Common Stockholders": 2040000.0,
        "Net Income": 2040000.0,
        "Net Income Including Noncontrolling Interests": 2040000.0,
        "Net Income Continuous Operations": 2040000.0,
        "Tax Provision": 546000.0,
        "Pretax Income": 2586000.0,
        "Other Income Expense": 77000.0,
        "Gain On Sale Of Security": 77000.0,
        "Net Non Operating Interest Income Expense": -183000.0,
        "Interest Expense Non Operating": 204000.0,
        "Interest Income Non Operating": 21000.0,
        "Operating Income": 2692000.0,
        "Operating Expense": 2380000.0,
        "Research And Development": 942000.0,
        "Selling General And Administration": 1438000.0,
        "Selling And Marketing Expense": 49000.0,
        "General And Administrative Expense": 1389000.0,
        "Other Gand A": 1389000.0,
        "Gross Profit": 5072000.0,
        "Cost Of Revenue": 11721000.0,
        "Total Revenue": 16793000.0,
        "Operating Revenue": 17332000.0
    },
    "2025-03-31": {
        "Tax Effect Of Unusual Items": 320600.0,
        "Tax Rate For Calcs": 0.28,
        "Normalized EBITDA": 3965000.0,
        "Total Unusual Items": 1145000.0,
        "Total Unusual Items Excluding Goodwill": 1145000.0,
        "Net Income From Continuing Operation Net Minority Interest": 3275000.0,
        "Reconciled Depreciation": 310000.0,
        "Reconciled Cost Of Revenue": 11616000.0,
        "EBITDA": 5110000.0,
        "EBIT": 4800000.0,
        "Net Interest Income": -231000.0,
        "Interest Expense": 246000.0,
        "Interest Income": 15000.0,
        "Normalized Income": 2450600.0,
        "Net Income From Continuing And Discontinued Operation": 3275000.0,
        "Total Expenses": 13774000.0,
        "Total Operating Income As Reported": 3640000.0,
        "Diluted Average Shares": 3337312.0,
        "Basic Average Shares": 3261043.0,
        "Diluted EPS": 0.98,
        "Basic EPS": 0.98,
        "Diluted NI Availto Com Stockholders": 3275000.0,
        "Net Income Common Stockholders": 3275000.0,
        "Net Income": 3275000.0,
        "Net Income Including Noncontrolling Interests": 3275000.0,
        "Net Income Continuous Operations": 3275000.0,
        "Tax Provision": 1279000.0,
        "Pretax Income": 4554000.0,
        "Other Income Expense": 1145000.0,
        "Gain On Sale Of Security": 1145000.0,
        "Net Non Operating Interest Income Expense": -231000.0,
        "Interest Expense Non Operating": 246000.0,
        "Interest Income Non Operating": 15000.0,
        "Operating Income": 3640000.0,
        "Operating Expense": 2158000.0,
        "Research And Development": 947000.0,
        "Selling General And Administration": 1211000.0,
        "Selling And Marketing Expense": 113000.0,
        "General And Administrative Expense": 1098000.0,
        "Other Gand A": 1098000.0,
        "Gross Profit": 5798000.0,
        "Cost Of Revenue": 11616000.0,
        "Total Revenue": 17414000.0,
        "Operating Revenue": 17508000.0
    },
    "2025-06-30": {
        "Tax Effect Of Unusual Items": 115898.686679,
        "Tax Rate For Calcs": 0.251407,
        "Normalized EBITDA": 1679000.0,
        "Total Unusual Items": 461000.0,
        "Total Unusual Items Excluding Goodwill": 461000.0,
        "Net Income From Continuing Operation Net Minority Interest": 1197000.0,
        "Reconciled Depreciation": 314000.0,
        "Reconciled Cost Of Revenue": 14003000.0,
        "EBITDA": 2140000.0,
        "EBIT": 1826000.0,
        "Net Interest Income": -206000.0,
        "Interest Expense": 227000.0,
        "Interest Income": 21000.0,
        "Normalized Income": 851898.686679,
        "Net Income From Continuing And Discontinued Operation": 1197000.0,
        "Total Expenses": 16150000.0,
        "Total Operating Income As Reported": 1344000.0,
        "Diluted Average Shares": 3350449.0,
        "Basic Average Shares": 3261043.0,
        "Diluted EPS": 0.36,
        "Basic EPS": 0.37,
        "Diluted NI Availto Com Stockholders": 1197000.0,
        "Net Income Common Stockholders": 1197000.0,
        "Net Income": 1197000.0,
        "Net Income Including Noncontrolling Interests": 1197000.0,
        "Net Income Continuous Operations": 1197000.0,
        "Tax Provision": 402000.0,
        "Pretax Income": 1599000.0,
        "Other Income Expense": 461000.0,
        "Gain On Sale Of Security": 461000.0,
        "Net Non Operating Interest Income Expense": -206000.0,
        "Interest Expense Non Operating": 227000.0,
        "Interest Income Non Operating": 21000.0,
        "Operating Income": 1344000.0,
        "Operating Expense": 2147000.0,
        "Research And Development": 905000.0,
        "Selling General And Administration": 1242000.0,
        "Selling And Marketing Expense": 133000.0,
        "General And Administrative Expense": 1109000.0,
        "Other Gand A": 1109000.0,
        "Gross Profit": 3491000.0,
        "Cost Of Revenue": 14003000.0,
        "Total Revenue": 17494000.0,
        "Operating Revenue": 17965000.0
    },
    "2025-09-30": {
        "Tax Effect Of Unusual Items": 817592.092575,
        "Tax Rate For Calcs": 0.24783,
        "Normalized EBITDA": 3434000.0,
        "Total Unusual Items": 3299000.0,
        "Total Unusual Items Excluding Goodwill": 3299000.0,
        "Net Income From Continuing Operation Net Minority Interest": 4680000.0,
        "Reconciled Depreciation": 311000.0,
        "Reconciled Cost Of Revenue": 13163000.0,
        "EBITDA": 6733000.0,
        "EBIT": 6422000.0,
        "Net Interest Income": -186000.0,
        "Interest Expense": 200000.0,
        "Interest Income": 14000.0,
        "Normalized Income": 2198592.092575,
        "Net Income From Continuing And Discontinued Operation": 4680000.0,
        "Total Expenses": 15421000.0,
        "Total Operating Income As Reported": 3109000.0,
        "Diluted Average Shares": 3338805.0,
        "Basic Average Shares": 3261753.0,
        "Diluted EPS": 1.4,
        "Basic EPS": 1.43,
        "Diluted NI Availto Com Stockholders": 4680000.0,
        "Net Income Common Stockholders": 4680000.0,
        "Net Income": 4680000.0,
        "Net Income Including Noncontrolling Interests": 4680000.0,
        "Net Income Continuous Operations": 4680000.0,
        "Tax Provision": 1542000.0,
        "Pretax Income": 6222000.0,
        "Other Income Expense": 3299000.0,
        "Gain On Sale Of Security": 3299000.0,
        "Net Non Operating Interest Income Expense": -186000.0,
        "Interest Expense Non Operating": 200000.0,
        "Interest Income Non Operating": 14000.0,
        "Operating Income": 3109000.0,
        "Operating Expense": 2258000.0,
        "Research And Development": 768000.0,
        "Selling General And Administration": 1490000.0,
        "Selling And Marketing Expense": 73000.0,
        "General And Administrative Expense": 1417000.0,
        "Other Gand A": 1417000.0,
        "Gross Profit": 5367000.0,
        "Cost Of Revenue": 13163000.0,
        "Total Revenue": 18530000.0,
        "Operating Revenue": 18860000.0
    }
}