{
    "2023-12-31": {
        "Tax Effect Of Unusual Items": -4526550.0,
        "Tax Rate For Calcs": 0.21,
        "Normalized EBITDA": 6775000.0,
        "Total Unusual Items": -21555000.0,
        "Total Unusual Items Excluding Goodwill": -21555000.0,
        "Net Income From Continuing Operation Net Minority Interest": -36476000.0,
        "Reconciled Depreciation": 657000.0,
        "Reconciled Cost Of Revenue": 797000.0,
        "EBITDA": -14780000.0,
        "EBIT": -15437000.0,
        "Net Interest Income": 515000.0,
        "Interest Income": 515000.0,
        "Normalized Income": -19447550.0,
        "Net Income From Continuing And Discontinued Operation": -36476000.0,
        "Total Expenses": 16183000.0,
        "Total Operating Income As Reported": -37055000.0,
        "Diluted Average Shares": NaN,
        "Basic Average Shares": NaN,
        "Diluted EPS": NaN,
        "Basic EPS": NaN,
        "Diluted NI Availto Com Stockholders": -36476000.0,
        "Net Income Common Stockholders": -36476000.0,
        "Net Income": -36476000.0,
        "Net Income Including Noncontrolling Interests": -36476000.0,
        "Net Income Continuous Operations": -36476000.0,
        "Tax Provision": 4000.0,
        "Pretax Income": -36472000.0,
        "Other Income Expense": -21550000.0,
        "Other Non Operating Income Expenses": 5000.0,
        "Special Income Charges": -21618000.0,
        "Write Off": -4982000.0,
        "Restructuring And Mergern Acquisition": NaN,
        "Gain On Sale Of Security": 63000.0,
        "Net Non Operating Interest Income Expense": 515000.0,
        "Interest Income Non Operating": 515000.0,
        "Operating Income": -15437000.0,
        "Operating Expense": 15093000.0,
        "Depreciation Amortization Depletion Income Statement": 364000.0,
        "Depreciation And Amortization In Income Statement": 364000.0,
        "Amortization": 364000.0,
        "Amortization Of Intangibles Income Statement": 364000.0,
        "Research And Development": 7892000.0,
        "Selling General And Administration": 6837000.0,
        "Selling And Marketing Expense": 927000.0,
        "General And Administrative Expense": 5910000.0,
        "Other Gand A": 5910000.0,
        "Gross Profit": -344000.0,
        "Cost Of Revenue": 1090000.0,
        "Total Revenue": 746000.0,
        "Operating Revenue": 746000.0
    },
    "2023-09-30": {
        "Tax Effect Of Unusual Items": NaN,
        "Tax Rate For Calcs": NaN,
        "Normalized EBITDA": NaN,
        "Total Unusual Items": NaN,
        "Total Unusual Items Excluding Goodwill": NaN,
        "Net Income From Continuing Operation Net Minority Interest": NaN,
        "Reconciled Depreciation": NaN,
        "Reconciled Cost Of Revenue": NaN,
        "EBITDA": NaN,
        "EBIT": NaN,
        "Net Interest Income": NaN,
        "Interest Income": NaN,
        "Normalized Income": NaN,
        "Net Income From Continuing And Discontinued Operation": NaN,
        "Total Expenses": NaN,
        "Total Operating Income As Reported": NaN,
        "Diluted Average Shares": 25706023.0,
        "Basic Average Shares": 25706023.0,
        "Diluted EPS": -1.13,
        "Basic EPS": -1.13,
        "Diluted NI Availto Com Stockholders": NaN,
        "Net Income Common Stockholders": NaN,
        "Net Income": NaN,
        "Net Income Including Noncontrolling Interests": NaN,
        "Net Income Continuous Operations": NaN,
        "Tax Provision": NaN,
        "Pretax Income": NaN,
        "Other Income Expense": NaN,
        "Other Non Operating Income Expenses": 871000.0,
        "Special Income Charges": NaN,
        "Write Off": 11222000.0,
        "Restructuring And Mergern Acquisition": 11222000.0,
        "Gain On Sale Of Security": NaN,
        "Net Non Operating Interest Income Expense": NaN,
        "Interest Income Non Operating": NaN,
        "Operating Income": NaN,
        "Operating Expense": NaN,
        "Depreciation Amortization Depletion Income Statement": NaN,
        "Depreciation And Amortization In Income Statement": NaN,
        "Amortization": NaN,
        "Amortization Of Intangibles Income Statement": NaN,
        "Research And Development": NaN,
        "Selling General And Administration": NaN,
        "Selling And Marketing Expense": NaN,
        "General And Administrative Expense": NaN,
        "Other Gand A": NaN,
        "Gross Profit": NaN,
        "Cost Of Revenue": NaN,
        "Total Revenue": NaN,
        "Operating Revenue": NaN
    },
    "2023-06-30": {
        "Tax Effect Of Unusual Items": NaN,
        "Tax Rate For Calcs": NaN,
        "Normalized EBITDA": NaN,
        "Total Unusual Items": NaN,
        "Total Unusual Items Excluding Goodwill": NaN,
        "Net Income From Continuing Operation Net Minority Interest": NaN,
        "Reconciled Depreciation": NaN,
        "Reconciled Cost Of Revenue": NaN,
        "EBITDA": NaN,
        "EBIT": NaN,
        "Net Interest Income": NaN,
        "Interest Income": NaN,
        "Normalized Income": NaN,
        "Net Income From Continuing And Discontinued Operation": NaN,
        "Total Expenses": NaN,
        "Total Operating Income As Reported": NaN,
        "Diluted Average Shares": 25512057.0,
        "Basic Average Shares": 25512057.0,
        "Diluted EPS": -1.12,
        "Basic EPS": -1.12,
        "Diluted NI Availto Com Stockholders": NaN,
        "Net Income Common Stockholders": NaN,
        "Net Income": NaN,
        "Net Income Including Noncontrolling Interests": NaN,
        "Net Income Continuous Operations": NaN,
        "Tax Provision": NaN,
        "Pretax Income": NaN,
        "Other Income Expense": NaN,
        "Other Non Operating Income Expenses": -11000.0,
        "Special Income Charges": NaN,
        "Write Off": NaN,
        "Restructuring And Mergern Acquisition": 5106000.0,
        "Gain On Sale Of Security": NaN,
        "Net Non Operating Interest Income Expense": NaN,
        "Interest Income Non Operating": NaN,
        "Operating Income": NaN,
        "Operating Expense": NaN,
        "Depreciation Amortization Depletion Income Statement": NaN,
        "Depreciation And Amortization In Income Statement": NaN,
        "Amortization": NaN,
        "Amortization Of Intangibles Income Statement": NaN,
        "Research And Development": NaN,
        "Selling General And Administration": NaN,
        "Selling And Marketing Expense": NaN,
        "General And Administrative Expense": NaN,
        "Other Gand A": NaN,
        "Gross Profit": NaN,
        "Cost Of Revenue": NaN,
        "Total Revenue": NaN,
        "Operating Revenue": NaN
    },
    "2023-03-31": {
        "Tax Effect Of Unusual Items": NaN,
        "Tax Rate For Calcs": NaN,
        "Normalized EBITDA": NaN,
        "Total Unusual Items": NaN,
        "Total Unusual Items Excluding Goodwill": NaN,
        "Net Income From Continuing Operation Net Minority Interest": NaN,
        "Reconciled Depreciation": NaN,
        "Reconciled Cost Of Revenue": NaN,
        "EBITDA": NaN,
        "EBIT": NaN,
        "Net Interest Income": NaN,
        "Interest Income": NaN,
        "Normalized Income": NaN,
        "Net Income From Continuing And Discontinued Operation": NaN,
        "Total Expenses": NaN,
        "Total Operating Income As Reported": NaN,
        "Diluted Average Shares": NaN,
        "Basic Average Shares": NaN,
        "Diluted EPS": NaN,
        "Basic EPS": NaN,
        "Diluted NI Availto Com Stockholders": NaN,
        "Net Income Common Stockholders": NaN,
        "Net Income": NaN,
        "Net Income Including Noncontrolling Interests": NaN,
        "Net Income Continuous Operations": NaN,
        "Tax Provision": NaN,
        "Pretax Income": NaN,
        "Other Income Expense": NaN,
        "Other Non Operating Income Expenses": 1049000.0,
        "Special Income Charges": NaN,
        "Write Off": NaN,
        "Restructuring And Mergern Acquisition": NaN,
        "Gain On Sale Of Security": NaN,
        "Net Non Operating Interest Income Expense": NaN,
        "Interest Income Non Operating": NaN,
        "Operating Income": NaN,
        "Operating Expense": NaN,
        "Depreciation Amortization Depletion Income Statement": NaN,
        "Depreciation And Amortization In Income Statement": NaN,
        "Amortization": NaN,
        "Amortization Of Intangibles Income Statement": NaN,
        "Research And Development": NaN,
        "Selling General And Administration": NaN,
        "Selling And Marketing Expense": NaN,
        "General And Administrative Expense": NaN,
        "Other Gand A": NaN,
        "Gross Profit": NaN,
        "Cost Of Revenue": NaN,
        "Total Revenue": NaN,
        "Operating Revenue": NaN
    },
    "2024-03-31": {
        "Tax Effect Of Unusual Items": 0.0,
        "Tax Rate For Calcs": 0.0,
        "Normalized EBITDA": -6738000.0,
        "Total Unusual Items": -331000.0,
        "Total Unusual Items Excluding Goodwill": -331000.0,
        "Net Income From Continuing Operation Net Minority Interest": -7229000.0,
        "Reconciled Depreciation": 201000.0,
        "Reconciled Cost Of Revenue": 1685000.0,
        "EBITDA": -7069000.0,
        "EBIT": -7270000.0,
        "Net Interest Income": 372000.0,
        "Interest Income": 372000.0,
        "Normalized Income": -6898000.0,
        "Net Income From Continuing And Discontinued Operation": -7229000.0,
        "Total Expenses": 10711000.0,
        "Total Operating Income As Reported": -7353000.0,
        "Diluted Average Shares": 25879043.0,
        "Basic Average Shares": 25879043.0,
        "Diluted EPS": -0.28,
        "Basic EPS": -0.28,
        "Diluted NI Availto Com Stockholders": -7229000.0,
        "Net Income Common Stockholders": -7229000.0,
        "Net Income": -7229000.0,
        "Net Income Including Noncontrolling Interests": -7229000.0,
        "Net Income Continuous Operations": -7229000.0,
        "Tax Provision": 0.0,
        "Pretax Income": -7229000.0,
        "Other Income Expense": -331000.0,
        "Other Non Operating Income Expenses": NaN,
        "Special Income Charges": -83000.0,
        "Write Off": 83000.0,
        "Restructuring And Mergern Acquisition": NaN,
        "Gain On Sale Of Security": -248000.0,
        "Net Non Operating Interest Income Expense": 372000.0,
        "Interest Income Non Operating": 372000.0,
        "Operating Income": -7270000.0,
        "Operating Expense": 8825000.0,
        "Depreciation Amortization Depletion Income Statement": 0.0,
        "Depreciation And Amortization In Income Statement": 0.0,
        "Amortization": 0.0,
        "Amortization Of Intangibles Income Statement": 0.0,
        "Research And Development": 2895000.0,
        "Selling General And Administration": 5930000.0,
        "Selling And Marketing Expense": 805000.0,
        "General And Administrative Expense": 5125000.0,
        "Other Gand A": 5125000.0,
        "Gross Profit": 1555000.0,
        "Cost Of Revenue": 1886000.0,
        "Total Revenue": 3441000.0,
        "Operating Revenue": 3441000.0
    },
    "2022-12-31": {
        "Tax Effect Of Unusual Items": NaN,
        "Tax Rate For Calcs": NaN,
        "Normalized EBITDA": NaN,
        "Total Unusual Items": NaN,
        "Total Unusual Items Excluding Goodwill": NaN,
        "Net Income From Continuing Operation Net Minority Interest": NaN,
        "Reconciled Depreciation": NaN,
        "Reconciled Cost Of Revenue": NaN,
        "EBITDA": NaN,
        "EBIT": NaN,
        "Net Interest Income": NaN,
        "Interest Income": NaN,
        "Normalized Income": NaN,
        "Net Income From Continuing And Discontinued Operation": NaN,
        "Total Expenses": NaN,
        "Total Operating Income As Reported": NaN,
        "Diluted Average Shares": NaN,
        "Basic Average Shares": NaN,
        "Diluted EPS": NaN,
        "Basic EPS": NaN,
        "Diluted NI Availto Com Stockholders": NaN,
        "Net Income Common Stockholders": NaN,
        "Net Income": NaN,
        "Net Income Including Noncontrolling Interests": NaN,
        "Net Income Continuous Operations": NaN,
        "Tax Provision": NaN,
        "Pretax Income": NaN,
        "Other Income Expense": NaN,
        "Other Non Operating Income Expenses": NaN,
        "Special Income Charges": NaN,
        "Write Off": NaN,
        "Restructuring And Mergern Acquisition": NaN,
        "Gain On Sale Of Security": NaN,
        "Net Non Operating Interest Income Expense": NaN,
        "Total Other Finance Cost": -866000.0,
        "Interest Income Non Operating": NaN,
        "Operating Income": NaN,
        "Operating Expense": NaN,
        "Depreciation Amortization Depletion Income Statement": NaN,
        "Depreciation And Amortization In Income Statement": NaN,
        "Amortization": NaN,
        "Amortization Of Intangibles Income Statement": NaN,
        "Research And Development": NaN,
        "Selling General And Administration": NaN,
        "Selling And Marketing Expense": NaN,
        "General And Administrative Expense": NaN,
        "Other Gand A": NaN,
        "Gross Profit": NaN,
        "Cost Of Revenue": NaN,
        "Total Revenue": NaN,
        "Operating Revenue": NaN
    },
    "2022-09-30": {
        "Tax Effect Of Unusual Items": NaN,
        "Tax Rate For Calcs": NaN,
        "Normalized EBITDA": NaN,
        "Total Unusual Items": NaN,
        "Total Unusual Items Excluding Goodwill": NaN,
        "Net Income From Continuing Operation Net Minority Interest": NaN,
        "Reconciled Depreciation": NaN,
        "Reconciled Cost Of Revenue": NaN,
        "EBITDA": NaN,
        "EBIT": NaN,
        "Net Interest Income": NaN,
        "Interest Income": NaN,
        "Normalized Income": NaN,
        "Net Income From Continuing And Discontinued Operation": NaN,
        "Total Expenses": NaN,
        "Total Operating Income As Reported": NaN,
        "Diluted Average Shares": NaN,
        "Basic Average Shares": NaN,
        "Diluted EPS": NaN,
        "Basic EPS": NaN,
        "Diluted NI Availto Com Stockholders": NaN,
        "Net Income Common Stockholders": NaN,
        "Net Income": NaN,
        "Net Income Including Noncontrolling Interests": NaN,
        "Net Income Continuous Operations": NaN,
        "Tax Provision": NaN,
        "Pretax Income": NaN,
        "Other Income Expense": NaN,
        "Other Non Operating Income Expenses": NaN,
        "Special Income Charges": NaN,
        "Write Off": NaN,
        "Restructuring And Mergern Acquisition": 0.0,
        "Gain On Sale Of Security": NaN,
        "Net Non Operating Interest Income Expense": NaN,
        "Total Other Finance Cost": -806000.0,
        "Interest Income Non Operating": NaN,
        "Operating Income": NaN,
        "Operating Expense": NaN,
        "Depreciation Amortization Depletion Income Statement": NaN,
        "Depreciation And Amortization In Income Statement": NaN,
        "Amortization": NaN,
        "Amortization Of Intangibles Income Statement": NaN,
        "Research And Development": NaN,
        "Selling General And Administration": NaN,
        "Selling And Marketing Expense": NaN,
        "General And Administrative Expense": NaN,
        "Other Gand A": NaN,
        "Gross Profit": NaN,
        "Cost Of Revenue": NaN,
        "Total Revenue": NaN,
        "Operating Revenue": NaN
    },
    "2024-06-30": {
        "Tax Effect Of Unusual Items": 0.0,
        "Tax Rate For Calcs": 0.0,
        "Normalized EBITDA": -5876000.0,
        "Total Unusual Items": 204000.0,
        "Total Unusual Items Excluding Goodwill": 204000.0,
        "Net Income From Continuing Operation Net Minority Interest": -5323000.0,
        "Reconciled Depreciation": 203000.0,
        "Reconciled Cost Of Revenue": 366000.0,
        "EBITDA": -5672000.0,
        "EBIT": -5875000.0,
        "Net Interest Income": 346000.0,
        "Interest Income": 346000.0,
        "Normalized Income": -5527000.0,
        "Net Income From Continuing And Discontinued Operation": -5323000.0,
        "Total Expenses": 8588000.0,
        "Total Operating Income As Reported": -5787000.0,
        "Diluted Average Shares": 26622924.0,
        "Basic Average Shares": 26622924.0,
        "Diluted EPS": -0.2,
        "Basic EPS": -0.2,
        "Diluted NI Availto Com Stockholders": -5323000.0,
        "Net Income Common Stockholders": -5323000.0,
        "Net Income": -5323000.0,
        "Net Income Including Noncontrolling Interests": -5323000.0,
        "Net Income Continuous Operations": -5323000.0,
        "Tax Provision": 0.0,
        "Pretax Income": -5323000.0,
        "Other Income Expense": 206000.0,
        "Other Non Operating Income Expenses": 2000.0,
        "Special Income Charges": 88000.0,
        "Write Off": -88000.0,
        "Restructuring And Mergern Acquisition": NaN,
        "Gain On Sale Of Security": 116000.0,
        "Net Non Operating Interest Income Expense": 346000.0,
        "Interest Income Non Operating": 346000.0,
        "Operating Income": -5875000.0,
        "Operating Expense": 8019000.0,
        "Depreciation Amortization Depletion Income Statement": 0.0,
        "Depreciation And Amortization In Income Statement": 0.0,
        "Amortization": 0.0,
        "Amortization Of Intangibles Income Statement": 0.0,
        "Research And Development": 2348000.0,
        "Selling General And Administration": 5671000.0,
        "Selling And Marketing Expense": 1380000.0,
        "General And Administrative Expense": 4291000.0,
        "Other Gand A": 4291000.0,
        "Gross Profit": 2144000.0,
        "Cost Of Revenue": 569000.0,
        "Total Revenue": 2713000.0,
        "Operating Revenue": 2713000.0
    },
    "2024-09-30": {
        "Tax Effect Of Unusual Items": 30240.0,
        "Tax Rate For Calcs": 0.21,
        "Normalized EBITDA": -7422000.0,
        "Total Unusual Items": 144000.0,
        "Total Unusual Items Excluding Goodwill": 144000.0,
        "Net Income From Continuing Operation Net Minority Interest": -7096000.0,
        "Reconciled Depreciation": 208000.0,
        "Reconciled Cost Of Revenue": 271000.0,
        "EBITDA": -7278000.0,
        "EBIT": -7486000.0,
        "Net Interest Income": 249000.0,
        "Interest Income": 249000.0,
        "Normalized Income": -7209760.0,
        "Net Income From Continuing And Discontinued Operation": -7096000.0,
        "Total Expenses": 8357000.0,
        "Total Operating Income As Reported": -7299000.0,
        "Diluted Average Shares": 26177413.0,
        "Basic Average Shares": 26177413.0,
        "Diluted EPS": -0.27,
        "Basic EPS": -0.27,
        "Diluted NI Availto Com Stockholders": -7096000.0,
        "Net Income Common Stockholders": -7096000.0,
        "Net Income": -7096000.0,
        "Net Income Including Noncontrolling Interests": -7096000.0,
        "Net Income Continuous Operations": -7096000.0,
        "Tax Provision": 3000.0,
        "Pretax Income": -7093000.0,
        "Other Income Expense": 144000.0,
        "Other Non Operating Income Expenses": NaN,
        "Special Income Charges": 187000.0,
        "Write Off": -187000.0,
        "Restructuring And Mergern Acquisition": NaN,
        "Gain On Sale Of Security": -43000.0,
        "Net Non Operating Interest Income Expense": 249000.0,
        "Interest Income Non Operating": 249000.0,
        "Operating Income": -7486000.0,
        "Operating Expense": 7878000.0,
        "Depreciation Amortization Depletion Income Statement": 0.0,
        "Depreciation And Amortization In Income Statement": 0.0,
        "Amortization": 0.0,
        "Amortization Of Intangibles Income Statement": 0.0,
        "Research And Development": 2582000.0,
        "Selling General And Administration": 5296000.0,
        "Selling And Marketing Expense": 1331000.0,
        "General And Administrative Expense": 3965000.0,
        "Other Gand A": 3965000.0,
        "Gross Profit": 392000.0,
        "Cost Of Revenue": 479000.0,
        "Total Revenue": 871000.0,
        "Operating Revenue": 871000.0
    },
    "2024-12-31": {
        "Tax Effect Of Unusual Items": -9819600.0,
        "Tax Rate For Calcs": 0.21,
        "Normalized EBITDA": 40489000.0,
        "Total Unusual Items": -46760000.0,
        "Total Unusual Items Excluding Goodwill": -46760000.0,
        "Net Income From Continuing Operation Net Minority Interest": -52969000.0,
        "Reconciled Depreciation": 213000.0,
        "Reconciled Cost Of Revenue": 341000.0,
        "EBITDA": -6271000.0,
        "EBIT": -6484000.0,
        "Net Interest Income": 277000.0,
        "Interest Income": 277000.0,
        "Normalized Income": -16028600.0,
        "Net Income From Continuing And Discontinued Operation": -52969000.0,
        "Total Expenses": 7245000.0,
        "Total Operating Income As Reported": -6484000.0,
        "Diluted Average Shares": NaN,
        "Basic Average Shares": NaN,
        "Diluted EPS": NaN,
        "Basic EPS": NaN,
        "Diluted NI Availto Com Stockholders": -52969000.0,
        "Net Income Common Stockholders": -52969000.0,
        "Net Income": -52969000.0,
        "Net Income Including Noncontrolling Interests": -52969000.0,
        "Net Income Continuous Operations": -52969000.0,
        "Tax Provision": 2000.0,
        "Pretax Income": -52967000.0,
        "Other Income Expense": -46760000.0,
        "Other Non Operating Income Expenses": 0.0,
        "Special Income Charges": 0.0,
        "Write Off": NaN,
        "Restructuring And Mergern Acquisition": NaN,
        "Gain On Sale Of Security": -46760000.0,
        "Net Non Operating Interest Income Expense": 277000.0,
        "Interest Income Non Operating": 277000.0,
        "Operating Income": -6484000.0,
        "Operating Expense": 6691000.0,
        "Depreciation Amortization Depletion Income Statement": 0.0,
        "Depreciation And Amortization In Income Statement": 0.0,
        "Amortization": 0.0,
        "Amortization Of Intangibles Income Statement": 0.0,
        "Research And Development": 2612000.0,
        "Selling General And Administration": 4079000.0,
        "Selling And Marketing Expense": 618000.0,
        "General And Administrative Expense": 3461000.0,
        "Other Gand A": 3461000.0,
        "Gross Profit": 207000.0,
        "Cost Of Revenue": 554000.0,
        "Total Revenue": 761000.0,
        "Operating Revenue": 761000.0
    }
}