{
    "2024-05-31": {
        "Tax Effect Of Unusual Items": NaN,
        "Tax Rate For Calcs": NaN,
        "Normalized EBITDA": NaN,
        "Total Unusual Items": NaN,
        "Total Unusual Items Excluding Goodwill": NaN,
        "Net Income From Continuing Operation Net Minority Interest": NaN,
        "Reconciled Depreciation": NaN,
        "Reconciled Cost Of Revenue": NaN,
        "EBITDA": NaN,
        "EBIT": NaN,
        "Net Interest Income": NaN,
        "Interest Expense": NaN,
        "Normalized Income": NaN,
        "Net Income From Continuing And Discontinued Operation": NaN,
        "Total Expenses": NaN,
        "Total Operating Income As Reported": NaN,
        "Diluted Average Shares": NaN,
        "Basic Average Shares": NaN,
        "Diluted EPS": NaN,
        "Basic EPS": NaN,
        "Diluted NI Availto Com Stockholders": NaN,
        "Net Income Common Stockholders": NaN,
        "Otherunder Preferred Stock Dividend": 0.0,
        "Preferred Stock Dividends": NaN,
        "Net Income": NaN,
        "Minority Interests": NaN,
        "Net Income Including Noncontrolling Interests": NaN,
        "Net Income Discontinuous Operations": NaN,
        "Net Income Continuous Operations": NaN,
        "Tax Provision": NaN,
        "Pretax Income": NaN,
        "Other Income Expense": NaN,
        "Other Non Operating Income Expenses": NaN,
        "Special Income Charges": NaN,
        "Gain On Sale Of Ppe": NaN,
        "Other Special Charges": 792000.0,
        "Impairment Of Capital Assets": 0.0,
        "Restructuring And Mergern Acquisition": 0.0,
        "Gain On Sale Of Security": -606000.0,
        "Net Non Operating Interest Income Expense": NaN,
        "Interest Expense Non Operating": NaN,
        "Operating Income": NaN,
        "Operating Expense": NaN,
        "Other Operating Expenses": 465000.0,
        "Research And Development": NaN,
        "Selling General And Administration": NaN,
        "Gross Profit": NaN,
        "Cost Of Revenue": NaN,
        "Total Revenue": NaN,
        "Operating Revenue": NaN
    },
    "2024-02-29": {
        "Tax Effect Of Unusual Items": NaN,
        "Tax Rate For Calcs": NaN,
        "Normalized EBITDA": NaN,
        "Total Unusual Items": NaN,
        "Total Unusual Items Excluding Goodwill": NaN,
        "Net Income From Continuing Operation Net Minority Interest": NaN,
        "Reconciled Depreciation": NaN,
        "Reconciled Cost Of Revenue": NaN,
        "EBITDA": NaN,
        "EBIT": NaN,
        "Net Interest Income": NaN,
        "Interest Expense": NaN,
        "Normalized Income": NaN,
        "Net Income From Continuing And Discontinued Operation": NaN,
        "Total Expenses": NaN,
        "Total Operating Income As Reported": NaN,
        "Diluted Average Shares": NaN,
        "Basic Average Shares": NaN,
        "Diluted EPS": NaN,
        "Basic EPS": NaN,
        "Diluted NI Availto Com Stockholders": NaN,
        "Net Income Common Stockholders": NaN,
        "Otherunder Preferred Stock Dividend": 0.0,
        "Preferred Stock Dividends": NaN,
        "Net Income": NaN,
        "Minority Interests": NaN,
        "Net Income Including Noncontrolling Interests": NaN,
        "Net Income Discontinuous Operations": NaN,
        "Net Income Continuous Operations": NaN,
        "Tax Provision": NaN,
        "Pretax Income": NaN,
        "Other Income Expense": NaN,
        "Other Non Operating Income Expenses": NaN,
        "Special Income Charges": NaN,
        "Gain On Sale Of Ppe": NaN,
        "Other Special Charges": 325000.0,
        "Impairment Of Capital Assets": NaN,
        "Restructuring And Mergern Acquisition": 0.0,
        "Gain On Sale Of Security": -182000.0,
        "Net Non Operating Interest Income Expense": NaN,
        "Interest Expense Non Operating": NaN,
        "Operating Income": NaN,
        "Operating Expense": NaN,
        "Other Operating Expenses": NaN,
        "Research And Development": NaN,
        "Selling General And Administration": NaN,
        "Gross Profit": NaN,
        "Cost Of Revenue": NaN,
        "Total Revenue": NaN,
        "Operating Revenue": NaN
    },
    "2023-11-30": {
        "Tax Effect Of Unusual Items": NaN,
        "Tax Rate For Calcs": NaN,
        "Normalized EBITDA": NaN,
        "Total Unusual Items": NaN,
        "Total Unusual Items Excluding Goodwill": NaN,
        "Net Income From Continuing Operation Net Minority Interest": NaN,
        "Reconciled Depreciation": NaN,
        "Reconciled Cost Of Revenue": NaN,
        "EBITDA": NaN,
        "EBIT": NaN,
        "Net Interest Income": NaN,
        "Interest Expense": NaN,
        "Normalized Income": NaN,
        "Net Income From Continuing And Discontinued Operation": NaN,
        "Total Expenses": NaN,
        "Total Operating Income As Reported": NaN,
        "Diluted Average Shares": NaN,
        "Basic Average Shares": NaN,
        "Diluted EPS": NaN,
        "Basic EPS": NaN,
        "Diluted NI Availto Com Stockholders": NaN,
        "Net Income Common Stockholders": NaN,
        "Otherunder Preferred Stock Dividend": NaN,
        "Preferred Stock Dividends": NaN,
        "Net Income": NaN,
        "Minority Interests": NaN,
        "Net Income Including Noncontrolling Interests": NaN,
        "Net Income Discontinuous Operations": NaN,
        "Net Income Continuous Operations": NaN,
        "Tax Provision": NaN,
        "Pretax Income": NaN,
        "Other Income Expense": NaN,
        "Other Non Operating Income Expenses": NaN,
        "Special Income Charges": NaN,
        "Gain On Sale Of Ppe": NaN,
        "Other Special Charges": NaN,
        "Impairment Of Capital Assets": NaN,
        "Restructuring And Mergern Acquisition": 2900000.0,
        "Gain On Sale Of Security": NaN,
        "Net Non Operating Interest Income Expense": NaN,
        "Interest Expense Non Operating": NaN,
        "Operating Income": NaN,
        "Operating Expense": NaN,
        "Other Operating Expenses": NaN,
        "Research And Development": NaN,
        "Selling General And Administration": NaN,
        "Gross Profit": NaN,
        "Cost Of Revenue": NaN,
        "Total Revenue": NaN,
        "Operating Revenue": NaN
    },
    "2023-08-31": {
        "Tax Effect Of Unusual Items": NaN,
        "Tax Rate For Calcs": NaN,
        "Normalized EBITDA": NaN,
        "Total Unusual Items": NaN,
        "Total Unusual Items Excluding Goodwill": NaN,
        "Net Income From Continuing Operation Net Minority Interest": NaN,
        "Reconciled Depreciation": NaN,
        "Reconciled Cost Of Revenue": NaN,
        "EBITDA": NaN,
        "EBIT": NaN,
        "Net Interest Income": NaN,
        "Interest Expense": NaN,
        "Normalized Income": NaN,
        "Net Income From Continuing And Discontinued Operation": NaN,
        "Total Expenses": NaN,
        "Total Operating Income As Reported": NaN,
        "Diluted Average Shares": NaN,
        "Basic Average Shares": NaN,
        "Diluted EPS": NaN,
        "Basic EPS": NaN,
        "Diluted NI Availto Com Stockholders": NaN,
        "Net Income Common Stockholders": NaN,
        "Otherunder Preferred Stock Dividend": NaN,
        "Preferred Stock Dividends": NaN,
        "Net Income": NaN,
        "Minority Interests": NaN,
        "Net Income Including Noncontrolling Interests": NaN,
        "Net Income Discontinuous Operations": NaN,
        "Net Income Continuous Operations": NaN,
        "Tax Provision": NaN,
        "Pretax Income": NaN,
        "Other Income Expense": NaN,
        "Other Non Operating Income Expenses": NaN,
        "Special Income Charges": NaN,
        "Gain On Sale Of Ppe": NaN,
        "Other Special Charges": 0.0,
        "Impairment Of Capital Assets": 1534000.0,
        "Restructuring And Mergern Acquisition": NaN,
        "Gain On Sale Of Security": NaN,
        "Net Non Operating Interest Income Expense": NaN,
        "Interest Expense Non Operating": NaN,
        "Operating Income": NaN,
        "Operating Expense": NaN,
        "Other Operating Expenses": NaN,
        "Research And Development": NaN,
        "Selling General And Administration": NaN,
        "Gross Profit": NaN,
        "Cost Of Revenue": NaN,
        "Total Revenue": NaN,
        "Operating Revenue": NaN
    },
    "2023-05-31": {
        "Tax Effect Of Unusual Items": NaN,
        "Tax Rate For Calcs": NaN,
        "Normalized EBITDA": NaN,
        "Total Unusual Items": NaN,
        "Total Unusual Items Excluding Goodwill": NaN,
        "Net Income From Continuing Operation Net Minority Interest": NaN,
        "Reconciled Depreciation": NaN,
        "Reconciled Cost Of Revenue": NaN,
        "EBITDA": NaN,
        "EBIT": NaN,
        "Net Interest Income": NaN,
        "Interest Expense": NaN,
        "Normalized Income": NaN,
        "Net Income From Continuing And Discontinued Operation": NaN,
        "Total Expenses": NaN,
        "Total Operating Income As Reported": NaN,
        "Diluted Average Shares": NaN,
        "Basic Average Shares": NaN,
        "Diluted EPS": NaN,
        "Basic EPS": NaN,
        "Diluted NI Availto Com Stockholders": NaN,
        "Net Income Common Stockholders": NaN,
        "Net Income": NaN,
        "Minority Interests": NaN,
        "Net Income Including Noncontrolling Interests": NaN,
        "Net Income Discontinuous Operations": NaN,
        "Net Income Continuous Operations": NaN,
        "Tax Provision": NaN,
        "Pretax Income": NaN,
        "Other Income Expense": NaN,
        "Other Non Operating Income Expenses": NaN,
        "Special Income Charges": NaN,
        "Gain On Sale Of Ppe": NaN,
        "Other Special Charges": NaN,
        "Impairment Of Capital Assets": 0.0,
        "Restructuring And Mergern Acquisition": NaN,
        "Gain On Sale Of Security": -410000.0,
        "Net Non Operating Interest Income Expense": NaN,
        "Interest Expense Non Operating": NaN,
        "Operating Income": NaN,
        "Operating Expense": NaN,
        "Other Operating Expenses": NaN,
        "Research And Development": NaN,
        "Selling General And Administration": NaN,
        "General And Administrative Expense": 70596000.0,
        "Other Gand A": 70596000.0,
        "Gross Profit": NaN,
        "Cost Of Revenue": NaN,
        "Total Revenue": NaN,
        "Operating Revenue": NaN
    },
    "2023-02-28": {
        "Tax Effect Of Unusual Items": NaN,
        "Tax Rate For Calcs": NaN,
        "Normalized EBITDA": NaN,
        "Total Unusual Items": NaN,
        "Total Unusual Items Excluding Goodwill": NaN,
        "Net Income From Continuing Operation Net Minority Interest": NaN,
        "Reconciled Depreciation": NaN,
        "Reconciled Cost Of Revenue": NaN,
        "EBITDA": NaN,
        "EBIT": NaN,
        "Net Interest Income": NaN,
        "Interest Expense": NaN,
        "Normalized Income": NaN,
        "Net Income From Continuing And Discontinued Operation": NaN,
        "Total Expenses": NaN,
        "Total Operating Income As Reported": NaN,
        "Diluted Average Shares": NaN,
        "Basic Average Shares": NaN,
        "Diluted EPS": NaN,
        "Basic EPS": NaN,
        "Diluted NI Availto Com Stockholders": NaN,
        "Net Income Common Stockholders": NaN,
        "Net Income": NaN,
        "Minority Interests": NaN,
        "Net Income Including Noncontrolling Interests": NaN,
        "Net Income Discontinuous Operations": NaN,
        "Net Income Continuous Operations": NaN,
        "Tax Provision": NaN,
        "Pretax Income": NaN,
        "Other Income Expense": NaN,
        "Other Non Operating Income Expenses": NaN,
        "Special Income Charges": NaN,
        "Gain On Sale Of Ppe": NaN,
        "Other Special Charges": 16691000.0,
        "Impairment Of Capital Assets": NaN,
        "Restructuring And Mergern Acquisition": NaN,
        "Gain On Sale Of Security": -165000.0,
        "Net Non Operating Interest Income Expense": NaN,
        "Interest Expense Non Operating": NaN,
        "Operating Income": NaN,
        "Operating Expense": NaN,
        "Other Operating Expenses": NaN,
        "Research And Development": NaN,
        "Selling General And Administration": NaN,
        "General And Administrative Expense": NaN,
        "Other Gand A": NaN,
        "Gross Profit": NaN,
        "Cost Of Revenue": NaN,
        "Total Revenue": NaN,
        "Operating Revenue": NaN
    },
    "2024-08-31": {
        "Tax Effect Of Unusual Items": -4645830.0,
        "Tax Rate For Calcs": 0.21,
        "Normalized EBITDA": 25324000.0,
        "Total Unusual Items": -22123000.0,
        "Total Unusual Items Excluding Goodwill": -22123000.0,
        "Net Income From Continuing Operation Net Minority Interest": -24547000.0,
        "Reconciled Depreciation": 15381000.0,
        "Reconciled Cost Of Revenue": 224062000.0,
        "EBITDA": 3201000.0,
        "EBIT": -12180000.0,
        "Net Interest Income": -5403000.0,
        "Interest Expense": 5403000.0,
        "Normalized Income": -7069830.0,
        "Net Income From Continuing And Discontinued Operation": -24547000.0,
        "Total Expenses": 302357000.0,
        "Total Operating Income As Reported": 8791000.0,
        "Diluted Average Shares": 53071000.0,
        "Basic Average Shares": 53071000.0,
        "Diluted EPS": -0.46,
        "Basic EPS": -0.46,
        "Diluted NI Availto Com Stockholders": -24547000.0,
        "Net Income Common Stockholders": -24547000.0,
        "Otherunder Preferred Stock Dividend": NaN,
        "Preferred Stock Dividends": NaN,
        "Net Income": -24547000.0,
        "Minority Interests": -755000.0,
        "Net Income Including Noncontrolling Interests": -23792000.0,
        "Net Income Discontinuous Operations": 0.0,
        "Net Income Continuous Operations": -23792000.0,
        "Tax Provision": 6209000.0,
        "Pretax Income": -17583000.0,
        "Other Income Expense": -20971000.0,
        "Other Non Operating Income Expenses": 1152000.0,
        "Special Income Charges": -22365000.0,
        "Gain On Sale Of Ppe": -719000.0,
        "Other Special Charges": 21646000.0,
        "Impairment Of Capital Assets": 0.0,
        "Restructuring And Mergern Acquisition": 0.0,
        "Gain On Sale Of Security": NaN,
        "Net Non Operating Interest Income Expense": -5403000.0,
        "Interest Expense Non Operating": 5403000.0,
        "Operating Income": 8791000.0,
        "Operating Expense": 78295000.0,
        "Other Operating Expenses": 325000.0,
        "Research And Development": 19941000.0,
        "Selling General And Administration": 58029000.0,
        "Gross Profit": 87086000.0,
        "Cost Of Revenue": 224062000.0,
        "Total Revenue": 311148000.0,
        "Operating Revenue": 311148000.0
    },
    "2024-11-30": {
        "Tax Effect Of Unusual Items": -232680.0,
        "Tax Rate For Calcs": 0.21,
        "Normalized EBITDA": 32789000.0,
        "Total Unusual Items": -1108000.0,
        "Total Unusual Items Excluding Goodwill": -1108000.0,
        "Net Income From Continuing Operation Net Minority Interest": 5217000.0,
        "Reconciled Depreciation": 14961000.0,
        "Reconciled Cost Of Revenue": 243290000.0,
        "EBITDA": 31681000.0,
        "EBIT": 16720000.0,
        "Net Interest Income": -4396000.0,
        "Interest Expense": 4396000.0,
        "Normalized Income": 6092320.0,
        "Net Income From Continuing And Discontinued Operation": 5217000.0,
        "Total Expenses": 323646000.0,
        "Total Operating Income As Reported": 17356000.0,
        "Diluted Average Shares": 54312000.0,
        "Basic Average Shares": 53482000.0,
        "Diluted EPS": 0.1,
        "Basic EPS": 0.1,
        "Diluted NI Availto Com Stockholders": 5217000.0,
        "Net Income Common Stockholders": 5217000.0,
        "Otherunder Preferred Stock Dividend": NaN,
        "Preferred Stock Dividends": NaN,
        "Net Income": 5217000.0,
        "Minority Interests": -747000.0,
        "Net Income Including Noncontrolling Interests": 5964000.0,
        "Net Income Discontinuous Operations": 0.0,
        "Net Income Continuous Operations": 5964000.0,
        "Tax Provision": 6360000.0,
        "Pretax Income": 12324000.0,
        "Other Income Expense": -736000.0,
        "Other Non Operating Income Expenses": 372000.0,
        "Special Income Charges": -80000.0,
        "Gain On Sale Of Ppe": 20000.0,
        "Other Special Charges": NaN,
        "Impairment Of Capital Assets": NaN,
        "Restructuring And Mergern Acquisition": 100000.0,
        "Gain On Sale Of Security": -1028000.0,
        "Net Non Operating Interest Income Expense": -4396000.0,
        "Interest Expense Non Operating": 4396000.0,
        "Operating Income": 17456000.0,
        "Operating Expense": 80356000.0,
        "Other Operating Expenses": 9000.0,
        "Research And Development": 19811000.0,
        "Selling General And Administration": 60536000.0,
        "Gross Profit": 97812000.0,
        "Cost Of Revenue": 243290000.0,
        "Total Revenue": 341102000.0,
        "Operating Revenue": 341102000.0
    },
    "2025-02-28": {
        "Tax Effect Of Unusual Items": -1301160.0,
        "Tax Rate For Calcs": 0.21,
        "Normalized EBITDA": 38930000.0,
        "Total Unusual Items": -6196000.0,
        "Total Unusual Items Excluding Goodwill": -6196000.0,
        "Net Income From Continuing Operation Net Minority Interest": 8082000.0,
        "Reconciled Depreciation": 14037000.0,
        "Reconciled Cost Of Revenue": 260871000.0,
        "EBITDA": 32734000.0,
        "EBIT": 18697000.0,
        "Net Interest Income": -2183000.0,
        "Interest Expense": 2183000.0,
        "Normalized Income": 12976840.0,
        "Net Income From Continuing And Discontinued Operation": 8082000.0,
        "Total Expenses": 340952000.0,
        "Total Operating Income As Reported": 18488000.0,
        "Diluted Average Shares": 54384000.0,
        "Basic Average Shares": 53454000.0,
        "Diluted EPS": 0.09,
        "Basic EPS": 0.09,
        "Diluted NI Availto Com Stockholders": 5000000.0,
        "Net Income Common Stockholders": 5000000.0,
        "Otherunder Preferred Stock Dividend": 482000.0,
        "Preferred Stock Dividends": 2600000.0,
        "Net Income": 8082000.0,
        "Minority Interests": -789000.0,
        "Net Income Including Noncontrolling Interests": 8871000.0,
        "Net Income Discontinuous Operations": 0.0,
        "Net Income Continuous Operations": 8871000.0,
        "Tax Provision": 7643000.0,
        "Pretax Income": 16514000.0,
        "Other Income Expense": -5870000.0,
        "Other Non Operating Income Expenses": 326000.0,
        "Special Income Charges": -6172000.0,
        "Gain On Sale Of Ppe": -93000.0,
        "Other Special Charges": NaN,
        "Impairment Of Capital Assets": 6079000.0,
        "Restructuring And Mergern Acquisition": NaN,
        "Gain On Sale Of Security": -24000.0,
        "Net Non Operating Interest Income Expense": -2183000.0,
        "Interest Expense Non Operating": 2183000.0,
        "Operating Income": 24567000.0,
        "Operating Expense": 80081000.0,
        "Other Operating Expenses": 859000.0,
        "Research And Development": 19907000.0,
        "Selling General And Administration": 59315000.0,
        "Gross Profit": 104648000.0,
        "Cost Of Revenue": 260871000.0,
        "Total Revenue": 365519000.0,
        "Operating Revenue": 365519000.0
    },
    "2025-05-31": {
        "Tax Effect Of Unusual Items": -865620.0,
        "Tax Rate For Calcs": 0.21,
        "Normalized EBITDA": 29406000.0,
        "Total Unusual Items": -4122000.0,
        "Total Unusual Items Excluding Goodwill": -4122000.0,
        "Net Income From Continuing Operation Net Minority Interest": 2661000.0,
        "Reconciled Depreciation": 14002000.0,
        "Reconciled Cost Of Revenue": 229168000.0,
        "EBITDA": 25284000.0,
        "EBIT": 11282000.0,
        "Net Interest Income": -573000.0,
        "Interest Expense": 573000.0,
        "Normalized Income": 5917380.0,
        "Net Income From Continuing And Discontinued Operation": 2661000.0,
        "Total Expenses": 309114000.0,
        "Total Operating Income As Reported": 9843000.0,
        "Diluted Average Shares": 53738000.0,
        "Basic Average Shares": 53130000.0,
        "Diluted EPS": -0.01,
        "Basic EPS": -0.01,
        "Diluted NI Availto Com Stockholders": -372000.0,
        "Net Income Common Stockholders": -372000.0,
        "Otherunder Preferred Stock Dividend": 0.0,
        "Preferred Stock Dividends": 3033000.0,
        "Net Income": 2661000.0,
        "Minority Interests": -789000.0,
        "Net Income Including Noncontrolling Interests": 3450000.0,
        "Net Income Discontinuous Operations": 0.0,
        "Net Income Continuous Operations": 3450000.0,
        "Tax Provision": 7259000.0,
        "Pretax Income": 10709000.0,
        "Other Income Expense": -3855000.0,
        "Other Non Operating Income Expenses": 267000.0,
        "Special Income Charges": -5256000.0,
        "Gain On Sale Of Ppe": 38000.0,
        "Other Special Charges": NaN,
        "Impairment Of Capital Assets": 5294000.0,
        "Restructuring And Mergern Acquisition": NaN,
        "Gain On Sale Of Security": 1134000.0,
        "Net Non Operating Interest Income Expense": -573000.0,
        "Interest Expense Non Operating": 573000.0,
        "Operating Income": 15137000.0,
        "Operating Expense": 79946000.0,
        "Other Operating Expenses": NaN,
        "Research And Development": 20222000.0,
        "Selling General And Administration": 59724000.0,
        "Gross Profit": 95083000.0,
        "Cost Of Revenue": 229168000.0,
        "Total Revenue": 324251000.0,
        "Operating Revenue": 324251000.0
    },
    "2025-08-31": {
        "Tax Effect Of Unusual Items": -1411410.0,
        "Tax Rate For Calcs": 0.21,
        "Normalized EBITDA": 29444000.0,
        "Total Unusual Items": -6721000.0,
        "Total Unusual Items Excluding Goodwill": -6721000.0,
        "Net Income From Continuing Operation Net Minority Interest": 9431000.0,
        "Reconciled Depreciation": 13216000.0,
        "Reconciled Cost Of Revenue": 241191000.0,
        "EBITDA": 22723000.0,
        "EBIT": 9507000.0,
        "Net Interest Income": -153000.0,
        "Interest Expense": 153000.0,
        "Normalized Income": 14740590.0,
        "Net Income From Continuing And Discontinued Operation": 9431000.0,
        "Total Expenses": 321784000.0,
        "Total Operating Income As Reported": 12448000.0,
        "Diluted Average Shares": 54371000.0,
        "Basic Average Shares": 52553000.0,
        "Diluted EPS": 0.11,
        "Basic EPS": 0.11,
        "Diluted NI Availto Com Stockholders": 5812000.0,
        "Net Income Common Stockholders": 5812000.0,
        "Otherunder Preferred Stock Dividend": 585000.0,
        "Preferred Stock Dividends": 3034000.0,
        "Net Income": 9431000.0,
        "Minority Interests": -1119000.0,
        "Net Income Including Noncontrolling Interests": 10550000.0,
        "Net Income Discontinuous Operations": 0.0,
        "Net Income Continuous Operations": 10550000.0,
        "Tax Provision": -1196000.0,
        "Pretax Income": 9354000.0,
        "Other Income Expense": -6631000.0,
        "Other Non Operating Income Expenses": 90000.0,
        "Special Income Charges": -6639000.0,
        "Gain On Sale Of Ppe": -41000.0,
        "Other Special Charges": NaN,
        "Impairment Of Capital Assets": 4690000.0,
        "Restructuring And Mergern Acquisition": -1000000.0,
        "Gain On Sale Of Security": NaN,
        "Net Non Operating Interest Income Expense": -153000.0,
        "Interest Expense Non Operating": 153000.0,
        "Operating Income": 16138000.0,
        "Operating Expense": 80593000.0,
        "Other Operating Expenses": 2130000.0,
        "Research And Development": 19861000.0,
        "Selling General And Administration": 58602000.0,
        "Gross Profit": 96731000.0,
        "Cost Of Revenue": 241191000.0,
        "Total Revenue": 337922000.0,
        "Operating Revenue": 337922000.0
    }
}