{
    "2023-03-31": {
        "Tax Effect Of Unusual Items": NaN,
        "Tax Rate For Calcs": NaN,
        "Normalized EBITDA": NaN,
        "Total Unusual Items": NaN,
        "Total Unusual Items Excluding Goodwill": NaN,
        "Net Income From Continuing Operation Net Minority Interest": NaN,
        "Reconciled Depreciation": NaN,
        "Reconciled Cost Of Revenue": NaN,
        "EBITDA": NaN,
        "EBIT": NaN,
        "Net Interest Income": NaN,
        "Interest Expense": NaN,
        "Interest Income": NaN,
        "Normalized Income": NaN,
        "Net Income From Continuing And Discontinued Operation": NaN,
        "Total Expenses": NaN,
        "Diluted Average Shares": NaN,
        "Basic Average Shares": NaN,
        "Diluted EPS": NaN,
        "Basic EPS": NaN,
        "Diluted NI Availto Com Stockholders": NaN,
        "Net Income Common Stockholders": NaN,
        "Net Income": NaN,
        "Minority Interests": NaN,
        "Net Income Including Noncontrolling Interests": NaN,
        "Net Income Discontinuous Operations": NaN,
        "Net Income Continuous Operations": NaN,
        "Tax Provision": NaN,
        "Pretax Income": NaN,
        "Other Income Expense": NaN,
        "Other Non Operating Income Expenses": NaN,
        "Special Income Charges": NaN,
        "Gain On Sale Of Ppe": 7000000.0,
        "Other Special Charges": NaN,
        "Write Off": NaN,
        "Impairment Of Capital Assets": NaN,
        "Restructuring And Mergern Acquisition": NaN,
        "Earnings From Equity Interest": NaN,
        "Gain On Sale Of Security": NaN,
        "Net Non Operating Interest Income Expense": NaN,
        "Interest Expense Non Operating": NaN,
        "Interest Income Non Operating": NaN,
        "Operating Income": NaN,
        "Operating Expense": NaN,
        "Depreciation Amortization Depletion Income Statement": NaN,
        "Depreciation And Amortization In Income Statement": NaN,
        "Amortization": NaN,
        "Amortization Of Intangibles Income Statement": NaN,
        "Research And Development": NaN,
        "Selling General And Administration": NaN,
        "Gross Profit": NaN,
        "Cost Of Revenue": NaN,
        "Total Revenue": NaN,
        "Operating Revenue": NaN
    },
    "2022-12-31": {
        "Tax Effect Of Unusual Items": NaN,
        "Tax Rate For Calcs": NaN,
        "Normalized EBITDA": NaN,
        "Total Unusual Items": NaN,
        "Total Unusual Items Excluding Goodwill": NaN,
        "Net Income From Continuing Operation Net Minority Interest": NaN,
        "Reconciled Depreciation": NaN,
        "Reconciled Cost Of Revenue": NaN,
        "EBITDA": NaN,
        "EBIT": NaN,
        "Net Interest Income": NaN,
        "Interest Expense": NaN,
        "Interest Income": NaN,
        "Normalized Income": NaN,
        "Net Income From Continuing And Discontinued Operation": NaN,
        "Total Expenses": NaN,
        "Diluted Average Shares": NaN,
        "Basic Average Shares": NaN,
        "Diluted EPS": NaN,
        "Basic EPS": NaN,
        "Diluted NI Availto Com Stockholders": NaN,
        "Net Income Common Stockholders": NaN,
        "Net Income": NaN,
        "Minority Interests": NaN,
        "Net Income Including Noncontrolling Interests": NaN,
        "Net Income Discontinuous Operations": NaN,
        "Net Income Continuous Operations": NaN,
        "Tax Provision": NaN,
        "Pretax Income": NaN,
        "Other Income Expense": NaN,
        "Other Non Operating Income Expenses": NaN,
        "Special Income Charges": NaN,
        "Gain On Sale Of Ppe": 6000000.0,
        "Other Special Charges": NaN,
        "Write Off": NaN,
        "Impairment Of Capital Assets": NaN,
        "Restructuring And Mergern Acquisition": NaN,
        "Earnings From Equity Interest": NaN,
        "Gain On Sale Of Security": NaN,
        "Net Non Operating Interest Income Expense": NaN,
        "Interest Expense Non Operating": NaN,
        "Interest Income Non Operating": NaN,
        "Operating Income": NaN,
        "Operating Expense": NaN,
        "Depreciation Amortization Depletion Income Statement": NaN,
        "Depreciation And Amortization In Income Statement": NaN,
        "Amortization": NaN,
        "Amortization Of Intangibles Income Statement": NaN,
        "Research And Development": NaN,
        "Selling General And Administration": NaN,
        "Gross Profit": NaN,
        "Cost Of Revenue": NaN,
        "Total Revenue": NaN,
        "Operating Revenue": NaN
    },
    "2022-09-30": {
        "Tax Effect Of Unusual Items": NaN,
        "Tax Rate For Calcs": NaN,
        "Normalized EBITDA": NaN,
        "Total Unusual Items": NaN,
        "Total Unusual Items Excluding Goodwill": NaN,
        "Net Income From Continuing Operation Net Minority Interest": NaN,
        "Reconciled Depreciation": NaN,
        "Reconciled Cost Of Revenue": NaN,
        "EBITDA": NaN,
        "EBIT": NaN,
        "Net Interest Income": NaN,
        "Interest Expense": NaN,
        "Interest Income": NaN,
        "Normalized Income": NaN,
        "Net Income From Continuing And Discontinued Operation": NaN,
        "Total Expenses": NaN,
        "Diluted Average Shares": NaN,
        "Basic Average Shares": NaN,
        "Diluted EPS": NaN,
        "Basic EPS": NaN,
        "Diluted NI Availto Com Stockholders": NaN,
        "Net Income Common Stockholders": NaN,
        "Net Income": NaN,
        "Minority Interests": NaN,
        "Net Income Including Noncontrolling Interests": NaN,
        "Net Income Discontinuous Operations": NaN,
        "Net Income Continuous Operations": NaN,
        "Tax Provision": NaN,
        "Pretax Income": NaN,
        "Other Income Expense": NaN,
        "Other Non Operating Income Expenses": NaN,
        "Special Income Charges": NaN,
        "Gain On Sale Of Ppe": -7000000.0,
        "Other Special Charges": NaN,
        "Write Off": 17000000.0,
        "Impairment Of Capital Assets": NaN,
        "Restructuring And Mergern Acquisition": NaN,
        "Earnings From Equity Interest": NaN,
        "Gain On Sale Of Security": NaN,
        "Net Non Operating Interest Income Expense": NaN,
        "Interest Expense Non Operating": NaN,
        "Interest Income Non Operating": NaN,
        "Operating Income": NaN,
        "Operating Expense": NaN,
        "Depreciation Amortization Depletion Income Statement": NaN,
        "Depreciation And Amortization In Income Statement": NaN,
        "Amortization": NaN,
        "Amortization Of Intangibles Income Statement": NaN,
        "Research And Development": NaN,
        "Selling General And Administration": NaN,
        "Gross Profit": NaN,
        "Cost Of Revenue": NaN,
        "Total Revenue": NaN,
        "Operating Revenue": NaN
    },
    "2022-06-30": {
        "Tax Effect Of Unusual Items": -102065000.0,
        "Tax Rate For Calcs": 0.137,
        "Normalized EBITDA": 13307000000.0,
        "Total Unusual Items": -745000000.0,
        "Total Unusual Items Excluding Goodwill": -745000000.0,
        "Net Income From Continuing Operation Net Minority Interest": 9872000000.0,
        "Reconciled Depreciation": 822000000.0,
        "Reconciled Cost Of Revenue": 8648000000.0,
        "EBITDA": 12562000000.0,
        "EBIT": 11740000000.0,
        "Net Interest Income": -263000000.0,
        "Interest Expense": 293000000.0,
        "Interest Income": 30000000.0,
        "Normalized Income": 10514935000.0,
        "Net Income From Continuing And Discontinued Operation": 9906000000.0,
        "Total Expenses": 15333000000.0,
        "Diluted Average Shares": 5712000000.0,
        "Basic Average Shares": 5593000000.0,
        "Diluted EPS": 1.73,
        "Basic EPS": 1.77,
        "Diluted NI Availto Com Stockholders": 9906000000.0,
        "Net Income Common Stockholders": 9906000000.0,
        "Net Income": 9906000000.0,
        "Minority Interests": -6000000.0,
        "Net Income Including Noncontrolling Interests": 9911000000.0,
        "Net Income Discontinuous Operations": 34000000.0,
        "Net Income Continuous Operations": 9877000000.0,
        "Tax Provision": 1570000000.0,
        "Pretax Income": 11447000000.0,
        "Other Income Expense": -700000000.0,
        "Other Non Operating Income Expenses": -104000000.0,
        "Special Income Charges": -204000000.0,
        "Gain On Sale Of Ppe": 0.0,
        "Other Special Charges": 15000000.0,
        "Write Off": 20000000.0,
        "Impairment Of Capital Assets": NaN,
        "Restructuring And Mergern Acquisition": 189000000.0,
        "Earnings From Equity Interest": 149000000.0,
        "Gain On Sale Of Security": -541000000.0,
        "Net Non Operating Interest Income Expense": -263000000.0,
        "Interest Expense Non Operating": 293000000.0,
        "Interest Income Non Operating": 30000000.0,
        "Operating Income": 12409000000.0,
        "Operating Expense": 6685000000.0,
        "Depreciation Amortization Depletion Income Statement": 822000000.0,
        "Depreciation And Amortization In Income Statement": 822000000.0,
        "Amortization": 822000000.0,
        "Amortization Of Intangibles Income Statement": 822000000.0,
        "Research And Development": 2815000000.0,
        "Selling General And Administration": 3048000000.0,
        "Gross Profit": 19094000000.0,
        "Cost Of Revenue": 8648000000.0,
        "Total Revenue": 27742000000.0,
        "Operating Revenue": 27742000000.0
    },
    "2023-06-30": {
        "Tax Effect Of Unusual Items": NaN,
        "Tax Rate For Calcs": NaN,
        "Normalized EBITDA": NaN,
        "Total Unusual Items": NaN,
        "Total Unusual Items Excluding Goodwill": NaN,
        "Net Income From Continuing Operation Net Minority Interest": NaN,
        "Reconciled Depreciation": NaN,
        "Reconciled Cost Of Revenue": NaN,
        "EBITDA": NaN,
        "EBIT": NaN,
        "Net Interest Income": NaN,
        "Interest Expense": NaN,
        "Interest Income": NaN,
        "Normalized Income": NaN,
        "Net Income From Continuing And Discontinued Operation": NaN,
        "Total Expenses": NaN,
        "Diluted Average Shares": NaN,
        "Basic Average Shares": NaN,
        "Diluted EPS": NaN,
        "Basic EPS": NaN,
        "Diluted NI Availto Com Stockholders": NaN,
        "Net Income Common Stockholders": NaN,
        "Net Income": NaN,
        "Minority Interests": NaN,
        "Net Income Including Noncontrolling Interests": NaN,
        "Net Income Discontinuous Operations": NaN,
        "Net Income Continuous Operations": NaN,
        "Tax Provision": NaN,
        "Pretax Income": NaN,
        "Other Income Expense": NaN,
        "Other Non Operating Income Expenses": NaN,
        "Special Income Charges": NaN,
        "Gain On Sale Of Ppe": -5000000.0,
        "Other Special Charges": NaN,
        "Write Off": NaN,
        "Impairment Of Capital Assets": NaN,
        "Restructuring And Mergern Acquisition": NaN,
        "Earnings From Equity Interest": NaN,
        "Gain On Sale Of Security": NaN,
        "Net Non Operating Interest Income Expense": NaN,
        "Interest Expense Non Operating": NaN,
        "Interest Income Non Operating": NaN,
        "Operating Income": NaN,
        "Operating Expense": NaN,
        "Depreciation Amortization Depletion Income Statement": NaN,
        "Depreciation And Amortization In Income Statement": NaN,
        "Amortization": NaN,
        "Amortization Of Intangibles Income Statement": NaN,
        "Research And Development": NaN,
        "Selling General And Administration": NaN,
        "Gross Profit": NaN,
        "Cost Of Revenue": NaN,
        "Total Revenue": NaN,
        "Operating Revenue": NaN
    },
    "2022-03-31": {
        "Diluted EPS": 1.37,
        "Total Revenue": NaN,
        "Gross Profit": NaN,
        "Operating Income": NaN,
        "EBIT": NaN,
        "Net Income": NaN
    },
    "2021-12-31": {
        "Diluted EPS": 0.59,
        "Total Revenue": NaN,
        "Gross Profit": NaN,
        "Operating Income": NaN,
        "EBIT": NaN,
        "Net Income": NaN
    },
    "2021-09-30": {
        "Diluted EPS": 1.42,
        "Total Revenue": NaN,
        "Gross Profit": NaN,
        "Operating Income": NaN,
        "EBIT": NaN,
        "Net Income": NaN
    },
    "2021-06-30": {
        "Diluted EPS": 0.98,
        "Total Revenue": NaN,
        "Gross Profit": NaN,
        "Operating Income": NaN,
        "EBIT": NaN,
        "Net Income": NaN
    },
    "2021-03-31": {
        "Diluted EPS": 0.86,
        "Total Revenue": NaN,
        "Gross Profit": NaN,
        "Operating Income": NaN,
        "EBIT": NaN,
        "Net Income": NaN
    },
    "2020-12-31": {
        "Diluted EPS": 0.15,
        "Total Revenue": NaN,
        "Gross Profit": NaN,
        "Operating Income": 703,
        "EBIT": NaN,
        "Net Income": 846
    },
    "2020-09-30": {
        "Diluted EPS": 0.26,
        "Total Revenue": NaN,
        "Gross Profit": NaN,
        "Operating Income": NaN,
        "EBIT": NaN,
        "Net Income": NaN
    },
    "2020-06-30": {
        "Diluted EPS": 0.62,
        "Total Revenue": NaN,
        "Gross Profit": NaN,
        "Operating Income": NaN,
        "EBIT": NaN,
        "Net Income": NaN
    },
    "2020-03-31": {
        "Diluted EPS": 0.6,
        "Total Revenue": NaN,
        "Gross Profit": NaN,
        "Operating Income": NaN,
        "EBIT": NaN,
        "Net Income": NaN
    },
    "2019-12-31": {
        "Diluted EPS": -0.11,
        "Total Revenue": NaN,
        "Gross Profit": NaN,
        "Operating Income": NaN,
        "EBIT": NaN,
        "Net Income": -584
    },
    "2019-09-30": {
        "Diluted EPS": 1.36,
        "Total Revenue": NaN,
        "Gross Profit": NaN,
        "Operating Income": NaN,
        "EBIT": NaN,
        "Net Income": NaN
    },
    "2019-06-30": {
        "Diluted EPS": 0.89,
        "Total Revenue": NaN,
        "Gross Profit": NaN,
        "Operating Income": NaN,
        "EBIT": NaN,
        "Net Income": NaN
    },
    "2019-03-31": {
        "Diluted EPS": 0.68,
        "Total Revenue": NaN,
        "Gross Profit": NaN,
        "Operating Income": NaN,
        "EBIT": NaN,
        "Net Income": NaN
    },
    "2018-12-31": {
        "Diluted EPS": -0.06,
        "Total Revenue": NaN,
        "Gross Profit": 341,
        "Operating Income": NaN,
        "EBIT": NaN,
        "Net Income": -394
    },
    "2018-09-30": {
        "Diluted EPS": 0.69,
        "Total Revenue": NaN,
        "Gross Profit": NaN,
        "Operating Income": NaN,
        "EBIT": NaN,
        "Net Income": NaN
    },
    "2018-06-30": {
        "Diluted EPS": 0.65,
        "Total Revenue": NaN,
        "Gross Profit": NaN,
        "Operating Income": NaN,
        "EBIT": NaN,
        "Net Income": NaN
    },
    "2018-03-31": {
        "Diluted EPS": 0.59,
        "Total Revenue": NaN,
        "Gross Profit": NaN,
        "Operating Income": NaN,
        "EBIT": NaN,
        "Net Income": NaN
    },
    "2017-12-31": {
        "Diluted EPS": 2.03,
        "Total Revenue": NaN,
        "Gross Profit": NaN,
        "Operating Income": NaN,
        "EBIT": NaN,
        "Net Income": NaN
    },
    "2017-09-30": {
        "Diluted EPS": 0.47,
        "Total Revenue": NaN,
        "Gross Profit": NaN,
        "Operating Income": NaN,
        "EBIT": NaN,
        "Net Income": NaN
    },
    "2017-06-30": {
        "Diluted EPS": 0.51,
        "Total Revenue": NaN,
        "Gross Profit": NaN,
        "Operating Income": NaN,
        "EBIT": NaN,
        "Net Income": NaN
    },
    "2017-03-31": {
        "Diluted EPS": 0.51,
        "Total Revenue": NaN,
        "Gross Profit": NaN,
        "Operating Income": NaN,
        "EBIT": NaN,
        "Net Income": NaN
    },
    "2016-12-31": {
        "Diluted EPS": 0.13,
        "Total Revenue": NaN,
        "Gross Profit": NaN,
        "Operating Income": NaN,
        "EBIT": NaN,
        "Net Income": 775
    },
    "2016-09-30": {
        "Diluted EPS": 0.22,
        "Total Revenue": NaN,
        "Gross Profit": NaN,
        "Operating Income": NaN,
        "EBIT": NaN,
        "Net Income": NaN
    },
    "2016-06-30": {
        "Diluted EPS": 0.33,
        "Total Revenue": NaN,
        "Gross Profit": NaN,
        "Operating Income": NaN,
        "EBIT": NaN,
        "Net Income": NaN
    },
    "2016-03-31": {
        "Diluted EPS": 0.49,
        "Total Revenue": NaN,
        "Gross Profit": NaN,
        "Operating Income": NaN,
        "EBIT": NaN,
        "Net Income": NaN
    },
    "2015-12-31": {
        "Diluted EPS": -0.03,
        "Total Revenue": NaN,
        "Gross Profit": NaN,
        "Operating Income": NaN,
        "EBIT": NaN,
        "Net Income": -172
    },
    "2015-09-30": {
        "Diluted EPS": 0.34,
        "Total Revenue": NaN,
        "Gross Profit": NaN,
        "Operating Income": NaN,
        "EBIT": NaN,
        "Net Income": NaN
    },
    "2015-06-30": {
        "Diluted EPS": 0.42,
        "Total Revenue": NaN,
        "Gross Profit": NaN,
        "Operating Income": NaN,
        "EBIT": NaN,
        "Net Income": NaN
    },
    "2015-03-31": {
        "Diluted EPS": 0.38,
        "Total Revenue": NaN,
        "Gross Profit": NaN,
        "Operating Income": NaN,
        "EBIT": NaN,
        "Net Income": NaN
    },
    "2014-12-31": {
        "Diluted EPS": 0.19,
        "Total Revenue": NaN,
        "Gross Profit": NaN,
        "Operating Income": NaN,
        "EBIT": NaN,
        "Net Income": NaN
    },
    "2014-09-30": {
        "Diluted EPS": 0.42,
        "Total Revenue": NaN,
        "Gross Profit": NaN,
        "Operating Income": NaN,
        "EBIT": NaN,
        "Net Income": NaN
    },
    "2014-06-30": {
        "Diluted EPS": 0.45,
        "Total Revenue": NaN,
        "Gross Profit": NaN,
        "Operating Income": NaN,
        "EBIT": NaN,
        "Net Income": NaN
    },
    "2014-03-31": {
        "Diluted EPS": 0.36,
        "Total Revenue": NaN,
        "Gross Profit": NaN,
        "Operating Income": NaN,
        "EBIT": NaN,
        "Net Income": NaN
    },
    "2013-12-31": {
        "Diluted EPS": 0.44,
        "Total Revenue": NaN,
        "Gross Profit": NaN,
        "Operating Income": NaN,
        "EBIT": NaN,
        "Net Income": NaN
    },
    "2013-09-30": {
        "Diluted EPS": 0.39,
        "Total Revenue": NaN,
        "Gross Profit": NaN,
        "Operating Income": NaN,
        "EBIT": NaN,
        "Net Income": NaN
    },
    "2013-06-30": {
        "Diluted EPS": 1.98,
        "Total Revenue": NaN,
        "Gross Profit": NaN,
        "Operating Income": NaN,
        "EBIT": NaN,
        "Net Income": NaN
    },
    "2013-03-31": {
        "Diluted EPS": 0.38,
        "Total Revenue": NaN,
        "Gross Profit": NaN,
        "Operating Income": NaN,
        "EBIT": NaN,
        "Net Income": NaN
    },
    "2012-12-31": {
        "Diluted EPS": 0.84,
        "Total Revenue": NaN,
        "Gross Profit": NaN,
        "Operating Income": NaN,
        "EBIT": NaN,
        "Net Income": NaN
    },
    "2012-09-30": {
        "Diluted EPS": 0.43,
        "Total Revenue": NaN,
        "Gross Profit": NaN,
        "Operating Income": NaN,
        "EBIT": NaN,
        "Net Income": NaN
    },
    "2012-06-30": {
        "Diluted EPS": 0.43,
        "Total Revenue": NaN,
        "Gross Profit": NaN,
        "Operating Income": NaN,
        "EBIT": NaN,
        "Net Income": NaN
    },
    "2012-03-31": {
        "Diluted EPS": 0.24,
        "Total Revenue": NaN,
        "Gross Profit": NaN,
        "Operating Income": NaN,
        "EBIT": NaN,
        "Net Income": NaN
    },
    "2011-12-31": {
        "Diluted EPS": 0.18,
        "Total Revenue": NaN,
        "Gross Profit": NaN,
        "Operating Income": NaN,
        "EBIT": NaN,
        "Net Income": NaN
    },
    "2011-09-30": {
        "Diluted EPS": 0.48,
        "Total Revenue": NaN,
        "Gross Profit": NaN,
        "Operating Income": NaN,
        "EBIT": NaN,
        "Net Income": NaN
    },
    "2011-06-30": {
        "Diluted EPS": 0.33,
        "Total Revenue": NaN,
        "Gross Profit": NaN,
        "Operating Income": NaN,
        "EBIT": NaN,
        "Net Income": NaN
    },
    "2011-03-31": {
        "Diluted EPS": 0.28,
        "Total Revenue": NaN,
        "Gross Profit": NaN,
        "Operating Income": NaN,
        "EBIT": NaN,
        "Net Income": NaN
    },
    "2010-12-31": {
        "Diluted EPS": 0.35,
        "Total Revenue": NaN,
        "Gross Profit": NaN,
        "Operating Income": NaN,
        "EBIT": NaN,
        "Net Income": NaN
    },
    "2010-09-30": {
        "Diluted EPS": 0.11,
        "Total Revenue": NaN,
        "Gross Profit": NaN,
        "Operating Income": NaN,
        "EBIT": NaN,
        "Net Income": 866
    },
    "2010-06-30": {
        "Diluted EPS": 0.31,
        "Total Revenue": NaN,
        "Gross Profit": NaN,
        "Operating Income": NaN,
        "EBIT": NaN,
        "Net Income": NaN
    },
    "2010-03-31": {
        "Diluted EPS": 0.25,
        "Total Revenue": NaN,
        "Gross Profit": NaN,
        "Operating Income": NaN,
        "EBIT": NaN,
        "Net Income": NaN
    },
    "2009-12-31": {
        "Diluted EPS": 0.06,
        "Total Revenue": NaN,
        "Gross Profit": NaN,
        "Operating Income": -39,
        "EBIT": NaN,
        "Net Income": 767
    },
    "2009-09-30": {
        "Diluted EPS": 0.43,
        "Total Revenue": NaN,
        "Gross Profit": NaN,
        "Operating Income": NaN,
        "EBIT": NaN,
        "Net Income": NaN
    },
    "2009-06-30": {
        "Diluted EPS": 0.34,
        "Total Revenue": NaN,
        "Gross Profit": NaN,
        "Operating Income": NaN,
        "EBIT": NaN,
        "Net Income": NaN
    },
    "2009-03-31": {
        "Diluted EPS": 0.4,
        "Total Revenue": NaN,
        "Gross Profit": NaN,
        "Operating Income": NaN,
        "EBIT": NaN,
        "Net Income": NaN
    },
    "2023-09-30": {
        "Tax Effect Of Unusual Items": NaN,
        "Tax Rate For Calcs": NaN,
        "Normalized EBITDA": NaN,
        "Total Unusual Items": NaN,
        "Total Unusual Items Excluding Goodwill": NaN,
        "Net Income From Continuing Operation Net Minority Interest": NaN,
        "Reconciled Depreciation": NaN,
        "Reconciled Cost Of Revenue": NaN,
        "EBITDA": NaN,
        "EBIT": NaN,
        "Net Interest Income": NaN,
        "Interest Expense": NaN,
        "Interest Income": NaN,
        "Normalized Income": NaN,
        "Net Income From Continuing And Discontinued Operation": NaN,
        "Total Expenses": NaN,
        "Diluted Average Shares": NaN,
        "Basic Average Shares": NaN,
        "Diluted EPS": NaN,
        "Basic EPS": NaN,
        "Diluted NI Availto Com Stockholders": NaN,
        "Net Income Common Stockholders": NaN,
        "Net Income": NaN,
        "Minority Interests": NaN,
        "Net Income Including Noncontrolling Interests": NaN,
        "Net Income Discontinuous Operations": NaN,
        "Net Income Continuous Operations": NaN,
        "Tax Provision": NaN,
        "Pretax Income": NaN,
        "Other Income Expense": NaN,
        "Other Non Operating Income Expenses": NaN,
        "Special Income Charges": NaN,
        "Gain On Sale Of Ppe": 0.0,
        "Other Special Charges": NaN,
        "Write Off": NaN,
        "Impairment Of Capital Assets": NaN,
        "Restructuring And Mergern Acquisition": NaN,
        "Earnings From Equity Interest": NaN,
        "Gain On Sale Of Security": NaN,
        "Net Non Operating Interest Income Expense": NaN,
        "Interest Expense Non Operating": NaN,
        "Interest Income Non Operating": NaN,
        "Operating Income": NaN,
        "Operating Expense": NaN,
        "Depreciation Amortization Depletion Income Statement": NaN,
        "Depreciation And Amortization In Income Statement": NaN,
        "Amortization": NaN,
        "Amortization Of Intangibles Income Statement": NaN,
        "Research And Development": NaN,
        "Selling General And Administration": NaN,
        "Gross Profit": NaN,
        "Cost Of Revenue": NaN,
        "Total Revenue": NaN,
        "Operating Revenue": NaN
    },
    "2023-12-31": {
        "Tax Effect Of Unusual Items": NaN,
        "Tax Rate For Calcs": NaN,
        "Normalized EBITDA": NaN,
        "Total Unusual Items": NaN,
        "Total Unusual Items Excluding Goodwill": NaN,
        "Net Income From Continuing Operation Net Minority Interest": NaN,
        "Reconciled Depreciation": NaN,
        "Reconciled Cost Of Revenue": NaN,
        "EBITDA": NaN,
        "EBIT": NaN,
        "Net Interest Income": NaN,
        "Interest Expense": NaN,
        "Interest Income": NaN,
        "Normalized Income": NaN,
        "Net Income From Continuing And Discontinued Operation": NaN,
        "Total Expenses": NaN,
        "Diluted Average Shares": NaN,
        "Basic Average Shares": NaN,
        "Diluted EPS": NaN,
        "Basic EPS": NaN,
        "Diluted NI Availto Com Stockholders": NaN,
        "Net Income Common Stockholders": NaN,
        "Net Income": NaN,
        "Minority Interests": NaN,
        "Net Income Including Noncontrolling Interests": NaN,
        "Net Income Discontinuous Operations": NaN,
        "Net Income Continuous Operations": NaN,
        "Tax Provision": NaN,
        "Pretax Income": NaN,
        "Other Income Expense": NaN,
        "Other Non Operating Income Expenses": NaN,
        "Special Income Charges": NaN,
        "Gain On Sale Of Business": 0.0,
        "Other Special Charges": NaN,
        "Write Off": NaN,
        "Impairment Of Capital Assets": NaN,
        "Restructuring And Mergern Acquisition": NaN,
        "Earnings From Equity Interest": NaN,
        "Gain On Sale Of Security": NaN,
        "Net Non Operating Interest Income Expense": NaN,
        "Interest Expense Non Operating": NaN,
        "Interest Income Non Operating": NaN,
        "Operating Income": NaN,
        "Operating Expense": NaN,
        "Depreciation Amortization Depletion Income Statement": NaN,
        "Depreciation And Amortization In Income Statement": NaN,
        "Amortization": NaN,
        "Amortization Of Intangibles Income Statement": NaN,
        "Research And Development": NaN,
        "Selling General And Administration": NaN,
        "Gross Profit": NaN,
        "Cost Of Revenue": NaN,
        "Total Revenue": NaN,
        "Operating Revenue": NaN
    },
    "2024-03-31": {
        "Tax Effect Of Unusual Items": NaN,
        "Tax Rate For Calcs": NaN,
        "Normalized EBITDA": NaN,
        "Total Unusual Items": NaN,
        "Total Unusual Items Excluding Goodwill": NaN,
        "Net Income From Continuing Operation Net Minority Interest": NaN,
        "Reconciled Depreciation": NaN,
        "Reconciled Cost Of Revenue": NaN,
        "EBITDA": NaN,
        "EBIT": NaN,
        "Net Interest Income": NaN,
        "Interest Expense": NaN,
        "Interest Income": NaN,
        "Normalized Income": NaN,
        "Net Income From Continuing And Discontinued Operation": NaN,
        "Total Expenses": NaN,
        "Diluted Average Shares": NaN,
        "Basic Average Shares": NaN,
        "Diluted EPS": NaN,
        "Basic EPS": NaN,
        "Diluted NI Availto Com Stockholders": NaN,
        "Net Income Common Stockholders": NaN,
        "Net Income": NaN,
        "Minority Interests": NaN,
        "Net Income Including Noncontrolling Interests": NaN,
        "Net Income Discontinuous Operations": NaN,
        "Net Income Continuous Operations": NaN,
        "Tax Provision": NaN,
        "Pretax Income": NaN,
        "Other Income Expense": NaN,
        "Other Non Operating Income Expenses": NaN,
        "Special Income Charges": NaN,
        "Gain On Sale Of Business": 150000000.0,
        "Other Special Charges": NaN,
        "Write Off": NaN,
        "Impairment Of Capital Assets": NaN,
        "Restructuring And Mergern Acquisition": NaN,
        "Earnings From Equity Interest": NaN,
        "Gain On Sale Of Security": NaN,
        "Net Non Operating Interest Income Expense": NaN,
        "Interest Expense Non Operating": NaN,
        "Interest Income Non Operating": NaN,
        "Operating Income": NaN,
        "Operating Expense": NaN,
        "Depreciation Amortization Depletion Income Statement": NaN,
        "Depreciation And Amortization In Income Statement": NaN,
        "Amortization": NaN,
        "Amortization Of Intangibles Income Statement": NaN,
        "Research And Development": NaN,
        "Selling General And Administration": NaN,
        "Gross Profit": NaN,
        "Cost Of Revenue": NaN,
        "Total Revenue": NaN,
        "Operating Revenue": NaN
    },
    "2024-06-30": {
        "Tax Effect Of Unusual Items": NaN,
        "Tax Rate For Calcs": NaN,
        "Normalized EBITDA": NaN,
        "Total Unusual Items": NaN,
        "Total Unusual Items Excluding Goodwill": NaN,
        "Net Income From Continuing Operation Net Minority Interest": NaN,
        "Reconciled Depreciation": NaN,
        "Reconciled Cost Of Revenue": NaN,
        "EBITDA": NaN,
        "EBIT": NaN,
        "Net Interest Income": NaN,
        "Interest Expense": NaN,
        "Interest Income": NaN,
        "Normalized Income": NaN,
        "Net Income From Continuing And Discontinued Operation": NaN,
        "Total Expenses": NaN,
        "Diluted Average Shares": NaN,
        "Basic Average Shares": NaN,
        "Diluted EPS": NaN,
        "Basic EPS": NaN,
        "Diluted NI Availto Com Stockholders": NaN,
        "Net Income Common Stockholders": NaN,
        "Net Income": NaN,
        "Minority Interests": NaN,
        "Net Income Including Noncontrolling Interests": NaN,
        "Net Income Discontinuous Operations": NaN,
        "Net Income Continuous Operations": NaN,
        "Tax Provision": NaN,
        "Pretax Income": NaN,
        "Other Income Expense": NaN,
        "Other Non Operating Income Expenses": NaN,
        "Special Income Charges": NaN,
        "Gain On Sale Of Business": NaN,
        "Other Special Charges": NaN,
        "Write Off": 41000000.0,
        "Impairment Of Capital Assets": NaN,
        "Restructuring And Mergern Acquisition": NaN,
        "Earnings From Equity Interest": NaN,
        "Gain On Sale Of Security": NaN,
        "Net Non Operating Interest Income Expense": NaN,
        "Interest Expense Non Operating": NaN,
        "Interest Income Non Operating": NaN,
        "Operating Income": NaN,
        "Operating Expense": NaN,
        "Depreciation Amortization Depletion Income Statement": NaN,
        "Depreciation And Amortization In Income Statement": NaN,
        "Amortization": NaN,
        "Amortization Of Intangibles Income Statement": NaN,
        "Research And Development": NaN,
        "Selling General And Administration": NaN,
        "Gross Profit": NaN,
        "Cost Of Revenue": NaN,
        "Total Revenue": NaN,
        "Operating Revenue": NaN
    },
    "2024-09-30": {
        "Tax Effect Of Unusual Items": -16526405.090138,
        "Tax Rate For Calcs": 0.049629,
        "Normalized EBITDA": 7586000000.0,
        "Total Unusual Items": -333000000.0,
        "Total Unusual Items Excluding Goodwill": -333000000.0,
        "Net Income From Continuing Operation Net Minority Interest": 4473000000.0,
        "Reconciled Depreciation": 1755000000.0,
        "Reconciled Cost Of Revenue": 4820000000.0,
        "EBITDA": 7253000000.0,
        "EBIT": 5498000000.0,
        "Net Interest Income": -667000000.0,
        "Interest Expense": 783000000.0,
        "Interest Income": 116000000.0,
        "Normalized Income": 4789473594.909862,
        "Net Income From Continuing And Discontinued Operation": 4465000000.0,
        "Total Expenses": 12430000000.0,
        "Diluted Average Shares": 5705000000.0,
        "Basic Average Shares": 5667000000.0,
        "Diluted EPS": 0.78,
        "Basic EPS": 0.79,
        "Diluted NI Availto Com Stockholders": 4465000000.0,
        "Net Income Common Stockholders": 4465000000.0,
        "Net Income": 4465000000.0,
        "Minority Interests": -8000000.0,
        "Net Income Including Noncontrolling Interests": 4473000000.0,
        "Net Income Discontinuous Operations": -8000000.0,
        "Net Income Continuous Operations": 4481000000.0,
        "Tax Provision": 234000000.0,
        "Pretax Income": 4715000000.0,
        "Other Income Expense": 112000000.0,
        "Other Non Operating Income Expenses": 295000000.0,
        "Special Income Charges": -779000000.0,
        "Gain On Sale Of Business": -420000000.0,
        "Other Special Charges": 45000000.0,
        "Write Off": 111000000.0,
        "Impairment Of Capital Assets": 0.0,
        "Restructuring And Mergern Acquisition": 314000000.0,
        "Earnings From Equity Interest": 150000000.0,
        "Gain On Sale Of Security": 446000000.0,
        "Net Non Operating Interest Income Expense": -667000000.0,
        "Interest Expense Non Operating": 783000000.0,
        "Interest Income Non Operating": 116000000.0,
        "Operating Income": 5271000000.0,
        "Operating Expense": 7167000000.0,
        "Depreciation Amortization Depletion Income Statement": 1312000000.0,
        "Depreciation And Amortization In Income Statement": 1312000000.0,
        "Amortization": 1312000000.0,
        "Amortization Of Intangibles Income Statement": 1312000000.0,
        "Research And Development": 2611000000.0,
        "Selling General And Administration": 3244000000.0,
        "Gross Profit": 12438000000.0,
        "Cost Of Revenue": 5263000000.0,
        "Total Revenue": 17701000000.0,
        "Operating Revenue": 17701000000.0
    },
    "2024-12-31": {
        "Tax Effect Of Unusual Items": -436380000.0,
        "Tax Rate For Calcs": 0.21,
        "Normalized EBITDA": 4598000000.0,
        "Total Unusual Items": -2078000000.0,
        "Total Unusual Items Excluding Goodwill": -2078000000.0,
        "Net Income From Continuing Operation Net Minority Interest": 403000000.0,
        "Reconciled Depreciation": 1791000000.0,
        "Reconciled Cost Of Revenue": 5477000000.0,
        "EBITDA": 2520000000.0,
        "EBIT": 729000000.0,
        "Net Interest Income": -568000000.0,
        "Interest Expense": 739000000.0,
        "Interest Income": 171000000.0,
        "Normalized Income": 2044620000.0,
        "Net Income From Continuing And Discontinued Operation": 410000000.0,
        "Total Expenses": 14665000000.0,
        "Diluted Average Shares": 5703000000.0,
        "Basic Average Shares": 5667000000.0,
        "Diluted EPS": 0.07,
        "Basic EPS": 0.07,
        "Diluted NI Availto Com Stockholders": 410000000.0,
        "Net Income Common Stockholders": 410000000.0,
        "Net Income": 410000000.0,
        "Minority Interests": -8000000.0,
        "Net Income Including Noncontrolling Interests": 418000000.0,
        "Net Income Discontinuous Operations": 7000000.0,
        "Net Income Continuous Operations": 411000000.0,
        "Tax Provision": -421000000.0,
        "Pretax Income": -10000000.0,
        "Other Income Expense": -2541000000.0,
        "Other Non Operating Income Expenses": -463000000.0,
        "Special Income Charges": -3046000000.0,
        "Gain On Sale Of Business": 795000000.0,
        "Other Special Charges": 145000000.0,
        "Write Off": 255000000.0,
        "Impairment Of Capital Assets": 2946000000.0,
        "Restructuring And Mergern Acquisition": 750000000.0,
        "Earnings From Equity Interest": 0.0,
        "Gain On Sale Of Security": 968000000.0,
        "Net Non Operating Interest Income Expense": -568000000.0,
        "Interest Expense Non Operating": 739000000.0,
        "Interest Income Non Operating": 171000000.0,
        "Operating Income": 3099000000.0,
        "Operating Expense": 8756000000.0,
        "Depreciation Amortization Depletion Income Statement": 1359000000.0,
        "Depreciation And Amortization In Income Statement": 1359000000.0,
        "Amortization": 1359000000.0,
        "Amortization Of Intangibles Income Statement": 1359000000.0,
        "Research And Development": 3123000000.0,
        "Selling General And Administration": 4274000000.0,
        "Gross Profit": 11855000000.0,
        "Cost Of Revenue": 5909000000.0,
        "Total Revenue": 17764000000.0,
        "Operating Revenue": 17764000000.0
    },
    "2025-03-31": {
        "Tax Effect Of Unusual Items": -296940000.0,
        "Tax Rate For Calcs": 0.21,
        "Normalized EBITDA": 6471000000.0,
        "Total Unusual Items": -1414000000.0,
        "Total Unusual Items Excluding Goodwill": -1414000000.0,
        "Net Income From Continuing Operation Net Minority Interest": 2967000000.0,
        "Reconciled Depreciation": 1618000000.0,
        "Reconciled Cost Of Revenue": 2438000000.0,
        "EBITDA": 5057000000.0,
        "EBIT": 3439000000.0,
        "Net Interest Income": -511000000.0,
        "Interest Expense": 654000000.0,
        "Interest Income": 143000000.0,
        "Normalized Income": 4084060000.0,
        "Net Income From Continuing And Discontinued Operation": 2967000000.0,
        "Total Expenses": 9299000000.0,
        "Diluted Average Shares": 5710000000.0,
        "Basic Average Shares": 5675000000.0,
        "Diluted EPS": 0.52,
        "Basic EPS": 0.52,
        "Diluted NI Availto Com Stockholders": 2967000000.0,
        "Net Income Common Stockholders": 2967000000.0,
        "Net Income": 2967000000.0,
        "Minority Interests": -6000000.0,
        "Net Income Including Noncontrolling Interests": 2973000000.0,
        "Net Income Discontinuous Operations": 0.0,
        "Net Income Continuous Operations": 2973000000.0,
        "Tax Provision": -189000000.0,
        "Pretax Income": 2785000000.0,
        "Other Income Expense": -1121000000.0,
        "Other Non Operating Income Expenses": 293000000.0,
        "Special Income Charges": -1044000000.0,
        "Gain On Sale Of Business": NaN,
        "Other Special Charges": 142000000.0,
        "Write Off": 173000000.0,
        "Impairment Of Capital Assets": 224000000.0,
        "Restructuring And Mergern Acquisition": 678000000.0,
        "Earnings From Equity Interest": 0.0,
        "Gain On Sale Of Security": -370000000.0,
        "Net Non Operating Interest Income Expense": -511000000.0,
        "Interest Expense Non Operating": 654000000.0,
        "Interest Income Non Operating": 143000000.0,
        "Operating Income": 4416000000.0,
        "Operating Expense": 6454000000.0,
        "Depreciation Amortization Depletion Income Statement": 1211000000.0,
        "Depreciation And Amortization In Income Statement": 1211000000.0,
        "Amortization": 1211000000.0,
        "Amortization Of Intangibles Income Statement": 1211000000.0,
        "Research And Development": 2212000000.0,
        "Selling General And Administration": 3031000000.0,
        "Gross Profit": 10870000000.0,
        "Cost Of Revenue": 2845000000.0,
        "Total Revenue": 13715000000.0,
        "Operating Revenue": 13715000000.0
    },
    "2025-06-30": {
        "Tax Effect Of Unusual Items": -19547306.176084,
        "Tax Rate For Calcs": 0.046321,
        "Normalized EBITDA": 5745000000.0,
        "Total Unusual Items": -422000000.0,
        "Total Unusual Items Excluding Goodwill": -422000000.0,
        "Net Income From Continuing Operation Net Minority Interest": 2885000000.0,
        "Reconciled Depreciation": 1625000000.0,
        "Reconciled Cost Of Revenue": 3364000000.0,
        "EBITDA": 5323000000.0,
        "EBIT": 3698000000.0,
        "Net Interest Income": -498000000.0,
        "Interest Expense": 654000000.0,
        "Interest Income": 156000000.0,
        "Normalized Income": 3287452693.823916,
        "Net Income From Continuing And Discontinued Operation": 2910000000.0,
        "Total Expenses": 10888000000.0,
        "Diluted Average Shares": 5706000000.0,
        "Basic Average Shares": 5685000000.0,
        "Diluted EPS": 0.51,
        "Basic EPS": 0.51,
        "Diluted NI Availto Com Stockholders": 2910000000.0,
        "Net Income Common Stockholders": 2910000000.0,
        "Net Income": 2910000000.0,
        "Minority Interests": -18000000.0,
        "Net Income Including Noncontrolling Interests": 2928000000.0,
        "Net Income Discontinuous Operations": 25000000.0,
        "Net Income Continuous Operations": 2903000000.0,
        "Tax Provision": 141000000.0,
        "Pretax Income": 3044000000.0,
        "Other Income Expense": -224000000.0,
        "Other Non Operating Income Expenses": 198000000.0,
        "Special Income Charges": -497000000.0,
        "Gain On Sale Of Business": NaN,
        "Other Special Charges": 422000000.0,
        "Write Off": 44000000.0,
        "Impairment Of Capital Assets": 93000000.0,
        "Restructuring And Mergern Acquisition": -18000000.0,
        "Earnings From Equity Interest": 0.0,
        "Gain On Sale Of Security": 75000000.0,
        "Net Non Operating Interest Income Expense": -498000000.0,
        "Interest Expense Non Operating": 654000000.0,
        "Interest Income Non Operating": 156000000.0,
        "Operating Income": 3765000000.0,
        "Operating Expense": 7110000000.0,
        "Depreciation Amortization Depletion Income Statement": 1211000000.0,
        "Depreciation And Amortization In Income Statement": 1211000000.0,
        "Amortization": 1211000000.0,
        "Amortization Of Intangibles Income Statement": 1211000000.0,
        "Research And Development": 2484000000.0,
        "Selling General And Administration": 3415000000.0,
        "Gross Profit": 10875000000.0,
        "Cost Of Revenue": 3778000000.0,
        "Total Revenue": 14653000000.0,
        "Operating Revenue": 14653000000.0
    },
    "2025-09-30": {
        "Tax Effect Of Unusual Items": -112560000.0,
        "Tax Rate For Calcs": 0.21,
        "Normalized EBITDA": 6184000000.0,
        "Total Unusual Items": -536000000.0,
        "Total Unusual Items Excluding Goodwill": -536000000.0,
        "Net Income From Continuing Operation Net Minority Interest": 3541000000.0,
        "Reconciled Depreciation": 1662000000.0,
        "Reconciled Cost Of Revenue": 3733000000.0,
        "EBITDA": 5648000000.0,
        "EBIT": 3986000000.0,
        "Net Interest Income": -514000000.0,
        "Interest Expense": 652000000.0,
        "Interest Income": 138000000.0,
        "Normalized Income": 3964440000.0,
        "Net Income From Continuing And Discontinued Operation": 3541000000.0,
        "Total Expenses": 12517000000.0,
        "Diluted Average Shares": 5714000000.0,
        "Basic Average Shares": 5685000000.0,
        "Diluted EPS": 0.62,
        "Basic EPS": 0.62,
        "Diluted NI Availto Com Stockholders": 3541000000.0,
        "Net Income Common Stockholders": 3541000000.0,
        "Net Income": 3541000000.0,
        "Minority Interests": -9000000.0,
        "Net Income Including Noncontrolling Interests": 3550000000.0,
        "Net Income Discontinuous Operations": 0.0,
        "Net Income Continuous Operations": 3550000000.0,
        "Tax Provision": -216000000.0,
        "Pretax Income": 3334000000.0,
        "Other Income Expense": -289000000.0,
        "Other Non Operating Income Expenses": 247000000.0,
        "Special Income Charges": -737000000.0,
        "Gain On Sale Of Business": NaN,
        "Other Special Charges": 191000000.0,
        "Write Off": NaN,
        "Impairment Of Capital Assets": 260000000.0,
        "Restructuring And Mergern Acquisition": 286000000.0,
        "Earnings From Equity Interest": 0.0,
        "Gain On Sale Of Security": 201000000.0,
        "Net Non Operating Interest Income Expense": -514000000.0,
        "Interest Expense Non Operating": 652000000.0,
        "Interest Income Non Operating": 138000000.0,
        "Operating Income": 4137000000.0,
        "Operating Expense": 8345000000.0,
        "Depreciation Amortization Depletion Income Statement": 1223000000.0,
        "Depreciation And Amortization In Income Statement": 1223000000.0,
        "Amortization": 1223000000.0,
        "Amortization Of Intangibles Income Statement": 1223000000.0,
        "Research And Development": 3936000000.0,
        "Selling General And Administration": 3186000000.0,
        "Gross Profit": 12482000000.0,
        "Cost Of Revenue": 4172000000.0,
        "Total Revenue": 16654000000.0,
        "Operating Revenue": 16654000000.0
    }
}