{
    "2023-06-30": {
        "Tax Effect Of Unusual Items": NaN,
        "Tax Rate For Calcs": NaN,
        "Normalized EBITDA": NaN,
        "Total Unusual Items": NaN,
        "Total Unusual Items Excluding Goodwill": NaN,
        "Net Income From Continuing Operation Net Minority Interest": NaN,
        "Reconciled Depreciation": NaN,
        "Reconciled Cost Of Revenue": NaN,
        "EBITDA": NaN,
        "EBIT": NaN,
        "Net Interest Income": NaN,
        "Interest Expense": NaN,
        "Interest Income": NaN,
        "Normalized Income": NaN,
        "Net Income From Continuing And Discontinued Operation": NaN,
        "Total Expenses": NaN,
        "Total Operating Income As Reported": NaN,
        "Diluted Average Shares": 2477500000.0,
        "Basic Average Shares": 2417142857.0,
        "Diluted EPS": 1.37,
        "Basic EPS": 1.4,
        "Diluted NI Availto Com Stockholders": NaN,
        "Net Income Common Stockholders": NaN,
        "Preferred Stock Dividends": NaN,
        "Net Income": NaN,
        "Minority Interests": NaN,
        "Net Income Including Noncontrolling Interests": NaN,
        "Net Income Continuous Operations": NaN,
        "Tax Provision": NaN,
        "Pretax Income": NaN,
        "Other Income Expense": NaN,
        "Other Non Operating Income Expenses": NaN,
        "Special Income Charges": NaN,
        "Impairment Of Capital Assets": NaN,
        "Net Non Operating Interest Income Expense": NaN,
        "Interest Expense Non Operating": NaN,
        "Interest Income Non Operating": NaN,
        "Operating Income": NaN,
        "Operating Expense": NaN,
        "Selling General And Administration": NaN,
        "Gross Profit": NaN,
        "Cost Of Revenue": NaN,
        "Total Revenue": NaN,
        "Operating Revenue": NaN
    },
    "2023-03-31": {
        "Tax Effect Of Unusual Items": NaN,
        "Tax Rate For Calcs": NaN,
        "Normalized EBITDA": NaN,
        "Total Unusual Items": 0.0,
        "Total Unusual Items Excluding Goodwill": 0.0,
        "Net Income From Continuing Operation Net Minority Interest": NaN,
        "Reconciled Depreciation": NaN,
        "Reconciled Cost Of Revenue": NaN,
        "EBITDA": NaN,
        "EBIT": NaN,
        "Net Interest Income": NaN,
        "Interest Expense": NaN,
        "Interest Income": NaN,
        "Normalized Income": NaN,
        "Net Income From Continuing And Discontinued Operation": NaN,
        "Total Expenses": NaN,
        "Total Operating Income As Reported": NaN,
        "Diluted Average Shares": NaN,
        "Basic Average Shares": NaN,
        "Diluted EPS": NaN,
        "Basic EPS": NaN,
        "Diluted NI Availto Com Stockholders": NaN,
        "Net Income Common Stockholders": NaN,
        "Preferred Stock Dividends": NaN,
        "Net Income": NaN,
        "Minority Interests": NaN,
        "Net Income Including Noncontrolling Interests": NaN,
        "Net Income Continuous Operations": NaN,
        "Tax Provision": NaN,
        "Pretax Income": NaN,
        "Other Income Expense": NaN,
        "Other Non Operating Income Expenses": NaN,
        "Special Income Charges": 0.0,
        "Impairment Of Capital Assets": 0.0,
        "Net Non Operating Interest Income Expense": NaN,
        "Interest Expense Non Operating": NaN,
        "Interest Income Non Operating": NaN,
        "Operating Income": NaN,
        "Operating Expense": NaN,
        "Selling General And Administration": NaN,
        "Gross Profit": NaN,
        "Cost Of Revenue": NaN,
        "Total Revenue": NaN,
        "Operating Revenue": NaN
    },
    "2022-12-31": {
        "Tax Effect Of Unusual Items": NaN,
        "Tax Rate For Calcs": NaN,
        "Normalized EBITDA": NaN,
        "Total Unusual Items": 0.0,
        "Total Unusual Items Excluding Goodwill": 0.0,
        "Net Income From Continuing Operation Net Minority Interest": NaN,
        "Reconciled Depreciation": NaN,
        "Reconciled Cost Of Revenue": NaN,
        "EBITDA": NaN,
        "EBIT": NaN,
        "Net Interest Income": NaN,
        "Interest Expense": NaN,
        "Interest Income": NaN,
        "Normalized Income": NaN,
        "Net Income From Continuing And Discontinued Operation": NaN,
        "Total Expenses": NaN,
        "Total Operating Income As Reported": NaN,
        "Diluted Average Shares": NaN,
        "Basic Average Shares": NaN,
        "Diluted EPS": NaN,
        "Basic EPS": NaN,
        "Diluted NI Availto Com Stockholders": NaN,
        "Average Dilution Earnings": 70000000.0,
        "Net Income Common Stockholders": NaN,
        "Preferred Stock Dividends": NaN,
        "Net Income": NaN,
        "Minority Interests": NaN,
        "Net Income Including Noncontrolling Interests": NaN,
        "Net Income Continuous Operations": NaN,
        "Tax Provision": NaN,
        "Pretax Income": NaN,
        "Other Income Expense": NaN,
        "Other Non Operating Income Expenses": NaN,
        "Special Income Charges": 0.0,
        "Impairment Of Capital Assets": 0.0,
        "Net Non Operating Interest Income Expense": NaN,
        "Interest Expense Non Operating": NaN,
        "Interest Income Non Operating": NaN,
        "Operating Income": NaN,
        "Operating Expense": NaN,
        "Selling General And Administration": NaN,
        "Gross Profit": NaN,
        "Cost Of Revenue": NaN,
        "Total Revenue": NaN,
        "Operating Revenue": NaN
    },
    "2022-09-30": {
        "Tax Effect Of Unusual Items": 0.0,
        "Tax Rate For Calcs": 0.207,
        "Normalized EBITDA": 5783000000.0,
        "Net Income From Continuing Operation Net Minority Interest": 3939000000.0,
        "Reconciled Depreciation": 663000000.0,
        "Reconciled Cost Of Revenue": 10846000000.0,
        "EBITDA": 5783000000.0,
        "EBIT": 5120000000.0,
        "Net Interest Income": -81000000.0,
        "Interest Expense": 123000000.0,
        "Interest Income": 42000000.0,
        "Normalized Income": 3939000000.0,
        "Net Income From Continuing And Discontinued Operation": 3939000000.0,
        "Total Expenses": 15673000000.0,
        "Total Operating Income As Reported": 4939000000.0,
        "Diluted Average Shares": 2503600000.0,
        "Basic Average Shares": 2385500000.0,
        "Diluted EPS": 1.57,
        "Basic EPS": 1.62,
        "Diluted NI Availto Com Stockholders": 3868000000.0,
        "Average Dilution Earnings": NaN,
        "Net Income Common Stockholders": 3868000000.0,
        "Preferred Stock Dividends": 71000000.0,
        "Net Income": 3939000000.0,
        "Minority Interests": -24000000.0,
        "Net Income Including Noncontrolling Interests": 3963000000.0,
        "Net Income Continuous Operations": 3963000000.0,
        "Tax Provision": 1034000000.0,
        "Pretax Income": 4997000000.0,
        "Other Income Expense": 139000000.0,
        "Other Non Operating Income Expenses": 139000000.0,
        "Net Non Operating Interest Income Expense": -81000000.0,
        "Interest Expense Non Operating": 123000000.0,
        "Interest Income Non Operating": 42000000.0,
        "Operating Income": 4939000000.0,
        "Operating Expense": 4827000000.0,
        "Selling General And Administration": 4827000000.0,
        "Gross Profit": 9766000000.0,
        "Cost Of Revenue": 10846000000.0,
        "Total Revenue": 20612000000.0,
        "Operating Revenue": 20612000000.0
    },
    "2022-06-30": {
        "Tax Effect Of Unusual Items": 0.0,
        "Tax Rate For Calcs": 0.162,
        "Normalized EBITDA": 4487000000.0,
        "Net Income From Continuing Operation Net Minority Interest": 3052000000.0,
        "Reconciled Depreciation": 722000000.0,
        "Reconciled Cost Of Revenue": 10802000000.0,
        "EBITDA": 4487000000.0,
        "EBIT": 3765000000.0,
        "Net Interest Income": -94000000.0,
        "Interest Expense": 115000000.0,
        "Interest Income": 21000000.0,
        "Normalized Income": 3052000000.0,
        "Net Income From Continuing And Discontinued Operation": 3052000000.0,
        "Total Expenses": 15917000000.0,
        "Total Operating Income As Reported": 3598000000.0,
        "Diluted Average Shares": 2523200000.0,
        "Basic Average Shares": 2399200000.0,
        "Diluted EPS": 1.21,
        "Basic EPS": 1.24,
        "Diluted NI Availto Com Stockholders": 3052000000.0,
        "Average Dilution Earnings": NaN,
        "Net Income Common Stockholders": 3052000000.0,
        "Preferred Stock Dividends": 73000000.0,
        "Net Income": 3052000000.0,
        "Minority Interests": -6000000.0,
        "Net Income Including Noncontrolling Interests": 3058000000.0,
        "Net Income Continuous Operations": 3058000000.0,
        "Tax Provision": 592000000.0,
        "Pretax Income": 3650000000.0,
        "Other Income Expense": 146000000.0,
        "Other Non Operating Income Expenses": 146000000.0,
        "Net Non Operating Interest Income Expense": -94000000.0,
        "Interest Expense Non Operating": 115000000.0,
        "Interest Income Non Operating": 21000000.0,
        "Operating Income": 3598000000.0,
        "Operating Expense": 5115000000.0,
        "Selling General And Administration": 5115000000.0,
        "Gross Profit": 8713000000.0,
        "Cost Of Revenue": 10802000000.0,
        "Total Revenue": 19515000000.0,
        "Operating Revenue": 19515000000.0
    },
    "2023-09-30": {
        "Tax Effect Of Unusual Items": NaN,
        "Tax Rate For Calcs": NaN,
        "Normalized EBITDA": NaN,
        "Total Unusual Items": NaN,
        "Total Unusual Items Excluding Goodwill": NaN,
        "Net Income From Continuing Operation Net Minority Interest": NaN,
        "Reconciled Depreciation": NaN,
        "Reconciled Cost Of Revenue": NaN,
        "EBITDA": NaN,
        "EBIT": NaN,
        "Net Interest Income": NaN,
        "Interest Expense": NaN,
        "Interest Income": NaN,
        "Normalized Income": NaN,
        "Net Income From Continuing And Discontinued Operation": NaN,
        "Total Expenses": NaN,
        "Total Operating Income As Reported": NaN,
        "Diluted Average Shares": 2475200000.0,
        "Basic Average Shares": 2360000000.0,
        "Diluted EPS": 1.83,
        "Basic EPS": 1.89,
        "Diluted NI Availto Com Stockholders": NaN,
        "Net Income Common Stockholders": NaN,
        "Preferred Stock Dividends": NaN,
        "Net Income": NaN,
        "Minority Interests": NaN,
        "Net Income Including Noncontrolling Interests": NaN,
        "Net Income Continuous Operations": NaN,
        "Tax Provision": NaN,
        "Pretax Income": NaN,
        "Other Income Expense": NaN,
        "Other Non Operating Income Expenses": NaN,
        "Special Income Charges": NaN,
        "Impairment Of Capital Assets": NaN,
        "Net Non Operating Interest Income Expense": NaN,
        "Interest Expense Non Operating": NaN,
        "Interest Income Non Operating": NaN,
        "Operating Income": NaN,
        "Operating Expense": NaN,
        "Selling General And Administration": NaN,
        "Gross Profit": NaN,
        "Cost Of Revenue": NaN,
        "Total Revenue": NaN,
        "Operating Revenue": NaN
    },
    "2023-12-31": {
        "Tax Effect Of Unusual Items": NaN,
        "Tax Rate For Calcs": NaN,
        "Normalized EBITDA": NaN,
        "Total Unusual Items": -1341000000.0,
        "Total Unusual Items Excluding Goodwill": -1341000000.0,
        "Net Income From Continuing Operation Net Minority Interest": NaN,
        "Reconciled Depreciation": NaN,
        "Reconciled Cost Of Revenue": NaN,
        "EBITDA": NaN,
        "EBIT": NaN,
        "Net Interest Income": NaN,
        "Interest Expense": NaN,
        "Interest Income": NaN,
        "Normalized Income": NaN,
        "Net Income From Continuing And Discontinued Operation": NaN,
        "Total Expenses": NaN,
        "Total Operating Income As Reported": NaN,
        "Diluted Average Shares": NaN,
        "Basic Average Shares": NaN,
        "Diluted EPS": NaN,
        "Basic EPS": NaN,
        "Diluted NI Availto Com Stockholders": NaN,
        "Net Income Common Stockholders": NaN,
        "Preferred Stock Dividends": NaN,
        "Net Income": NaN,
        "Minority Interests": NaN,
        "Net Income Including Noncontrolling Interests": NaN,
        "Net Income Continuous Operations": NaN,
        "Tax Provision": NaN,
        "Pretax Income": NaN,
        "Other Income Expense": NaN,
        "Other Non Operating Income Expenses": NaN,
        "Special Income Charges": -1341000000.0,
        "Impairment Of Capital Assets": 1341000000.0,
        "Net Non Operating Interest Income Expense": NaN,
        "Interest Expense Non Operating": NaN,
        "Interest Income Non Operating": NaN,
        "Operating Income": NaN,
        "Operating Expense": NaN,
        "Selling General And Administration": NaN,
        "Gross Profit": NaN,
        "Cost Of Revenue": NaN,
        "Total Revenue": NaN,
        "Operating Revenue": NaN
    },
    "2024-03-31": {
        "Tax Effect Of Unusual Items": NaN,
        "Tax Rate For Calcs": NaN,
        "Normalized EBITDA": NaN,
        "Total Unusual Items": 0.0,
        "Total Unusual Items Excluding Goodwill": 0.0,
        "Net Income From Continuing Operation Net Minority Interest": NaN,
        "Reconciled Depreciation": NaN,
        "Reconciled Cost Of Revenue": NaN,
        "EBITDA": NaN,
        "EBIT": NaN,
        "Net Interest Income": NaN,
        "Interest Expense": NaN,
        "Interest Income": NaN,
        "Normalized Income": NaN,
        "Net Income From Continuing And Discontinued Operation": NaN,
        "Total Expenses": NaN,
        "Total Operating Income As Reported": NaN,
        "Diluted Average Shares": NaN,
        "Basic Average Shares": NaN,
        "Diluted EPS": NaN,
        "Basic EPS": NaN,
        "Diluted NI Availto Com Stockholders": NaN,
        "Net Income Common Stockholders": NaN,
        "Preferred Stock Dividends": NaN,
        "Net Income": NaN,
        "Minority Interests": NaN,
        "Net Income Including Noncontrolling Interests": NaN,
        "Net Income Continuous Operations": NaN,
        "Tax Provision": NaN,
        "Pretax Income": NaN,
        "Other Income Expense": NaN,
        "Other Non Operating Income Expenses": NaN,
        "Special Income Charges": 0.0,
        "Impairment Of Capital Assets": 0.0,
        "Net Non Operating Interest Income Expense": NaN,
        "Interest Expense Non Operating": NaN,
        "Interest Income Non Operating": NaN,
        "Operating Income": NaN,
        "Operating Expense": NaN,
        "Selling General And Administration": NaN,
        "Gross Profit": NaN,
        "Cost Of Revenue": NaN,
        "Total Revenue": NaN,
        "Operating Revenue": NaN
    },
    "2024-06-30": {
        "Tax Effect Of Unusual Items": NaN,
        "Tax Rate For Calcs": NaN,
        "Normalized EBITDA": NaN,
        "Total Unusual Items": 0.0,
        "Total Unusual Items Excluding Goodwill": 0.0,
        "Net Income From Continuing Operation Net Minority Interest": NaN,
        "Reconciled Depreciation": NaN,
        "Reconciled Cost Of Revenue": NaN,
        "EBITDA": NaN,
        "EBIT": NaN,
        "Net Interest Income": NaN,
        "Interest Expense": NaN,
        "Interest Income": NaN,
        "Normalized Income": NaN,
        "Net Income From Continuing And Discontinued Operation": NaN,
        "Total Expenses": NaN,
        "Total Operating Income As Reported": NaN,
        "Diluted Average Shares": NaN,
        "Basic Average Shares": NaN,
        "Diluted EPS": NaN,
        "Basic EPS": NaN,
        "Diluted NI Availto Com Stockholders": NaN,
        "Net Income Common Stockholders": NaN,
        "Preferred Stock Dividends": NaN,
        "Net Income": NaN,
        "Minority Interests": NaN,
        "Net Income Including Noncontrolling Interests": NaN,
        "Net Income Continuous Operations": NaN,
        "Tax Provision": NaN,
        "Pretax Income": NaN,
        "Other Income Expense": NaN,
        "Other Non Operating Income Expenses": NaN,
        "Special Income Charges": 0.0,
        "Impairment Of Capital Assets": 0.0,
        "Net Non Operating Interest Income Expense": NaN,
        "Interest Expense Non Operating": NaN,
        "Interest Income Non Operating": NaN,
        "Operating Income": NaN,
        "Operating Expense": NaN,
        "Selling General And Administration": NaN,
        "Gross Profit": NaN,
        "Cost Of Revenue": NaN,
        "Total Revenue": NaN,
        "Operating Revenue": NaN
    },
    "2024-09-30": {
        "Tax Effect Of Unusual Items": 0.0,
        "Tax Rate For Calcs": 0.224,
        "Normalized EBITDA": 6106000000.0,
        "Total Unusual Items": NaN,
        "Total Unusual Items Excluding Goodwill": NaN,
        "Net Income From Continuing Operation Net Minority Interest": 3959000000.0,
        "Reconciled Depreciation": 728000000.0,
        "Reconciled Cost Of Revenue": 10421000000.0,
        "EBITDA": 6106000000.0,
        "EBIT": 5378000000.0,
        "Net Interest Income": -103000000.0,
        "Interest Expense": 238000000.0,
        "Interest Income": 135000000.0,
        "Normalized Income": 3959000000.0,
        "Net Income From Continuing And Discontinued Operation": 3959000000.0,
        "Total Expenses": 15940000000.0,
        "Total Operating Income As Reported": 5797000000.0,
        "Diluted Average Shares": 2466000000.0,
        "Basic Average Shares": 2399393939.0,
        "Diluted EPS": 1.61,
        "Basic EPS": 1.65,
        "Diluted NI Availto Com Stockholders": 3887000000.0,
        "Net Income Common Stockholders": 3887000000.0,
        "Preferred Stock Dividends": 72000000.0,
        "Net Income": 3959000000.0,
        "Minority Interests": -28000000.0,
        "Net Income Including Noncontrolling Interests": 3987000000.0,
        "Net Income Continuous Operations": 3987000000.0,
        "Tax Provision": 1152000000.0,
        "Pretax Income": 5140000000.0,
        "Other Income Expense": -554000000.0,
        "Other Non Operating Income Expenses": -554000000.0,
        "Special Income Charges": NaN,
        "Impairment Of Capital Assets": NaN,
        "Net Non Operating Interest Income Expense": -103000000.0,
        "Interest Expense Non Operating": 238000000.0,
        "Interest Income Non Operating": 135000000.0,
        "Operating Income": 5797000000.0,
        "Operating Expense": 5519000000.0,
        "Selling General And Administration": 5519000000.0,
        "Gross Profit": 11316000000.0,
        "Cost Of Revenue": 10421000000.0,
        "Total Revenue": 21737000000.0,
        "Operating Revenue": 21737000000.0
    },
    "2024-12-31": {
        "Tax Effect Of Unusual Items": 0.0,
        "Tax Rate For Calcs": 0.203,
        "Normalized EBITDA": 6791000000.0,
        "Total Unusual Items": 0.0,
        "Total Unusual Items Excluding Goodwill": 0.0,
        "Net Income From Continuing Operation Net Minority Interest": 4630000000.0,
        "Reconciled Depreciation": 706000000.0,
        "Reconciled Cost Of Revenue": 10418000000.0,
        "EBITDA": 6791000000.0,
        "EBIT": 6085000000.0,
        "Net Interest Income": -121000000.0,
        "Interest Expense": 240000000.0,
        "Interest Income": 119000000.0,
        "Normalized Income": 4630000000.0,
        "Net Income From Continuing And Discontinued Operation": 4630000000.0,
        "Total Expenses": 16141000000.0,
        "Total Operating Income As Reported": 5741000000.0,
        "Diluted Average Shares": 2458100000.0,
        "Basic Average Shares": 2386597938.0,
        "Diluted EPS": 1.88,
        "Basic EPS": 1.94,
        "Diluted NI Availto Com Stockholders": 4558000000.0,
        "Net Income Common Stockholders": 4558000000.0,
        "Preferred Stock Dividends": 72000000.0,
        "Net Income": 4630000000.0,
        "Minority Interests": -29000000.0,
        "Net Income Including Noncontrolling Interests": 4659000000.0,
        "Net Income Continuous Operations": 4659000000.0,
        "Tax Provision": 1187000000.0,
        "Pretax Income": 5845000000.0,
        "Other Income Expense": 224000000.0,
        "Other Non Operating Income Expenses": 224000000.0,
        "Special Income Charges": 0.0,
        "Impairment Of Capital Assets": 0.0,
        "Net Non Operating Interest Income Expense": -121000000.0,
        "Interest Expense Non Operating": 240000000.0,
        "Interest Income Non Operating": 119000000.0,
        "Operating Income": 5741000000.0,
        "Operating Expense": 5723000000.0,
        "Selling General And Administration": 5723000000.0,
        "Gross Profit": 11464000000.0,
        "Cost Of Revenue": 10418000000.0,
        "Total Revenue": 21882000000.0,
        "Operating Revenue": 21882000000.0
    },
    "2025-03-31": {
        "Tax Effect Of Unusual Items": 0.0,
        "Tax Rate For Calcs": 0.186,
        "Normalized EBITDA": 5568000000.0,
        "Total Unusual Items": 0.0,
        "Total Unusual Items Excluding Goodwill": 0.0,
        "Net Income From Continuing Operation Net Minority Interest": 3769000000.0,
        "Reconciled Depreciation": 690000000.0,
        "Reconciled Cost Of Revenue": 9694000000.0,
        "EBITDA": 5568000000.0,
        "EBIT": 4878000000.0,
        "Net Interest Income": -106000000.0,
        "Interest Expense": 217000000.0,
        "Interest Income": 111000000.0,
        "Normalized Income": 3769000000.0,
        "Net Income From Continuing And Discontinued Operation": 3769000000.0,
        "Total Expenses": 15218000000.0,
        "Total Operating Income As Reported": 4558000000.0,
        "Diluted Average Shares": 2449800000.0,
        "Basic Average Shares": 2385443038.0,
        "Diluted EPS": 1.54,
        "Basic EPS": 1.58,
        "Diluted NI Availto Com Stockholders": 3698000000.0,
        "Net Income Common Stockholders": 3698000000.0,
        "Preferred Stock Dividends": 71000000.0,
        "Net Income": 3769000000.0,
        "Minority Interests": -23000000.0,
        "Net Income Including Noncontrolling Interests": 3793000000.0,
        "Net Income Continuous Operations": 3793000000.0,
        "Tax Provision": 868000000.0,
        "Pretax Income": 4661000000.0,
        "Other Income Expense": 210000000.0,
        "Other Non Operating Income Expenses": 210000000.0,
        "Special Income Charges": 0.0,
        "Impairment Of Capital Assets": 0.0,
        "Net Non Operating Interest Income Expense": -106000000.0,
        "Interest Expense Non Operating": 217000000.0,
        "Interest Income Non Operating": 111000000.0,
        "Operating Income": 4558000000.0,
        "Operating Expense": 5524000000.0,
        "Selling General And Administration": 5524000000.0,
        "Gross Profit": 10082000000.0,
        "Cost Of Revenue": 9694000000.0,
        "Total Revenue": 19776000000.0,
        "Operating Revenue": 19776000000.0
    },
    "2025-06-30": {
        "Tax Effect Of Unusual Items": 0.0,
        "Tax Rate For Calcs": 0.197965,
        "Normalized EBITDA": 5456000000.0,
        "Total Unusual Items": 0.0,
        "Total Unusual Items Excluding Goodwill": 0.0,
        "Net Income From Continuing Operation Net Minority Interest": 3615000000.0,
        "Reconciled Depreciation": 723000000.0,
        "Reconciled Cost Of Revenue": 10631000000.0,
        "EBITDA": 5456000000.0,
        "EBIT": 4733000000.0,
        "Net Interest Income": -108000000.0,
        "Interest Expense": 212000000.0,
        "Interest Income": 104000000.0,
        "Normalized Income": 3615000000.0,
        "Net Income From Continuing And Discontinued Operation": 3615000000.0,
        "Total Expenses": 16535000000.0,
        "Total Operating Income As Reported": 4355000000.0,
        "Diluted Average Shares": 2443800000.0,
        "Basic Average Shares": 2394039735.0,
        "Diluted EPS": 1.48,
        "Basic EPS": 1.51,
        "Diluted NI Availto Com Stockholders": 3830000000.0,
        "Net Income Common Stockholders": 3538000000.0,
        "Preferred Stock Dividends": 76000000.0,
        "Net Income": 3615000000.0,
        "Minority Interests": -11000000.0,
        "Net Income Including Noncontrolling Interests": 3626000000.0,
        "Net Income Continuous Operations": 3626000000.0,
        "Tax Provision": 895000000.0,
        "Pretax Income": 4521000000.0,
        "Other Income Expense": 274000000.0,
        "Other Non Operating Income Expenses": 274000000.0,
        "Special Income Charges": 0.0,
        "Impairment Of Capital Assets": 0.0,
        "Net Non Operating Interest Income Expense": -108000000.0,
        "Interest Expense Non Operating": 212000000.0,
        "Interest Income Non Operating": 104000000.0,
        "Operating Income": 4354000000.0,
        "Operating Expense": 5904000000.0,
        "Selling General And Administration": 5904000000.0,
        "Gross Profit": 10258000000.0,
        "Cost Of Revenue": 10631000000.0,
        "Total Revenue": 20889000000.0,
        "Operating Revenue": 20889000000.0
    },
    "2025-09-30": {
        "Tax Effect Of Unusual Items": 0.0,
        "Tax Rate For Calcs": 0.208,
        "Normalized EBITDA": 6992000000.0,
        "Total Unusual Items": NaN,
        "Total Unusual Items Excluding Goodwill": NaN,
        "Net Income From Continuing Operation Net Minority Interest": 4750000000.0,
        "Reconciled Depreciation": 761000000.0,
        "Reconciled Cost Of Revenue": 10887000000.0,
        "EBITDA": 6992000000.0,
        "EBIT": 6231000000.0,
        "Net Interest Income": -89000000.0,
        "Interest Expense": 197000000.0,
        "Interest Income": 108000000.0,
        "Normalized Income": 4750000000.0,
        "Net Income From Continuing And Discontinued Operation": 4750000000.0,
        "Total Expenses": 16530000000.0,
        "Total Operating Income As Reported": 5856000000.0,
        "Diluted Average Shares": 2436800000.0,
        "Basic Average Shares": 2375000000.0,
        "Diluted EPS": 1.95,
        "Basic EPS": 2.0,
        "Diluted NI Availto Com Stockholders": 4677000000.0,
        "Net Income Common Stockholders": 4677000000.0,
        "Preferred Stock Dividends": 73000000.0,
        "Net Income": 4750000000.0,
        "Minority Interests": -31000000.0,
        "Net Income Including Noncontrolling Interests": 4781000000.0,
        "Net Income Continuous Operations": 4781000000.0,
        "Tax Provision": 1253000000.0,
        "Pretax Income": 6034000000.0,
        "Other Income Expense": 268000000.0,
        "Other Non Operating Income Expenses": 268000000.0,
        "Special Income Charges": NaN,
        "Impairment Of Capital Assets": NaN,
        "Net Non Operating Interest Income Expense": -89000000.0,
        "Interest Expense Non Operating": 197000000.0,
        "Interest Income Non Operating": 108000000.0,
        "Operating Income": 5856000000.0,
        "Operating Expense": 5643000000.0,
        "Selling General And Administration": 5643000000.0,
        "Gross Profit": 11499000000.0,
        "Cost Of Revenue": 10887000000.0,
        "Total Revenue": 22386000000.0,
        "Operating Revenue": 22386000000.0
    }
}