{
    "2023-06-30": {
        "Tax Effect Of Unusual Items": NaN,
        "Tax Rate For Calcs": NaN,
        "Total Unusual Items": 0.0,
        "Total Unusual Items Excluding Goodwill": 0.0,
        "Net Income From Continuing Operation Net Minority Interest": NaN,
        "Reconciled Depreciation": NaN,
        "EBIT": NaN,
        "Net Interest Income": NaN,
        "Interest Expense": NaN,
        "Normalized Income": NaN,
        "Net Income From Continuing And Discontinued Operation": NaN,
        "Total Expenses": NaN,
        "Diluted Average Shares": 587000000.0,
        "Basic Average Shares": 584900000.0,
        "Diluted EPS": 0.57,
        "Basic EPS": 0.57,
        "Diluted NI Availto Com Stockholders": NaN,
        "Net Income Common Stockholders": NaN,
        "Preferred Stock Dividends": 9500000.0,
        "Net Income": NaN,
        "Net Income Including Noncontrolling Interests": NaN,
        "Net Income Continuous Operations": NaN,
        "Tax Provision": NaN,
        "Pretax Income": NaN,
        "Other Income Expense": 226700000.0,
        "Special Income Charges": 0.0,
        "Impairment Of Capital Assets": 0.0,
        "Net Non Operating Interest Income Expense": NaN,
        "Interest Expense Non Operating": NaN,
        "Total Revenue": NaN,
        "Operating Revenue": NaN,
        "Loss Adjustment Expense": NaN,
        "Net Policyholder Benefits And Claims": NaN
    },
    "2023-03-31": {
        "Tax Effect Of Unusual Items": NaN,
        "Tax Rate For Calcs": NaN,
        "Total Unusual Items": NaN,
        "Total Unusual Items Excluding Goodwill": NaN,
        "Net Income From Continuing Operation Net Minority Interest": NaN,
        "Reconciled Depreciation": NaN,
        "EBIT": NaN,
        "Net Interest Income": NaN,
        "Interest Expense": NaN,
        "Normalized Income": NaN,
        "Net Income From Continuing And Discontinued Operation": NaN,
        "Total Expenses": NaN,
        "Diluted Average Shares": NaN,
        "Basic Average Shares": NaN,
        "Diluted EPS": NaN,
        "Basic EPS": NaN,
        "Diluted NI Availto Com Stockholders": NaN,
        "Net Income Common Stockholders": NaN,
        "Preferred Stock Dividends": 7300000.0,
        "Net Income": NaN,
        "Net Income Including Noncontrolling Interests": NaN,
        "Net Income Continuous Operations": NaN,
        "Tax Provision": NaN,
        "Pretax Income": NaN,
        "Other Income Expense": 206200000.0,
        "Special Income Charges": NaN,
        "Impairment Of Capital Assets": NaN,
        "Net Non Operating Interest Income Expense": NaN,
        "Interest Expense Non Operating": NaN,
        "Total Revenue": NaN,
        "Operating Revenue": NaN,
        "Loss Adjustment Expense": NaN,
        "Net Policyholder Benefits And Claims": NaN
    },
    "2022-12-31": {
        "Tax Effect Of Unusual Items": NaN,
        "Tax Rate For Calcs": NaN,
        "Total Unusual Items": 0.0,
        "Total Unusual Items Excluding Goodwill": 0.0,
        "Net Income From Continuing Operation Net Minority Interest": NaN,
        "Reconciled Depreciation": NaN,
        "EBIT": NaN,
        "Net Interest Income": NaN,
        "Interest Expense": NaN,
        "Normalized Income": NaN,
        "Net Income From Continuing And Discontinued Operation": NaN,
        "Total Expenses": NaN,
        "Diluted Average Shares": NaN,
        "Basic Average Shares": NaN,
        "Diluted EPS": NaN,
        "Basic EPS": NaN,
        "Diluted NI Availto Com Stockholders": NaN,
        "Net Income Common Stockholders": NaN,
        "Preferred Stock Dividends": NaN,
        "Net Income": NaN,
        "Net Income Including Noncontrolling Interests": NaN,
        "Net Income Continuous Operations": NaN,
        "Tax Provision": NaN,
        "Pretax Income": NaN,
        "Other Income Expense": 190200000.0,
        "Special Income Charges": 0.0,
        "Impairment Of Capital Assets": 0.0,
        "Net Non Operating Interest Income Expense": NaN,
        "Interest Expense Non Operating": NaN,
        "Total Revenue": NaN,
        "Operating Revenue": NaN,
        "Loss Adjustment Expense": NaN,
        "Net Policyholder Benefits And Claims": NaN
    },
    "2022-09-30": {
        "Tax Effect Of Unusual Items": NaN,
        "Tax Rate For Calcs": NaN,
        "Total Unusual Items": 0.0,
        "Total Unusual Items Excluding Goodwill": 0.0,
        "Net Income From Continuing Operation Net Minority Interest": NaN,
        "Reconciled Depreciation": NaN,
        "EBIT": NaN,
        "Net Interest Income": NaN,
        "Interest Expense": NaN,
        "Normalized Income": NaN,
        "Net Income From Continuing And Discontinued Operation": NaN,
        "Total Expenses": NaN,
        "Diluted Average Shares": 587100000.0,
        "Basic Average Shares": 584500000.0,
        "Diluted EPS": 0.2,
        "Basic EPS": 0.2,
        "Diluted NI Availto Com Stockholders": NaN,
        "Net Income Common Stockholders": NaN,
        "Preferred Stock Dividends": NaN,
        "Net Income": NaN,
        "Net Income Including Noncontrolling Interests": NaN,
        "Net Income Continuous Operations": NaN,
        "Tax Provision": NaN,
        "Pretax Income": NaN,
        "Other Income Expense": 181400000.0,
        "Special Income Charges": 0.0,
        "Impairment Of Capital Assets": 0.0,
        "Net Non Operating Interest Income Expense": NaN,
        "Interest Expense Non Operating": NaN,
        "Total Revenue": NaN,
        "Operating Revenue": NaN
    },
    "2022-06-30": {
        "Tax Effect Of Unusual Items": 0.0,
        "Tax Rate For Calcs": 0.146249,
        "Total Unusual Items": -224800000.0,
        "Total Unusual Items Excluding Goodwill": -224800000.0,
        "Net Income From Continuing Operation Net Minority Interest": -542900000.0,
        "Reconciled Depreciation": 84000000.0,
        "EBIT": -572900000.0,
        "Net Interest Income": -63000000.0,
        "Interest Expense": 63000000.0,
        "Normalized Income": -542900000.0,
        "Net Income From Continuing And Discontinued Operation": -542900000.0,
        "Total Expenses": 12149200000.0,
        "Diluted Average Shares": 586500000.0,
        "Basic Average Shares": 584300000.0,
        "Diluted EPS": -0.94,
        "Basic EPS": -0.94,
        "Diluted NI Availto Com Stockholders": -549600000.0,
        "Net Income Common Stockholders": -549600000.0,
        "Preferred Stock Dividends": 6700000.0,
        "Net Income": -542900000.0,
        "Net Income Including Noncontrolling Interests": -542900000.0,
        "Net Income Continuous Operations": -542900000.0,
        "Tax Provision": -93000000.0,
        "Pretax Income": -635900000.0,
        "Other Income Expense": 176500000.0,
        "Special Income Charges": -224800000.0,
        "Impairment Of Capital Assets": 224800000.0,
        "Net Non Operating Interest Income Expense": -63000000.0,
        "Interest Expense Non Operating": 63000000.0,
        "Total Revenue": 11513300000.0,
        "Operating Revenue": 11513300000.0
    },
    "2022-03-31": {
        "Diluted EPS": 0.52,
        "Total Revenue": NaN,
        "Gross Profit": 513,
        "Operating Income": 513,
        "EBIT": 626,
        "Net Income": 307
    },
    "2021-12-31": {
        "Diluted EPS": 1.62,
        "Total Revenue": NaN,
        "Gross Profit": NaN,
        "Operating Income": NaN,
        "EBIT": NaN,
        "Net Income": 956
    },
    "2021-09-30": {
        "Diluted EPS": 0.19,
        "Total Revenue": NaN,
        "Gross Profit": 273,
        "Operating Income": 273,
        "EBIT": 397,
        "Net Income": 112
    },
    "2021-06-30": {
        "Diluted EPS": 1.34,
        "Total Revenue": NaN,
        "Gross Profit": NaN,
        "Operating Income": NaN,
        "EBIT": NaN,
        "Net Income": 783
    },
    "2021-03-31": {
        "Diluted EPS": 2.51,
        "Total Revenue": NaN,
        "Gross Profit": NaN,
        "Operating Income": NaN,
        "EBIT": NaN,
        "Net Income": NaN
    },
    "2020-12-31": {
        "Diluted EPS": 2.86,
        "Total Revenue": NaN,
        "Gross Profit": NaN,
        "Operating Income": NaN,
        "EBIT": NaN,
        "Net Income": NaN
    },
    "2020-09-30": {
        "Diluted EPS": 2.59,
        "Total Revenue": NaN,
        "Gross Profit": NaN,
        "Operating Income": NaN,
        "EBIT": NaN,
        "Net Income": NaN
    },
    "2020-06-30": {
        "Diluted EPS": 3.04,
        "Total Revenue": NaN,
        "Gross Profit": NaN,
        "Operating Income": NaN,
        "EBIT": NaN,
        "Net Income": NaN
    },
    "2020-03-31": {
        "Diluted EPS": 1.17,
        "Total Revenue": NaN,
        "Gross Profit": 976,
        "Operating Income": 976,
        "EBIT": NaN,
        "Net Income": 686
    },
    "2019-12-31": {
        "Diluted EPS": 1.81,
        "Total Revenue": NaN,
        "Gross Profit": NaN,
        "Operating Income": NaN,
        "EBIT": NaN,
        "Net Income": NaN
    },
    "2019-09-30": {
        "Diluted EPS": 1.42,
        "Total Revenue": NaN,
        "Gross Profit": NaN,
        "Operating Income": NaN,
        "EBIT": NaN,
        "Net Income": 842
    },
    "2019-06-30": {
        "Diluted EPS": 1.66,
        "Total Revenue": NaN,
        "Gross Profit": NaN,
        "Operating Income": NaN,
        "EBIT": NaN,
        "Net Income": 973
    },
    "2019-03-31": {
        "Diluted EPS": 1.83,
        "Total Revenue": NaN,
        "Gross Profit": NaN,
        "Operating Income": NaN,
        "EBIT": NaN,
        "Net Income": NaN
    },
    "2018-12-31": {
        "Diluted EPS": 0.44,
        "Total Revenue": NaN,
        "Gross Profit": 326,
        "Operating Income": 326,
        "EBIT": 402,
        "Net Income": 250
    },
    "2018-09-30": {
        "Diluted EPS": 1.57,
        "Total Revenue": NaN,
        "Gross Profit": NaN,
        "Operating Income": NaN,
        "EBIT": NaN,
        "Net Income": 928
    },
    "2018-06-30": {
        "Diluted EPS": 1.19,
        "Total Revenue": NaN,
        "Gross Profit": 965,
        "Operating Income": 965,
        "EBIT": NaN,
        "Net Income": 698
    },
    "2018-03-31": {
        "Diluted EPS": 1.22,
        "Total Revenue": NaN,
        "Gross Profit": 983,
        "Operating Income": 983,
        "EBIT": NaN,
        "Net Income": 718
    },
    "2017-12-31": {
        "Diluted EPS": 0.98,
        "Total Revenue": NaN,
        "Gross Profit": 760,
        "Operating Income": 760,
        "EBIT": 840,
        "Net Income": 576
    },
    "2017-09-30": {
        "Diluted EPS": 0.38,
        "Total Revenue": NaN,
        "Gross Profit": 324,
        "Operating Income": 324,
        "EBIT": 407,
        "Net Income": 224
    },
    "2017-06-30": {
        "Diluted EPS": 0.63,
        "Total Revenue": NaN,
        "Gross Profit": 632,
        "Operating Income": 632,
        "EBIT": 712,
        "Net Income": 368
    },
    "2017-03-31": {
        "Diluted EPS": 0.73,
        "Total Revenue": NaN,
        "Gross Profit": 710,
        "Operating Income": 710,
        "EBIT": 788,
        "Net Income": 424
    },
    "2016-12-31": {
        "Diluted EPS": 0.65,
        "Total Revenue": NaN,
        "Gross Profit": 606,
        "Operating Income": 606,
        "EBIT": 684,
        "Net Income": 383
    },
    "2016-09-30": {
        "Diluted EPS": 0.34,
        "Total Revenue": NaN,
        "Gross Profit": 322,
        "Operating Income": 322,
        "EBIT": 389,
        "Net Income": 199
    },
    "2016-06-30": {
        "Diluted EPS": 0.33,
        "Total Revenue": NaN,
        "Gross Profit": 351,
        "Operating Income": 351,
        "EBIT": 418,
        "Net Income": 191
    },
    "2016-03-31": {
        "Diluted EPS": 0.44,
        "Total Revenue": NaN,
        "Gross Profit": 448,
        "Operating Income": 448,
        "EBIT": 512,
        "Net Income": 258
    },
    "2015-12-31": {
        "Diluted EPS": 0.56,
        "Total Revenue": NaN,
        "Gross Profit": 576,
        "Operating Income": 576,
        "EBIT": 646,
        "Net Income": 330
    },
    "2015-09-30": {
        "Diluted EPS": 0.47,
        "Total Revenue": NaN,
        "Gross Profit": 489,
        "Operating Income": 489,
        "EBIT": 558,
        "Net Income": 278
    },
    "2015-06-30": {
        "Diluted EPS": 0.62,
        "Total Revenue": NaN,
        "Gross Profit": 586,
        "Operating Income": 586,
        "EBIT": 654,
        "Net Income": 363
    },
    "2015-03-31": {
        "Diluted EPS": 0.5,
        "Total Revenue": NaN,
        "Gross Profit": 497,
        "Operating Income": 497,
        "EBIT": 538,
        "Net Income": 296
    },
    "2014-12-31": {
        "Diluted EPS": 0.62,
        "Total Revenue": NaN,
        "Gross Profit": 596,
        "Operating Income": 596,
        "EBIT": 640,
        "Net Income": 370
    },
    "2014-09-30": {
        "Diluted EPS": 0.5,
        "Total Revenue": NaN,
        "Gross Profit": 490,
        "Operating Income": 490,
        "EBIT": 536,
        "Net Income": 296
    },
    "2014-06-30": {
        "Diluted EPS": 0.49,
        "Total Revenue": NaN,
        "Gross Profit": 486,
        "Operating Income": 486,
        "EBIT": 529,
        "Net Income": 293
    },
    "2014-03-31": {
        "Diluted EPS": 0.54,
        "Total Revenue": NaN,
        "Gross Profit": 522,
        "Operating Income": 522,
        "EBIT": 564,
        "Net Income": 321
    },
    "2013-12-31": {
        "Diluted EPS": 0.49,
        "Total Revenue": NaN,
        "Gross Profit": 465,
        "Operating Income": 465,
        "EBIT": 514,
        "Net Income": 300
    },
    "2013-09-30": {
        "Diluted EPS": 0.39,
        "Total Revenue": NaN,
        "Gross Profit": 392,
        "Operating Income": 392,
        "EBIT": 452,
        "Net Income": 232
    },
    "2013-06-30": {
        "Diluted EPS": 0.54,
        "Total Revenue": NaN,
        "Gross Profit": 532,
        "Operating Income": 532,
        "EBIT": 594,
        "Net Income": 325
    },
    "2013-03-31": {
        "Diluted EPS": 0.51,
        "Total Revenue": NaN,
        "Gross Profit": 507,
        "Operating Income": 507,
        "EBIT": 571,
        "Net Income": 309
    },
    "2012-12-31": {
        "Diluted EPS": 0.41,
        "Total Revenue": NaN,
        "Gross Profit": 397,
        "Operating Income": 397,
        "EBIT": 463,
        "Net Income": 249
    },
    "2012-09-30": {
        "Diluted EPS": 0.46,
        "Total Revenue": NaN,
        "Gross Profit": 456,
        "Operating Income": 456,
        "EBIT": 527,
        "Net Income": 277
    },
    "2012-06-30": {
        "Diluted EPS": 0.19,
        "Total Revenue": NaN,
        "Gross Profit": 212,
        "Operating Income": 212,
        "EBIT": 283,
        "Net Income": 119
    },
    "2012-03-31": {
        "Diluted EPS": 0.42,
        "Total Revenue": NaN,
        "Gross Profit": 428,
        "Operating Income": 428,
        "EBIT": 501,
        "Net Income": 258
    },
    "2011-12-31": {
        "Diluted EPS": 0.42,
        "Total Revenue": NaN,
        "Gross Profit": 420,
        "Operating Income": 420,
        "EBIT": 502,
        "Net Income": 257
    },
    "2011-09-30": {
        "Diluted EPS": 0.24,
        "Total Revenue": NaN,
        "Gross Profit": 251,
        "Operating Income": 251,
        "EBIT": 332,
        "Net Income": 151
    },
    "2011-06-30": {
        "Diluted EPS": 0.38,
        "Total Revenue": NaN,
        "Gross Profit": 398,
        "Operating Income": 398,
        "EBIT": 476,
        "Net Income": 245
    },
    "2011-03-31": {
        "Diluted EPS": 0.55,
        "Total Revenue": NaN,
        "Gross Profit": 584,
        "Operating Income": 584,
        "EBIT": 665,
        "Net Income": 363
    },
    "2010-12-31": {
        "Diluted EPS": 0.45,
        "Total Revenue": NaN,
        "Gross Profit": 466,
        "Operating Income": 466,
        "EBIT": 543,
        "Net Income": 299
    },
    "2010-09-30": {
        "Diluted EPS": 0.4,
        "Total Revenue": NaN,
        "Gross Profit": 425,
        "Operating Income": 425,
        "EBIT": 507,
        "Net Income": 262
    },
    "2010-06-30": {
        "Diluted EPS": 0.32,
        "Total Revenue": NaN,
        "Gross Profit": 358,
        "Operating Income": 358,
        "EBIT": 432,
        "Net Income": 212
    },
    "2010-03-31": {
        "Diluted EPS": 0.44,
        "Total Revenue": NaN,
        "Gross Profit": 483,
        "Operating Income": 483,
        "EBIT": 561,
        "Net Income": 296
    },
    "2009-12-31": {
        "Diluted EPS": 0.45,
        "Total Revenue": NaN,
        "Gross Profit": 497,
        "Operating Income": 497,
        "EBIT": 570,
        "Net Income": 305
    },
    "2009-09-30": {
        "Diluted EPS": 0.4,
        "Total Revenue": NaN,
        "Gross Profit": 416,
        "Operating Income": 416,
        "EBIT": 499,
        "Net Income": 270
    },
    "2009-06-30": {
        "Diluted EPS": 0.37,
        "Total Revenue": NaN,
        "Gross Profit": 396,
        "Operating Income": 396,
        "EBIT": 477,
        "Net Income": 250
    },
    "2009-03-31": {
        "Diluted EPS": 0.35,
        "Total Revenue": NaN,
        "Gross Profit": 418,
        "Operating Income": 418,
        "EBIT": 498,
        "Net Income": 233
    },
    "2023-09-30": {
        "Tax Effect Of Unusual Items": NaN,
        "Tax Rate For Calcs": NaN,
        "Total Unusual Items": 0.0,
        "Total Unusual Items Excluding Goodwill": 0.0,
        "Net Income From Continuing Operation Net Minority Interest": NaN,
        "Reconciled Depreciation": NaN,
        "EBIT": NaN,
        "Net Interest Income": NaN,
        "Interest Expense": NaN,
        "Normalized Income": NaN,
        "Net Income From Continuing And Discontinued Operation": NaN,
        "Total Expenses": NaN,
        "Diluted Average Shares": 587500000.0,
        "Basic Average Shares": 584800000.0,
        "Diluted EPS": 1.89,
        "Basic EPS": 1.9,
        "Diluted NI Availto Com Stockholders": NaN,
        "Net Income Common Stockholders": NaN,
        "Preferred Stock Dividends": 10400000.0,
        "Net Income": NaN,
        "Net Income Including Noncontrolling Interests": NaN,
        "Net Income Continuous Operations": NaN,
        "Tax Provision": NaN,
        "Pretax Income": NaN,
        "Special Income Charges": 0.0,
        "Impairment Of Capital Assets": 0.0,
        "Net Non Operating Interest Income Expense": NaN,
        "Interest Expense Non Operating": NaN,
        "Total Revenue": NaN,
        "Operating Revenue": NaN,
        "Loss Adjustment Expense": NaN,
        "Net Policyholder Benefits And Claims": NaN
    },
    "2023-12-31": {
        "Tax Effect Of Unusual Items": NaN,
        "Tax Rate For Calcs": NaN,
        "Total Unusual Items": 0.0,
        "Total Unusual Items Excluding Goodwill": 0.0,
        "Net Income From Continuing Operation Net Minority Interest": NaN,
        "Reconciled Depreciation": NaN,
        "EBIT": NaN,
        "Net Interest Income": NaN,
        "Interest Expense": NaN,
        "Normalized Income": NaN,
        "Net Income From Continuing And Discontinued Operation": NaN,
        "Total Expenses": NaN,
        "Diluted Average Shares": NaN,
        "Basic Average Shares": NaN,
        "Diluted EPS": NaN,
        "Basic EPS": NaN,
        "Diluted NI Availto Com Stockholders": NaN,
        "Net Income Common Stockholders": NaN,
        "Preferred Stock Dividends": 10400000.0,
        "Net Income": NaN,
        "Net Income Including Noncontrolling Interests": NaN,
        "Net Income Continuous Operations": NaN,
        "Tax Provision": NaN,
        "Pretax Income": NaN,
        "Special Income Charges": 0.0,
        "Impairment Of Capital Assets": 0.0,
        "Net Non Operating Interest Income Expense": NaN,
        "Interest Expense Non Operating": NaN,
        "Total Revenue": NaN,
        "Operating Revenue": NaN,
        "Loss Adjustment Expense": NaN,
        "Net Policyholder Benefits And Claims": NaN
    },
    "2024-03-31": {
        "Tax Effect Of Unusual Items": NaN,
        "Tax Rate For Calcs": NaN,
        "Total Unusual Items": NaN,
        "Total Unusual Items Excluding Goodwill": NaN,
        "Net Income From Continuing Operation Net Minority Interest": NaN,
        "Reconciled Depreciation": NaN,
        "EBIT": NaN,
        "Net Interest Income": NaN,
        "Interest Expense": NaN,
        "Normalized Income": NaN,
        "Net Income From Continuing And Discontinued Operation": NaN,
        "Total Expenses": NaN,
        "Diluted Average Shares": 587300000.0,
        "Basic Average Shares": 585400000.0,
        "Diluted EPS": 3.94,
        "Basic EPS": 3.95,
        "Diluted NI Availto Com Stockholders": NaN,
        "Net Income Common Stockholders": NaN,
        "Preferred Stock Dividends": 17000000.0,
        "Net Income": NaN,
        "Net Income Including Noncontrolling Interests": NaN,
        "Net Income Continuous Operations": NaN,
        "Tax Provision": NaN,
        "Pretax Income": NaN,
        "Special Income Charges": NaN,
        "Impairment Of Capital Assets": NaN,
        "Net Non Operating Interest Income Expense": NaN,
        "Interest Expense Non Operating": NaN,
        "Total Revenue": NaN,
        "Operating Revenue": NaN,
        "Loss Adjustment Expense": NaN,
        "Net Policyholder Benefits And Claims": NaN
    },
    "2024-06-30": {
        "Tax Effect Of Unusual Items": 0.0,
        "Tax Rate For Calcs": 0.215591,
        "Total Unusual Items": NaN,
        "Total Unusual Items Excluding Goodwill": NaN,
        "Net Income From Continuing Operation Net Minority Interest": 1459000000.0,
        "Reconciled Depreciation": 68000000.0,
        "EBIT": 1929000000.0,
        "Net Interest Income": -69000000.0,
        "Interest Expense": 69000000.0,
        "Normalized Income": 1459000000.0,
        "Net Income From Continuing And Discontinued Operation": 1459000000.0,
        "Total Expenses": 16267000000.0,
        "Diluted Average Shares": 587400000.0,
        "Basic Average Shares": 585400000.0,
        "Diluted EPS": 2.48,
        "Basic EPS": 2.49,
        "Diluted NI Availto Com Stockholders": 1459000000.0,
        "Net Income Common Stockholders": 1459000000.0,
        "Preferred Stock Dividends": NaN,
        "Net Income": 1459000000.0,
        "Net Income Including Noncontrolling Interests": 1459000000.0,
        "Net Income Continuous Operations": 1459000000.0,
        "Tax Provision": 401000000.0,
        "Pretax Income": 1860000000.0,
        "Special Income Charges": NaN,
        "Impairment Of Capital Assets": NaN,
        "Net Non Operating Interest Income Expense": -69000000.0,
        "Interest Expense Non Operating": 69000000.0,
        "Total Revenue": 18127000000.0,
        "Operating Revenue": 18127000000.0,
        "Loss Adjustment Expense": 12595000000.0,
        "Net Policyholder Benefits And Claims": 12595000000.0
    },
    "2024-09-30": {
        "Tax Effect Of Unusual Items": 0.0,
        "Tax Rate For Calcs": 0.208,
        "Total Unusual Items": NaN,
        "Total Unusual Items Excluding Goodwill": NaN,
        "Net Income From Continuing Operation Net Minority Interest": 2333400000.0,
        "Reconciled Depreciation": 70200000.0,
        "EBIT": 3014700000.0,
        "Net Interest Income": -69900000.0,
        "Interest Expense": 69900000.0,
        "Normalized Income": 2333400000.0,
        "Net Income From Continuing And Discontinued Operation": 2333400000.0,
        "Total Expenses": 16767000000.0,
        "Diluted Average Shares": 587600000.0,
        "Basic Average Shares": 585600000.0,
        "Diluted EPS": 3.97,
        "Basic EPS": 3.98,
        "Diluted NI Availto Com Stockholders": 2333400000.0,
        "Net Income Common Stockholders": 2333400000.0,
        "Preferred Stock Dividends": NaN,
        "Net Income": 2333400000.0,
        "Net Income Including Noncontrolling Interests": 2333400000.0,
        "Net Income Continuous Operations": 2333400000.0,
        "Tax Provision": 611400000.0,
        "Pretax Income": 2944800000.0,
        "Special Income Charges": NaN,
        "Impairment Of Capital Assets": NaN,
        "Net Non Operating Interest Income Expense": -69900000.0,
        "Interest Expense Non Operating": 69900000.0,
        "Total Revenue": 19711800000.0,
        "Operating Revenue": 19711800000.0,
        "Loss Adjustment Expense": 12510300000.0,
        "Net Policyholder Benefits And Claims": 12510300000.0
    },
    "2024-12-31": {
        "Tax Effect Of Unusual Items": 0.0,
        "Tax Rate For Calcs": 0.206004,
        "Total Unusual Items": NaN,
        "Total Unusual Items Excluding Goodwill": NaN,
        "Net Income From Continuing Operation Net Minority Interest": 2356500000.0,
        "Reconciled Depreciation": 75800000.0,
        "EBIT": 3037800000.0,
        "Net Interest Income": -69900000.0,
        "Interest Expense": 69900000.0,
        "Normalized Income": 2356500000.0,
        "Net Income From Continuing And Discontinued Operation": 2356500000.0,
        "Total Expenses": 17299500000.0,
        "Diluted Average Shares": NaN,
        "Basic Average Shares": NaN,
        "Diluted EPS": NaN,
        "Basic EPS": NaN,
        "Diluted NI Availto Com Stockholders": 2356500000.0,
        "Net Income Common Stockholders": 2356500000.0,
        "Preferred Stock Dividends": 0.0,
        "Net Income": 2356500000.0,
        "Net Income Including Noncontrolling Interests": 2356500000.0,
        "Net Income Continuous Operations": 2356500000.0,
        "Tax Provision": 611400000.0,
        "Pretax Income": 2967900000.0,
        "Special Income Charges": NaN,
        "Impairment Of Capital Assets": NaN,
        "Net Non Operating Interest Income Expense": -69900000.0,
        "Interest Expense Non Operating": 69900000.0,
        "Total Revenue": 20267400000.0,
        "Operating Revenue": 20267400000.0,
        "Loss Adjustment Expense": 12982800000.0,
        "Net Policyholder Benefits And Claims": 12982800000.0
    },
    "2025-03-31": {
        "Tax Effect Of Unusual Items": 0.0,
        "Tax Rate For Calcs": 0.207,
        "Total Unusual Items": NaN,
        "Total Unusual Items Excluding Goodwill": NaN,
        "Net Income From Continuing Operation Net Minority Interest": 2567000000.0,
        "Reconciled Depreciation": 70000000.0,
        "EBIT": 3306000000.0,
        "Net Interest Income": -70000000.0,
        "Interest Expense": 70000000.0,
        "Normalized Income": 2567000000.0,
        "Net Income From Continuing And Discontinued Operation": 2567000000.0,
        "Total Expenses": 17166000000.0,
        "Diluted Average Shares": 587700000.0,
        "Basic Average Shares": 586000000.0,
        "Diluted EPS": 4.37,
        "Basic EPS": 4.38,
        "Diluted NI Availto Com Stockholders": 2567000000.0,
        "Net Income Common Stockholders": 2567000000.0,
        "Preferred Stock Dividends": NaN,
        "Net Income": 2567000000.0,
        "Net Income Including Noncontrolling Interests": 2567000000.0,
        "Net Income Continuous Operations": 2567000000.0,
        "Tax Provision": 669000000.0,
        "Pretax Income": 3236000000.0,
        "Special Income Charges": NaN,
        "Impairment Of Capital Assets": NaN,
        "Net Non Operating Interest Income Expense": -70000000.0,
        "Interest Expense Non Operating": 70000000.0,
        "Total Revenue": 20402000000.0,
        "Operating Revenue": 20402000000.0,
        "Loss Adjustment Expense": 12804000000.0,
        "Net Policyholder Benefits And Claims": 12804000000.0
    },
    "2025-06-30": {
        "Tax Effect Of Unusual Items": 0.0,
        "Tax Rate For Calcs": 0.202662,
        "Total Unusual Items": NaN,
        "Total Unusual Items Excluding Goodwill": NaN,
        "Net Income From Continuing Operation Net Minority Interest": 3175000000.0,
        "Reconciled Depreciation": 79000000.0,
        "EBIT": 4051000000.0,
        "Net Interest Income": -69000000.0,
        "Interest Expense": 69000000.0,
        "Normalized Income": 3175000000.0,
        "Net Income From Continuing And Discontinued Operation": 3175000000.0,
        "Total Expenses": 18013000000.0,
        "Diluted Average Shares": 587800000.0,
        "Basic Average Shares": 586200000.0,
        "Diluted EPS": 5.4,
        "Basic EPS": 5.42,
        "Diluted NI Availto Com Stockholders": 3175000000.0,
        "Net Income Common Stockholders": 3175000000.0,
        "Preferred Stock Dividends": NaN,
        "Net Income": 3175000000.0,
        "Net Income Including Noncontrolling Interests": 3175000000.0,
        "Net Income Continuous Operations": 3175000000.0,
        "Tax Provision": 807000000.0,
        "Pretax Income": 3982000000.0,
        "Special Income Charges": NaN,
        "Impairment Of Capital Assets": NaN,
        "Net Non Operating Interest Income Expense": -69000000.0,
        "Interest Expense Non Operating": 69000000.0,
        "Total Revenue": 21995000000.0,
        "Operating Revenue": 21995000000.0,
        "Loss Adjustment Expense": 13605000000.0,
        "Net Policyholder Benefits And Claims": 13605000000.0
    }
}