{
    "2023-12-31": {
        "Tax Effect Of Unusual Items": NaN,
        "Tax Rate For Calcs": NaN,
        "Normalized EBITDA": NaN,
        "Total Unusual Items": NaN,
        "Total Unusual Items Excluding Goodwill": NaN,
        "Net Income From Continuing Operation Net Minority Interest": NaN,
        "Reconciled Depreciation": NaN,
        "Reconciled Cost Of Revenue": NaN,
        "EBITDA": NaN,
        "EBIT": NaN,
        "Net Interest Income": NaN,
        "Interest Income": NaN,
        "Normalized Income": NaN,
        "Net Income From Continuing And Discontinued Operation": NaN,
        "Total Expenses": NaN,
        "Total Operating Income As Reported": NaN,
        "Diluted Average Shares": NaN,
        "Basic Average Shares": NaN,
        "Diluted EPS": NaN,
        "Basic EPS": NaN,
        "Diluted NI Availto Com Stockholders": NaN,
        "Net Income Common Stockholders": NaN,
        "Otherunder Preferred Stock Dividend": 0.0,
        "Net Income": NaN,
        "Minority Interests": NaN,
        "Net Income Including Noncontrolling Interests": NaN,
        "Net Income Continuous Operations": NaN,
        "Tax Provision": NaN,
        "Pretax Income": NaN,
        "Other Income Expense": NaN,
        "Other Non Operating Income Expenses": NaN,
        "Gain On Sale Of Security": NaN,
        "Net Non Operating Interest Income Expense": NaN,
        "Interest Income Non Operating": NaN,
        "Operating Income": NaN,
        "Operating Expense": NaN,
        "Research And Development": NaN,
        "Selling General And Administration": NaN,
        "Selling And Marketing Expense": NaN,
        "General And Administrative Expense": NaN,
        "Other Gand A": NaN,
        "Gross Profit": NaN,
        "Cost Of Revenue": NaN,
        "Total Revenue": NaN,
        "Operating Revenue": NaN
    },
    "2023-09-30": {
        "Tax Effect Of Unusual Items": NaN,
        "Tax Rate For Calcs": NaN,
        "Normalized EBITDA": NaN,
        "Total Unusual Items": NaN,
        "Total Unusual Items Excluding Goodwill": NaN,
        "Net Income From Continuing Operation Net Minority Interest": NaN,
        "Reconciled Depreciation": NaN,
        "Reconciled Cost Of Revenue": NaN,
        "EBITDA": NaN,
        "EBIT": NaN,
        "Net Interest Income": NaN,
        "Interest Income": NaN,
        "Normalized Income": NaN,
        "Net Income From Continuing And Discontinued Operation": NaN,
        "Total Expenses": NaN,
        "Total Operating Income As Reported": NaN,
        "Diluted Average Shares": 60713648.0,
        "Basic Average Shares": 60713648.0,
        "Diluted EPS": -0.36,
        "Basic EPS": -0.36,
        "Diluted NI Availto Com Stockholders": NaN,
        "Net Income Common Stockholders": NaN,
        "Otherunder Preferred Stock Dividend": 0.0,
        "Net Income": NaN,
        "Minority Interests": NaN,
        "Net Income Including Noncontrolling Interests": NaN,
        "Net Income Continuous Operations": NaN,
        "Tax Provision": NaN,
        "Pretax Income": NaN,
        "Other Income Expense": NaN,
        "Other Non Operating Income Expenses": NaN,
        "Gain On Sale Of Security": NaN,
        "Net Non Operating Interest Income Expense": NaN,
        "Interest Income Non Operating": NaN,
        "Operating Income": NaN,
        "Operating Expense": NaN,
        "Research And Development": NaN,
        "Selling General And Administration": NaN,
        "Selling And Marketing Expense": NaN,
        "General And Administrative Expense": NaN,
        "Other Gand A": NaN,
        "Gross Profit": NaN,
        "Cost Of Revenue": NaN,
        "Total Revenue": NaN,
        "Operating Revenue": NaN
    },
    "2023-06-30": {
        "Tax Effect Of Unusual Items": NaN,
        "Tax Rate For Calcs": NaN,
        "Normalized EBITDA": NaN,
        "Total Unusual Items": NaN,
        "Total Unusual Items Excluding Goodwill": NaN,
        "Net Income From Continuing Operation Net Minority Interest": NaN,
        "Reconciled Depreciation": NaN,
        "Reconciled Cost Of Revenue": NaN,
        "EBITDA": NaN,
        "EBIT": NaN,
        "Net Interest Income": NaN,
        "Interest Income": NaN,
        "Normalized Income": NaN,
        "Net Income From Continuing And Discontinued Operation": NaN,
        "Total Expenses": NaN,
        "Total Operating Income As Reported": NaN,
        "Diluted Average Shares": 59609788.0,
        "Basic Average Shares": 59609788.0,
        "Diluted EPS": -0.53,
        "Basic EPS": -0.53,
        "Diluted NI Availto Com Stockholders": NaN,
        "Net Income Common Stockholders": NaN,
        "Otherunder Preferred Stock Dividend": 0.0,
        "Net Income": NaN,
        "Minority Interests": NaN,
        "Net Income Including Noncontrolling Interests": NaN,
        "Net Income Continuous Operations": NaN,
        "Tax Provision": NaN,
        "Pretax Income": NaN,
        "Other Income Expense": NaN,
        "Other Non Operating Income Expenses": NaN,
        "Gain On Sale Of Security": NaN,
        "Net Non Operating Interest Income Expense": NaN,
        "Interest Income Non Operating": NaN,
        "Operating Income": NaN,
        "Operating Expense": NaN,
        "Research And Development": NaN,
        "Selling General And Administration": NaN,
        "Selling And Marketing Expense": NaN,
        "General And Administrative Expense": NaN,
        "Other Gand A": NaN,
        "Salaries And Wages": 17218000.0,
        "Gross Profit": NaN,
        "Cost Of Revenue": NaN,
        "Total Revenue": NaN,
        "Operating Revenue": NaN
    },
    "2023-03-31": {
        "Tax Effect Of Unusual Items": NaN,
        "Tax Rate For Calcs": NaN,
        "Normalized EBITDA": NaN,
        "Total Unusual Items": NaN,
        "Total Unusual Items Excluding Goodwill": NaN,
        "Net Income From Continuing Operation Net Minority Interest": NaN,
        "Reconciled Depreciation": NaN,
        "Reconciled Cost Of Revenue": NaN,
        "EBITDA": NaN,
        "EBIT": NaN,
        "Net Interest Income": NaN,
        "Interest Income": NaN,
        "Normalized Income": NaN,
        "Net Income From Continuing And Discontinued Operation": NaN,
        "Total Expenses": NaN,
        "Total Operating Income As Reported": NaN,
        "Diluted Average Shares": NaN,
        "Basic Average Shares": NaN,
        "Diluted EPS": NaN,
        "Basic EPS": NaN,
        "Diluted NI Availto Com Stockholders": NaN,
        "Net Income Common Stockholders": NaN,
        "Otherunder Preferred Stock Dividend": 0.0,
        "Net Income": NaN,
        "Minority Interests": NaN,
        "Net Income Including Noncontrolling Interests": NaN,
        "Net Income Continuous Operations": NaN,
        "Tax Provision": NaN,
        "Pretax Income": NaN,
        "Other Income Expense": NaN,
        "Other Non Operating Income Expenses": NaN,
        "Gain On Sale Of Security": NaN,
        "Net Non Operating Interest Income Expense": NaN,
        "Interest Income Non Operating": NaN,
        "Operating Income": NaN,
        "Operating Expense": NaN,
        "Research And Development": NaN,
        "Selling General And Administration": NaN,
        "Selling And Marketing Expense": NaN,
        "General And Administrative Expense": NaN,
        "Other Gand A": NaN,
        "Salaries And Wages": NaN,
        "Gross Profit": NaN,
        "Cost Of Revenue": NaN,
        "Total Revenue": NaN,
        "Operating Revenue": NaN
    },
    "2024-03-31": {
        "Tax Effect Of Unusual Items": NaN,
        "Tax Rate For Calcs": NaN,
        "Normalized EBITDA": NaN,
        "Total Unusual Items": NaN,
        "Total Unusual Items Excluding Goodwill": NaN,
        "Net Income From Continuing Operation Net Minority Interest": NaN,
        "Reconciled Depreciation": NaN,
        "Reconciled Cost Of Revenue": NaN,
        "EBITDA": NaN,
        "EBIT": NaN,
        "Net Interest Income": NaN,
        "Interest Income": NaN,
        "Normalized Income": NaN,
        "Net Income From Continuing And Discontinued Operation": NaN,
        "Total Expenses": NaN,
        "Total Operating Income As Reported": NaN,
        "Diluted Average Shares": 64504458.0,
        "Basic Average Shares": 64504458.0,
        "Diluted EPS": -0.33,
        "Basic EPS": -0.33,
        "Diluted NI Availto Com Stockholders": NaN,
        "Net Income Common Stockholders": NaN,
        "Otherunder Preferred Stock Dividend": NaN,
        "Net Income": NaN,
        "Minority Interests": NaN,
        "Net Income Including Noncontrolling Interests": NaN,
        "Net Income Continuous Operations": NaN,
        "Tax Provision": NaN,
        "Pretax Income": NaN,
        "Other Income Expense": NaN,
        "Other Non Operating Income Expenses": NaN,
        "Gain On Sale Of Security": NaN,
        "Net Non Operating Interest Income Expense": NaN,
        "Interest Income Non Operating": NaN,
        "Operating Income": NaN,
        "Operating Expense": NaN,
        "Research And Development": NaN,
        "Selling General And Administration": NaN,
        "Selling And Marketing Expense": NaN,
        "General And Administrative Expense": NaN,
        "Other Gand A": NaN,
        "Gross Profit": NaN,
        "Cost Of Revenue": NaN,
        "Total Revenue": NaN,
        "Operating Revenue": NaN
    },
    "2022-12-31": {
        "Tax Effect Of Unusual Items": NaN,
        "Tax Rate For Calcs": NaN,
        "Normalized EBITDA": NaN,
        "Total Unusual Items": NaN,
        "Total Unusual Items Excluding Goodwill": NaN,
        "Net Income From Continuing Operation Net Minority Interest": NaN,
        "Reconciled Depreciation": NaN,
        "Reconciled Cost Of Revenue": NaN,
        "EBITDA": NaN,
        "EBIT": NaN,
        "Net Interest Income": NaN,
        "Interest Income": NaN,
        "Normalized Income": NaN,
        "Net Income From Continuing And Discontinued Operation": NaN,
        "Total Expenses": NaN,
        "Total Operating Income As Reported": NaN,
        "Diluted Average Shares": 58120097.0,
        "Basic Average Shares": 57347157.0,
        "Diluted EPS": -0.6,
        "Basic EPS": -0.6,
        "Diluted NI Availto Com Stockholders": NaN,
        "Net Income Common Stockholders": NaN,
        "Otherunder Preferred Stock Dividend": NaN,
        "Net Income": NaN,
        "Minority Interests": NaN,
        "Net Income Including Noncontrolling Interests": NaN,
        "Net Income Continuous Operations": NaN,
        "Tax Provision": NaN,
        "Pretax Income": NaN,
        "Other Income Expense": NaN,
        "Other Non Operating Income Expenses": NaN,
        "Gain On Sale Of Security": NaN,
        "Net Non Operating Interest Income Expense": NaN,
        "Interest Income Non Operating": NaN,
        "Operating Income": NaN,
        "Operating Expense": NaN,
        "Research And Development": NaN,
        "Selling General And Administration": NaN,
        "Selling And Marketing Expense": NaN,
        "General And Administrative Expense": NaN,
        "Other Gand A": NaN,
        "Salaries And Wages": NaN,
        "Gross Profit": NaN,
        "Cost Of Revenue": NaN,
        "Total Revenue": NaN,
        "Operating Revenue": NaN
    },
    "2022-09-30": {
        "Tax Effect Of Unusual Items": NaN,
        "Tax Rate For Calcs": NaN,
        "Normalized EBITDA": NaN,
        "Total Unusual Items": NaN,
        "Total Unusual Items Excluding Goodwill": NaN,
        "Net Income From Continuing Operation Net Minority Interest": NaN,
        "Reconciled Depreciation": NaN,
        "Reconciled Cost Of Revenue": NaN,
        "EBITDA": NaN,
        "EBIT": NaN,
        "Net Interest Income": NaN,
        "Interest Income": NaN,
        "Normalized Income": NaN,
        "Net Income From Continuing And Discontinued Operation": NaN,
        "Total Expenses": NaN,
        "Total Operating Income As Reported": NaN,
        "Diluted Average Shares": NaN,
        "Basic Average Shares": NaN,
        "Diluted EPS": NaN,
        "Basic EPS": NaN,
        "Diluted NI Availto Com Stockholders": NaN,
        "Net Income Common Stockholders": NaN,
        "Otherunder Preferred Stock Dividend": 0.0,
        "Net Income": NaN,
        "Minority Interests": NaN,
        "Net Income Including Noncontrolling Interests": NaN,
        "Net Income Continuous Operations": NaN,
        "Tax Provision": NaN,
        "Pretax Income": NaN,
        "Other Income Expense": NaN,
        "Other Non Operating Income Expenses": NaN,
        "Gain On Sale Of Security": NaN,
        "Net Non Operating Interest Income Expense": NaN,
        "Interest Income Non Operating": NaN,
        "Operating Income": NaN,
        "Operating Expense": NaN,
        "Research And Development": NaN,
        "Selling General And Administration": NaN,
        "Selling And Marketing Expense": NaN,
        "General And Administrative Expense": NaN,
        "Other Gand A": NaN,
        "Salaries And Wages": NaN,
        "Gross Profit": NaN,
        "Cost Of Revenue": NaN,
        "Total Revenue": NaN,
        "Operating Revenue": NaN
    },
    "2024-06-30": {
        "Tax Effect Of Unusual Items": -93030.0,
        "Tax Rate For Calcs": 0.21,
        "Normalized EBITDA": 4762000.0,
        "Total Unusual Items": -443000.0,
        "Total Unusual Items Excluding Goodwill": -443000.0,
        "Net Income From Continuing Operation Net Minority Interest": -74785000.0,
        "Reconciled Depreciation": 7042000.0,
        "Reconciled Cost Of Revenue": 145602000.0,
        "EBITDA": 4319000.0,
        "EBIT": -2723000.0,
        "Net Interest Income": 8193000.0,
        "Interest Income": 8193000.0,
        "Normalized Income": -74435030.0,
        "Net Income From Continuing And Discontinued Operation": -74785000.0,
        "Total Expenses": 245317000.0,
        "Total Operating Income As Reported": 5027000.0,
        "Diluted Average Shares": 71765884.0,
        "Basic Average Shares": 71765884.0,
        "Diluted EPS": -1.04,
        "Basic EPS": -1.04,
        "Diluted NI Availto Com Stockholders": -74785000.0,
        "Net Income Common Stockholders": -74785000.0,
        "Otherunder Preferred Stock Dividend": 0.0,
        "Net Income": -74785000.0,
        "Minority Interests": 7894000.0,
        "Net Income Including Noncontrolling Interests": -82679000.0,
        "Net Income Continuous Operations": -82679000.0,
        "Tax Provision": 14512000.0,
        "Pretax Income": -68167000.0,
        "Other Income Expense": -73637000.0,
        "Other Non Operating Income Expenses": -73194000.0,
        "Gain On Sale Of Security": -443000.0,
        "Net Non Operating Interest Income Expense": 8193000.0,
        "Interest Income Non Operating": 8193000.0,
        "Operating Income": -2723000.0,
        "Operating Expense": 99715000.0,
        "Research And Development": 21935000.0,
        "Selling General And Administration": 77780000.0,
        "Selling And Marketing Expense": 13331000.0,
        "General And Administrative Expense": 64449000.0,
        "Other Gand A": 64449000.0,
        "Gross Profit": 96992000.0,
        "Cost Of Revenue": 145602000.0,
        "Total Revenue": 242594000.0,
        "Operating Revenue": 242594000.0
    },
    "2024-09-30": {
        "Tax Effect Of Unusual Items": -105056.0,
        "Tax Rate For Calcs": 0.134,
        "Normalized EBITDA": 22333000.0,
        "Total Unusual Items": -784000.0,
        "Total Unusual Items Excluding Goodwill": -784000.0,
        "Net Income From Continuing Operation Net Minority Interest": -67476000.0,
        "Reconciled Depreciation": 7116000.0,
        "Reconciled Cost Of Revenue": 148965000.0,
        "EBITDA": 21549000.0,
        "EBIT": 14433000.0,
        "Net Interest Income": 8735000.0,
        "Interest Income": 8735000.0,
        "Normalized Income": -66797056.0,
        "Net Income From Continuing And Discontinued Operation": -67476000.0,
        "Total Expenses": 234850000.0,
        "Total Operating Income As Reported": 22384000.0,
        "Diluted Average Shares": 72728667.0,
        "Basic Average Shares": 72728667.0,
        "Diluted EPS": -0.93,
        "Basic EPS": -0.93,
        "Diluted NI Availto Com Stockholders": -67476000.0,
        "Net Income Common Stockholders": -67476000.0,
        "Otherunder Preferred Stock Dividend": NaN,
        "Net Income": -67476000.0,
        "Minority Interests": 6755000.0,
        "Net Income Including Noncontrolling Interests": -74231000.0,
        "Net Income Continuous Operations": -74231000.0,
        "Tax Provision": -11524000.0,
        "Pretax Income": -85755000.0,
        "Other Income Expense": -108923000.0,
        "Other Non Operating Income Expenses": -108139000.0,
        "Gain On Sale Of Security": -784000.0,
        "Net Non Operating Interest Income Expense": 8735000.0,
        "Interest Income Non Operating": 8735000.0,
        "Operating Income": 14433000.0,
        "Operating Expense": 85885000.0,
        "Research And Development": 16655000.0,
        "Selling General And Administration": 69230000.0,
        "Selling And Marketing Expense": 11440000.0,
        "General And Administrative Expense": 57790000.0,
        "Other Gand A": 57790000.0,
        "Gross Profit": 100318000.0,
        "Cost Of Revenue": 148965000.0,
        "Total Revenue": 249283000.0,
        "Operating Revenue": 249283000.0
    },
    "2024-12-31": {
        "Tax Effect Of Unusual Items": -817740.0,
        "Tax Rate For Calcs": 0.21,
        "Normalized EBITDA": 40186000.0,
        "Total Unusual Items": -3894000.0,
        "Total Unusual Items Excluding Goodwill": -3894000.0,
        "Net Income From Continuing Operation Net Minority Interest": -237922000.0,
        "Reconciled Depreciation": 8278000.0,
        "Reconciled Cost Of Revenue": 158204000.0,
        "EBITDA": 36292000.0,
        "EBIT": 28014000.0,
        "Net Interest Income": 7619000.0,
        "Interest Income": 7619000.0,
        "Normalized Income": -234845740.0,
        "Net Income From Continuing And Discontinued Operation": -237922000.0,
        "Total Expenses": 247655000.0,
        "Total Operating Income As Reported": 31739000.0,
        "Diluted Average Shares": NaN,
        "Basic Average Shares": NaN,
        "Diluted EPS": NaN,
        "Basic EPS": NaN,
        "Diluted NI Availto Com Stockholders": -237922000.0,
        "Net Income Common Stockholders": -237922000.0,
        "Otherunder Preferred Stock Dividend": NaN,
        "Net Income": -237922000.0,
        "Minority Interests": 19204000.0,
        "Net Income Including Noncontrolling Interests": -257126000.0,
        "Net Income Continuous Operations": -257126000.0,
        "Tax Provision": 16585000.0,
        "Pretax Income": -240541000.0,
        "Other Income Expense": -276174000.0,
        "Other Non Operating Income Expenses": -272280000.0,
        "Gain On Sale Of Security": -3894000.0,
        "Net Non Operating Interest Income Expense": 7619000.0,
        "Interest Income Non Operating": 7619000.0,
        "Operating Income": 28014000.0,
        "Operating Expense": 89451000.0,
        "Research And Development": 18601000.0,
        "Selling General And Administration": 70850000.0,
        "Selling And Marketing Expense": 15376000.0,
        "General And Administrative Expense": 55474000.0,
        "Other Gand A": 55474000.0,
        "Gross Profit": 117465000.0,
        "Cost Of Revenue": 158204000.0,
        "Total Revenue": 275669000.0,
        "Operating Revenue": 275669000.0
    },
    "2025-03-31": {
        "Tax Effect Of Unusual Items": -82110.0,
        "Tax Rate For Calcs": 0.21,
        "Normalized EBITDA": 48513000.0,
        "Total Unusual Items": -391000.0,
        "Total Unusual Items Excluding Goodwill": -391000.0,
        "Net Income From Continuing Operation Net Minority Interest": 7893000.0,
        "Reconciled Depreciation": 7722000.0,
        "Reconciled Cost Of Revenue": 167083000.0,
        "EBITDA": 48122000.0,
        "EBIT": 40400000.0,
        "Net Interest Income": 7676000.0,
        "Interest Income": 7676000.0,
        "Normalized Income": 8201890.0,
        "Net Income From Continuing And Discontinued Operation": 7893000.0,
        "Total Expenses": 242304000.0,
        "Total Operating Income As Reported": 47685000.0,
        "Diluted Average Shares": 77043464.0,
        "Basic Average Shares": 75765080.0,
        "Diluted EPS": 0.1,
        "Basic EPS": 0.1,
        "Diluted NI Availto Com Stockholders": 7404000.0,
        "Net Income Common Stockholders": 7404000.0,
        "Otherunder Preferred Stock Dividend": 489000.0,
        "Net Income": 7893000.0,
        "Minority Interests": 5401000.0,
        "Net Income Including Noncontrolling Interests": 2492000.0,
        "Net Income Continuous Operations": 2492000.0,
        "Tax Provision": -2540000.0,
        "Pretax Income": -48000.0,
        "Other Income Expense": -48124000.0,
        "Other Non Operating Income Expenses": -47733000.0,
        "Gain On Sale Of Security": -391000.0,
        "Net Non Operating Interest Income Expense": 7676000.0,
        "Interest Income Non Operating": 7676000.0,
        "Operating Income": 40400000.0,
        "Operating Expense": 75221000.0,
        "Research And Development": 19444000.0,
        "Selling General And Administration": 55777000.0,
        "Selling And Marketing Expense": 9594000.0,
        "General And Administrative Expense": 46183000.0,
        "Other Gand A": 46183000.0,
        "Gross Profit": 115621000.0,
        "Cost Of Revenue": 167083000.0,
        "Total Revenue": 282704000.0,
        "Operating Revenue": 282704000.0
    },
    "2025-06-30": {
        "Tax Effect Of Unusual Items": -474898.565526,
        "Tax Rate For Calcs": 0.231094,
        "Normalized EBITDA": 57433000.0,
        "Total Unusual Items": -2055000.0,
        "Total Unusual Items Excluding Goodwill": -2055000.0,
        "Net Income From Continuing Operation Net Minority Interest": 16655000.0,
        "Reconciled Depreciation": 7593000.0,
        "Reconciled Cost Of Revenue": 191465000.0,
        "EBITDA": 55378000.0,
        "EBIT": 47785000.0,
        "Net Interest Income": 10739000.0,
        "Interest Income": 10739000.0,
        "Normalized Income": 18235101.434474,
        "Net Income From Continuing And Discontinued Operation": 16655000.0,
        "Total Expenses": 269929000.0,
        "Total Operating Income As Reported": 56469000.0,
        "Diluted Average Shares": 79667635.0,
        "Basic Average Shares": 76873529.0,
        "Diluted EPS": 0.2,
        "Basic EPS": 0.2,
        "Diluted NI Availto Com Stockholders": 15638000.0,
        "Net Income Common Stockholders": 15638000.0,
        "Otherunder Preferred Stock Dividend": 1017000.0,
        "Net Income": 16655000.0,
        "Minority Interests": 92000.0,
        "Net Income Including Noncontrolling Interests": 16563000.0,
        "Net Income Continuous Operations": 16563000.0,
        "Tax Provision": 4978000.0,
        "Pretax Income": 21541000.0,
        "Other Income Expense": -36983000.0,
        "Other Non Operating Income Expenses": -34928000.0,
        "Gain On Sale Of Security": -2055000.0,
        "Net Non Operating Interest Income Expense": 10739000.0,
        "Interest Income Non Operating": 10739000.0,
        "Operating Income": 47785000.0,
        "Operating Expense": 78464000.0,
        "Research And Development": 18455000.0,
        "Selling General And Administration": 60009000.0,
        "Selling And Marketing Expense": 19660000.0,
        "General And Administrative Expense": 40349000.0,
        "Other Gand A": 40349000.0,
        "Gross Profit": 126249000.0,
        "Cost Of Revenue": 191465000.0,
        "Total Revenue": 317714000.0,
        "Operating Revenue": 317714000.0
    }
}