{
    "2023-03-31": {
        "Tax Effect Of Unusual Items": NaN,
        "Tax Rate For Calcs": NaN,
        "Normalized EBITDA": NaN,
        "Total Unusual Items": -8000000.0,
        "Total Unusual Items Excluding Goodwill": -8000000.0,
        "Net Income From Continuing Operation Net Minority Interest": NaN,
        "Reconciled Depreciation": NaN,
        "Reconciled Cost Of Revenue": NaN,
        "EBITDA": NaN,
        "EBIT": NaN,
        "Net Interest Income": NaN,
        "Interest Expense": NaN,
        "Interest Income": 7000000.0,
        "Normalized Income": NaN,
        "Net Income From Continuing And Discontinued Operation": NaN,
        "Total Expenses": NaN,
        "Diluted Average Shares": NaN,
        "Basic Average Shares": NaN,
        "Diluted EPS": NaN,
        "Basic EPS": NaN,
        "Diluted NI Availto Com Stockholders": NaN,
        "Net Income Common Stockholders": NaN,
        "Net Income": NaN,
        "Minority Interests": NaN,
        "Net Income Including Noncontrolling Interests": NaN,
        "Net Income Continuous Operations": NaN,
        "Tax Provision": NaN,
        "Pretax Income": NaN,
        "Other Income Expense": NaN,
        "Other Non Operating Income Expenses": NaN,
        "Special Income Charges": -12000000.0,
        "Gain On Sale Of Ppe": -12000000.0,
        "Earnings From Equity Interest": 35000000.0,
        "Gain On Sale Of Security": 4000000.0,
        "Net Non Operating Interest Income Expense": NaN,
        "Interest Expense Non Operating": NaN,
        "Interest Income Non Operating": 7000000.0,
        "Operating Income": NaN,
        "Operating Expense": NaN,
        "Selling General And Administration": NaN,
        "General And Administrative Expense": NaN,
        "Other Gand A": NaN,
        "Salaries And Wages": -21000000.0,
        "Gross Profit": NaN,
        "Cost Of Revenue": NaN,
        "Total Revenue": NaN,
        "Operating Revenue": NaN
    },
    "2022-12-31": {
        "Tax Effect Of Unusual Items": NaN,
        "Tax Rate For Calcs": NaN,
        "Normalized EBITDA": NaN,
        "Total Unusual Items": -20000000.0,
        "Total Unusual Items Excluding Goodwill": -20000000.0,
        "Net Income From Continuing Operation Net Minority Interest": NaN,
        "Reconciled Depreciation": NaN,
        "Reconciled Cost Of Revenue": NaN,
        "EBITDA": NaN,
        "EBIT": NaN,
        "Net Interest Income": NaN,
        "Interest Expense": NaN,
        "Interest Income": 6000000.0,
        "Normalized Income": NaN,
        "Net Income From Continuing And Discontinued Operation": NaN,
        "Total Expenses": NaN,
        "Diluted Average Shares": NaN,
        "Basic Average Shares": NaN,
        "Diluted EPS": NaN,
        "Basic EPS": NaN,
        "Diluted NI Availto Com Stockholders": NaN,
        "Net Income Common Stockholders": NaN,
        "Net Income": NaN,
        "Minority Interests": NaN,
        "Net Income Including Noncontrolling Interests": NaN,
        "Net Income Continuous Operations": NaN,
        "Tax Provision": NaN,
        "Pretax Income": NaN,
        "Other Income Expense": NaN,
        "Other Non Operating Income Expenses": NaN,
        "Special Income Charges": 3000000.0,
        "Gain On Sale Of Ppe": 3000000.0,
        "Restructuring And Mergern Acquisition": 0.0,
        "Earnings From Equity Interest": 26000000.0,
        "Gain On Sale Of Security": -23000000.0,
        "Net Non Operating Interest Income Expense": NaN,
        "Interest Expense Non Operating": NaN,
        "Interest Income Non Operating": 6000000.0,
        "Operating Income": NaN,
        "Operating Expense": NaN,
        "Selling General And Administration": NaN,
        "General And Administrative Expense": NaN,
        "Other Gand A": NaN,
        "Salaries And Wages": -14000000.0,
        "Gross Profit": NaN,
        "Cost Of Revenue": NaN,
        "Total Revenue": NaN,
        "Operating Revenue": NaN
    },
    "2022-09-30": {
        "Tax Effect Of Unusual Items": 0.0,
        "Tax Rate For Calcs": 0.229083,
        "Normalized EBITDA": 775120000.0,
        "Total Unusual Items": NaN,
        "Total Unusual Items Excluding Goodwill": NaN,
        "Net Income From Continuing Operation Net Minority Interest": 387854000.0,
        "Reconciled Depreciation": 153981000.0,
        "Reconciled Cost Of Revenue": 2795456000.0,
        "EBITDA": 775120000.0,
        "EBIT": 621139000.0,
        "Net Interest Income": -117794000.0,
        "Interest Expense": 117794000.0,
        "Interest Income": NaN,
        "Normalized Income": 387854000.0,
        "Net Income From Continuing And Discontinued Operation": 387854000.0,
        "Total Expenses": 3631260000.0,
        "Diluted Average Shares": 129942408.0,
        "Basic Average Shares": 128425002.0,
        "Diluted EPS": 2.98,
        "Basic EPS": 3.02,
        "Diluted NI Availto Com Stockholders": 387854000.0,
        "Net Income Common Stockholders": 387854000.0,
        "Net Income": 387854000.0,
        "Minority Interests": -183000.0,
        "Net Income Including Noncontrolling Interests": 388037000.0,
        "Net Income Continuous Operations": 388037000.0,
        "Tax Provision": 115308000.0,
        "Pretax Income": 503345000.0,
        "Other Income Expense": 19624000.0,
        "Other Non Operating Income Expenses": 19624000.0,
        "Special Income Charges": NaN,
        "Gain On Sale Of Ppe": NaN,
        "Restructuring And Mergern Acquisition": NaN,
        "Earnings From Equity Interest": NaN,
        "Gain On Sale Of Security": NaN,
        "Net Non Operating Interest Income Expense": -117794000.0,
        "Interest Expense Non Operating": 117794000.0,
        "Interest Income Non Operating": NaN,
        "Operating Income": 601515000.0,
        "Operating Expense": 835804000.0,
        "Selling General And Administration": 835804000.0,
        "General And Administrative Expense": NaN,
        "Other Gand A": NaN,
        "Salaries And Wages": NaN,
        "Gross Profit": 1437319000.0,
        "Cost Of Revenue": 2795456000.0,
        "Total Revenue": 4232775000.0,
        "Operating Revenue": 4232775000.0
    },
    "2022-06-30": {
        "Tax Effect Of Unusual Items": 0.0,
        "Tax Rate For Calcs": 0.4,
        "Normalized EBITDA": 328880000.0,
        "Total Unusual Items": -620879000.0,
        "Total Unusual Items Excluding Goodwill": -620879000.0,
        "Net Income From Continuing Operation Net Minority Interest": 128831000.0,
        "Reconciled Depreciation": 139442000.0,
        "Reconciled Cost Of Revenue": 2980654000.0,
        "EBITDA": 328880000.0,
        "EBIT": 189438000.0,
        "Net Interest Income": -71270000.0,
        "Interest Expense": 71270000.0,
        "Interest Income": NaN,
        "Normalized Income": 128831000.0,
        "Net Income From Continuing And Discontinued Operation": 128831000.0,
        "Total Expenses": 3406864000.0,
        "Diluted Average Shares": 130107993.0,
        "Basic Average Shares": 128510428.0,
        "Diluted EPS": 0.99,
        "Basic EPS": 1.0,
        "Diluted NI Availto Com Stockholders": 128831000.0,
        "Net Income Common Stockholders": 128831000.0,
        "Net Income": 128831000.0,
        "Minority Interests": -75000.0,
        "Net Income Including Noncontrolling Interests": 128906000.0,
        "Net Income Continuous Operations": 128906000.0,
        "Tax Provision": -10738000.0,
        "Pretax Income": 118168000.0,
        "Other Income Expense": -591530000.0,
        "Other Non Operating Income Expenses": -591530000.0,
        "Special Income Charges": -1879000.0,
        "Gain On Sale Of Ppe": -879000.0,
        "Other Special Charges": 0.0,
        "Restructuring And Mergern Acquisition": 1000000.0,
        "Earnings From Equity Interest": 24000000.0,
        "Gain On Sale Of Security": -619000000.0,
        "Net Non Operating Interest Income Expense": -71270000.0,
        "Interest Expense Non Operating": 71270000.0,
        "Interest Income Non Operating": NaN,
        "Operating Income": 780968000.0,
        "Operating Expense": 426210000.0,
        "Selling General And Administration": 426210000.0,
        "General And Administrative Expense": 427210000.0,
        "Other Gand A": 426210000.0,
        "Salaries And Wages": 1000000.0,
        "Gross Profit": 1207178000.0,
        "Cost Of Revenue": 2980654000.0,
        "Total Revenue": 4187832000.0,
        "Operating Revenue": 4187832000.0
    },
    "2023-06-30": {
        "Tax Effect Of Unusual Items": NaN,
        "Tax Rate For Calcs": NaN,
        "Normalized EBITDA": NaN,
        "Total Unusual Items": NaN,
        "Total Unusual Items Excluding Goodwill": NaN,
        "Net Income From Continuing Operation Net Minority Interest": NaN,
        "Reconciled Depreciation": NaN,
        "Reconciled Cost Of Revenue": NaN,
        "EBITDA": NaN,
        "EBIT": NaN,
        "Net Interest Income": NaN,
        "Interest Expense": NaN,
        "Interest Income": NaN,
        "Normalized Income": NaN,
        "Net Income From Continuing And Discontinued Operation": NaN,
        "Total Expenses": NaN,
        "Diluted Average Shares": 130222542.0,
        "Basic Average Shares": 128440007.0,
        "Diluted EPS": 5.44,
        "Basic EPS": 5.52,
        "Diluted NI Availto Com Stockholders": NaN,
        "Net Income Common Stockholders": NaN,
        "Net Income": NaN,
        "Minority Interests": NaN,
        "Net Income Including Noncontrolling Interests": NaN,
        "Net Income Continuous Operations": NaN,
        "Tax Provision": NaN,
        "Pretax Income": NaN,
        "Other Income Expense": NaN,
        "Other Non Operating Income Expenses": NaN,
        "Special Income Charges": NaN,
        "Gain On Sale Of Ppe": NaN,
        "Earnings From Equity Interest": NaN,
        "Gain On Sale Of Security": NaN,
        "Net Non Operating Interest Income Expense": NaN,
        "Interest Expense Non Operating": NaN,
        "Interest Income Non Operating": NaN,
        "Operating Income": NaN,
        "Operating Expense": NaN,
        "Selling General And Administration": NaN,
        "General And Administrative Expense": NaN,
        "Other Gand A": NaN,
        "Salaries And Wages": NaN,
        "Gross Profit": NaN,
        "Cost Of Revenue": NaN,
        "Total Revenue": NaN,
        "Operating Revenue": NaN
    },
    "2023-09-30": {
        "Tax Effect Of Unusual Items": 0.0,
        "Tax Rate For Calcs": 0.206,
        "Normalized EBITDA": 1195290000.0,
        "Total Unusual Items": NaN,
        "Total Unusual Items Excluding Goodwill": NaN,
        "Net Income From Continuing Operation Net Minority Interest": 650827000.0,
        "Reconciled Depreciation": 240387000.0,
        "Reconciled Cost Of Revenue": 3097349000.0,
        "EBITDA": 1195290000.0,
        "EBIT": 954903000.0,
        "Net Interest Income": -134468000.0,
        "Interest Expense": 134468000.0,
        "Interest Income": NaN,
        "Normalized Income": 650827000.0,
        "Net Income From Continuing And Discontinued Operation": 650827000.0,
        "Total Expenses": 3971040000.0,
        "Diluted Average Shares": 130363441.0,
        "Basic Average Shares": 128472550.0,
        "Diluted EPS": 4.99,
        "Basic EPS": 5.07,
        "Diluted NI Availto Com Stockholders": 650827000.0,
        "Net Income Common Stockholders": 650827000.0,
        "Net Income": 650827000.0,
        "Minority Interests": -245000.0,
        "Net Income Including Noncontrolling Interests": 651072000.0,
        "Net Income Continuous Operations": 651072000.0,
        "Tax Provision": 169363000.0,
        "Pretax Income": 820435000.0,
        "Other Income Expense": 78455000.0,
        "Other Non Operating Income Expenses": 78455000.0,
        "Special Income Charges": NaN,
        "Gain On Sale Of Ppe": NaN,
        "Earnings From Equity Interest": NaN,
        "Gain On Sale Of Security": NaN,
        "Net Non Operating Interest Income Expense": -134468000.0,
        "Interest Expense Non Operating": 134468000.0,
        "Interest Income Non Operating": NaN,
        "Operating Income": 876448000.0,
        "Operating Expense": 873691000.0,
        "Selling General And Administration": 873691000.0,
        "General And Administrative Expense": 873691000.0,
        "Other Gand A": 873691000.0,
        "Salaries And Wages": NaN,
        "Gross Profit": 1750139000.0,
        "Cost Of Revenue": 3097349000.0,
        "Total Revenue": 4847488000.0,
        "Operating Revenue": 4847488000.0
    },
    "2023-12-31": {
        "Tax Effect Of Unusual Items": NaN,
        "Tax Rate For Calcs": NaN,
        "Normalized EBITDA": NaN,
        "Total Unusual Items": NaN,
        "Total Unusual Items Excluding Goodwill": NaN,
        "Net Income From Continuing Operation Net Minority Interest": NaN,
        "Reconciled Depreciation": NaN,
        "Reconciled Cost Of Revenue": NaN,
        "EBITDA": NaN,
        "EBIT": NaN,
        "Net Interest Income": NaN,
        "Interest Expense": NaN,
        "Interest Income": NaN,
        "Normalized Income": NaN,
        "Net Income From Continuing And Discontinued Operation": NaN,
        "Total Expenses": NaN,
        "Diluted Average Shares": NaN,
        "Basic Average Shares": NaN,
        "Diluted EPS": NaN,
        "Basic EPS": NaN,
        "Diluted NI Availto Com Stockholders": NaN,
        "Net Income Common Stockholders": NaN,
        "Net Income": NaN,
        "Minority Interests": NaN,
        "Net Income Including Noncontrolling Interests": NaN,
        "Net Income Continuous Operations": NaN,
        "Tax Provision": NaN,
        "Pretax Income": NaN,
        "Other Income Expense": NaN,
        "Other Non Operating Income Expenses": NaN,
        "Special Income Charges": NaN,
        "Gain On Sale Of Ppe": NaN,
        "Other Special Charges": NaN,
        "Earnings From Equity Interest": NaN,
        "Gain On Sale Of Security": NaN,
        "Net Non Operating Interest Income Expense": NaN,
        "Interest Expense Non Operating": NaN,
        "Interest Income Non Operating": NaN,
        "Operating Income": NaN,
        "Operating Expense": NaN,
        "Selling General And Administration": NaN,
        "General And Administrative Expense": NaN,
        "Other Gand A": NaN,
        "Salaries And Wages": -17000000.0,
        "Gross Profit": NaN,
        "Cost Of Revenue": NaN,
        "Total Revenue": NaN,
        "Operating Revenue": NaN
    },
    "2024-03-31": {
        "Tax Effect Of Unusual Items": NaN,
        "Tax Rate For Calcs": NaN,
        "Normalized EBITDA": NaN,
        "Total Unusual Items": NaN,
        "Total Unusual Items Excluding Goodwill": NaN,
        "Net Income From Continuing Operation Net Minority Interest": NaN,
        "Reconciled Depreciation": NaN,
        "Reconciled Cost Of Revenue": NaN,
        "EBITDA": NaN,
        "EBIT": NaN,
        "Net Interest Income": NaN,
        "Interest Expense": NaN,
        "Interest Income": NaN,
        "Normalized Income": NaN,
        "Net Income From Continuing And Discontinued Operation": NaN,
        "Total Expenses": NaN,
        "Diluted Average Shares": NaN,
        "Basic Average Shares": NaN,
        "Diluted EPS": NaN,
        "Basic EPS": NaN,
        "Diluted NI Availto Com Stockholders": NaN,
        "Net Income Common Stockholders": NaN,
        "Net Income": NaN,
        "Minority Interests": NaN,
        "Net Income Including Noncontrolling Interests": NaN,
        "Net Income Continuous Operations": NaN,
        "Tax Provision": NaN,
        "Pretax Income": NaN,
        "Other Income Expense": NaN,
        "Other Non Operating Income Expenses": NaN,
        "Special Income Charges": NaN,
        "Gain On Sale Of Ppe": NaN,
        "Other Special Charges": NaN,
        "Earnings From Equity Interest": NaN,
        "Gain On Sale Of Security": NaN,
        "Net Non Operating Interest Income Expense": NaN,
        "Interest Expense Non Operating": NaN,
        "Interest Income Non Operating": NaN,
        "Operating Income": NaN,
        "Operating Expense": NaN,
        "Selling General And Administration": NaN,
        "General And Administrative Expense": NaN,
        "Other Gand A": NaN,
        "Salaries And Wages": -18000000.0,
        "Gross Profit": NaN,
        "Cost Of Revenue": NaN,
        "Total Revenue": NaN,
        "Operating Revenue": NaN
    },
    "2024-06-30": {
        "Tax Effect Of Unusual Items": NaN,
        "Tax Rate For Calcs": NaN,
        "Normalized EBITDA": NaN,
        "Total Unusual Items": NaN,
        "Total Unusual Items Excluding Goodwill": NaN,
        "Net Income From Continuing Operation Net Minority Interest": NaN,
        "Reconciled Depreciation": NaN,
        "Reconciled Cost Of Revenue": NaN,
        "EBITDA": NaN,
        "EBIT": NaN,
        "Net Interest Income": NaN,
        "Interest Expense": NaN,
        "Interest Income": NaN,
        "Normalized Income": NaN,
        "Net Income From Continuing And Discontinued Operation": NaN,
        "Total Expenses": NaN,
        "Diluted Average Shares": NaN,
        "Basic Average Shares": NaN,
        "Diluted EPS": NaN,
        "Basic EPS": NaN,
        "Diluted NI Availto Com Stockholders": NaN,
        "Net Income Common Stockholders": NaN,
        "Net Income": NaN,
        "Minority Interests": -110000.0,
        "Net Income Including Noncontrolling Interests": NaN,
        "Net Income Continuous Operations": NaN,
        "Tax Provision": NaN,
        "Pretax Income": NaN,
        "Other Income Expense": NaN,
        "Other Non Operating Income Expenses": NaN,
        "Special Income Charges": NaN,
        "Gain On Sale Of Ppe": NaN,
        "Other Special Charges": NaN,
        "Earnings From Equity Interest": NaN,
        "Gain On Sale Of Security": NaN,
        "Net Non Operating Interest Income Expense": NaN,
        "Interest Expense Non Operating": NaN,
        "Interest Income Non Operating": NaN,
        "Operating Income": NaN,
        "Operating Expense": NaN,
        "Selling General And Administration": NaN,
        "General And Administrative Expense": NaN,
        "Other Gand A": NaN,
        "Salaries And Wages": -20000000.0,
        "Gross Profit": NaN,
        "Cost Of Revenue": NaN,
        "Total Revenue": NaN,
        "Operating Revenue": NaN
    },
    "2024-09-30": {
        "Tax Effect Of Unusual Items": NaN,
        "Tax Rate For Calcs": NaN,
        "Normalized EBITDA": NaN,
        "Total Unusual Items": NaN,
        "Total Unusual Items Excluding Goodwill": NaN,
        "Net Income From Continuing Operation Net Minority Interest": NaN,
        "Reconciled Depreciation": NaN,
        "Reconciled Cost Of Revenue": NaN,
        "EBITDA": NaN,
        "EBIT": NaN,
        "Net Interest Income": NaN,
        "Interest Expense": NaN,
        "Interest Income": NaN,
        "Normalized Income": NaN,
        "Net Income From Continuing And Discontinued Operation": NaN,
        "Total Expenses": NaN,
        "Diluted Average Shares": NaN,
        "Basic Average Shares": NaN,
        "Diluted EPS": NaN,
        "Basic EPS": NaN,
        "Diluted NI Availto Com Stockholders": NaN,
        "Net Income Common Stockholders": NaN,
        "Net Income": NaN,
        "Minority Interests": -108000.0,
        "Net Income Including Noncontrolling Interests": NaN,
        "Net Income Continuous Operations": NaN,
        "Tax Provision": NaN,
        "Pretax Income": NaN,
        "Other Income Expense": NaN,
        "Other Non Operating Income Expenses": NaN,
        "Special Income Charges": NaN,
        "Gain On Sale Of Ppe": 9000000.0,
        "Other Special Charges": NaN,
        "Earnings From Equity Interest": NaN,
        "Gain On Sale Of Security": NaN,
        "Net Non Operating Interest Income Expense": NaN,
        "Interest Expense Non Operating": NaN,
        "Interest Income Non Operating": NaN,
        "Operating Income": NaN,
        "Operating Expense": NaN,
        "Selling General And Administration": NaN,
        "General And Administrative Expense": 849000000.0,
        "Other Gand A": 849000000.0,
        "Salaries And Wages": NaN,
        "Gross Profit": NaN,
        "Cost Of Revenue": NaN,
        "Total Revenue": NaN,
        "Operating Revenue": NaN
    },
    "2024-12-31": {
        "Tax Effect Of Unusual Items": 52080000.0,
        "Tax Rate For Calcs": 0.186,
        "Normalized EBITDA": 1213000000.0,
        "Total Unusual Items": 280000000.0,
        "Total Unusual Items Excluding Goodwill": 280000000.0,
        "Net Income From Continuing Operation Net Minority Interest": 949000000.0,
        "Reconciled Depreciation": 226000000.0,
        "Reconciled Cost Of Revenue": 3022000000.0,
        "EBITDA": 1493000000.0,
        "EBIT": 1267000000.0,
        "Net Interest Income": -99000000.0,
        "Interest Expense": 101000000.0,
        "Interest Income": 2000000.0,
        "Normalized Income": 721080000.0,
        "Net Income From Continuing And Discontinued Operation": 949000000.0,
        "Total Expenses": 3804000000.0,
        "Diluted Average Shares": 130800000.0,
        "Basic Average Shares": 128800000.0,
        "Diluted EPS": 7.25,
        "Basic EPS": 7.37,
        "Diluted NI Availto Com Stockholders": 949000000.0,
        "Net Income Common Stockholders": 949000000.0,
        "Net Income": 949000000.0,
        "Minority Interests": -107000.0,
        "Net Income Including Noncontrolling Interests": 949000000.0,
        "Net Income Continuous Operations": 949000000.0,
        "Tax Provision": 217000000.0,
        "Pretax Income": 1166000000.0,
        "Other Income Expense": 326000000.0,
        "Other Non Operating Income Expenses": 7000000.0,
        "Special Income Charges": 248000000.0,
        "Gain On Sale Of Ppe": 248000000.0,
        "Other Special Charges": NaN,
        "Earnings From Equity Interest": 39000000.0,
        "Gain On Sale Of Security": 32000000.0,
        "Net Non Operating Interest Income Expense": -99000000.0,
        "Interest Expense Non Operating": 101000000.0,
        "Interest Income Non Operating": 2000000.0,
        "Operating Income": 939000000.0,
        "Operating Expense": 782000000.0,
        "Selling General And Administration": 782000000.0,
        "General And Administrative Expense": 782421000.0,
        "Other Gand A": 782421000.0,
        "Salaries And Wages": NaN,
        "Gross Profit": 1721000000.0,
        "Cost Of Revenue": 3022000000.0,
        "Total Revenue": 4743000000.0,
        "Operating Revenue": 4743000000.0
    },
    "2025-03-31": {
        "Tax Effect Of Unusual Items": -439008.0,
        "Tax Rate For Calcs": 0.034,
        "Normalized EBITDA": 1326333000.0,
        "Total Unusual Items": -12912000.0,
        "Total Unusual Items Excluding Goodwill": -12912000.0,
        "Net Income From Continuing Operation Net Minority Interest": 960866000.0,
        "Reconciled Depreciation": 222665000.0,
        "Reconciled Cost Of Revenue": 3129951000.0,
        "EBITDA": 1313421000.0,
        "EBIT": 1090756000.0,
        "Net Interest Income": -92564000.0,
        "Interest Expense": 95942000.0,
        "Interest Income": 3378000.0,
        "Normalized Income": 973338992.0,
        "Net Income From Continuing And Discontinued Operation": 960866000.0,
        "Total Expenses": 3914306000.0,
        "Diluted Average Shares": 130320802.0,
        "Basic Average Shares": 128442623.0,
        "Diluted EPS": 7.37,
        "Basic EPS": 7.48,
        "Diluted NI Availto Com Stockholders": 960866000.0,
        "Net Income Common Stockholders": 960866000.0,
        "Net Income": 960866000.0,
        "Minority Interests": -320000.0,
        "Net Income Including Noncontrolling Interests": 961186000.0,
        "Net Income Continuous Operations": 961186000.0,
        "Tax Provision": 33628000.0,
        "Pretax Income": 994814000.0,
        "Other Income Expense": 41335000.0,
        "Other Non Operating Income Expenses": 5455000.0,
        "Special Income Charges": -3499000.0,
        "Gain On Sale Of Ppe": 4226000.0,
        "Other Special Charges": 7725000.0,
        "Earnings From Equity Interest": 48792000.0,
        "Gain On Sale Of Security": -9413000.0,
        "Net Non Operating Interest Income Expense": -92564000.0,
        "Interest Expense Non Operating": 95942000.0,
        "Interest Income Non Operating": 3378000.0,
        "Operating Income": 1046043000.0,
        "Operating Expense": 784355000.0,
        "Selling General And Administration": 784355000.0,
        "General And Administrative Expense": 784355000.0,
        "Other Gand A": 784355000.0,
        "Salaries And Wages": NaN,
        "Gross Profit": 1830398000.0,
        "Cost Of Revenue": 3129951000.0,
        "Total Revenue": 4960349000.0,
        "Operating Revenue": 4960349000.0
    },
    "2025-06-30": {
        "Tax Effect Of Unusual Items": -2786265.604126,
        "Tax Rate For Calcs": 0.137709,
        "Normalized EBITDA": 1419876000.0,
        "Total Unusual Items": -20233000.0,
        "Total Unusual Items Excluding Goodwill": -20233000.0,
        "Net Income From Continuing Operation Net Minority Interest": 923172000.0,
        "Reconciled Depreciation": 229335000.0,
        "Reconciled Cost Of Revenue": 3285101000.0,
        "EBITDA": 1399643000.0,
        "EBIT": 1170308000.0,
        "Net Interest Income": -96791000.0,
        "Interest Expense": 99165000.0,
        "Interest Income": 2374000.0,
        "Normalized Income": 940618734.395874,
        "Net Income From Continuing And Discontinued Operation": 923172000.0,
        "Total Expenses": 4124536000.0,
        "Diluted Average Shares": 129000000.0,
        "Basic Average Shares": 127200000.0,
        "Diluted EPS": 7.15,
        "Basic EPS": 7.25,
        "Diluted NI Availto Com Stockholders": 923172000.0,
        "Net Income Common Stockholders": 923172000.0,
        "Net Income": 923172000.0,
        "Minority Interests": -465000.0,
        "Net Income Including Noncontrolling Interests": 923637000.0,
        "Net Income Continuous Operations": 923637000.0,
        "Tax Provision": 147506000.0,
        "Pretax Income": 1071143000.0,
        "Other Income Expense": 49396000.0,
        "Other Non Operating Income Expenses": 17391000.0,
        "Special Income Charges": 11151000.0,
        "Gain On Sale Of Ppe": NaN,
        "Other Special Charges": 275000.0,
        "Earnings From Equity Interest": 52238000.0,
        "Gain On Sale Of Security": -31384000.0,
        "Net Non Operating Interest Income Expense": -96791000.0,
        "Interest Expense Non Operating": 99165000.0,
        "Interest Income Non Operating": 2374000.0,
        "Operating Income": 1118538000.0,
        "Operating Expense": 839435000.0,
        "Selling General And Administration": 839435000.0,
        "General And Administrative Expense": 839435000.0,
        "Other Gand A": 839435000.0,
        "Salaries And Wages": NaN,
        "Gross Profit": 1957973000.0,
        "Cost Of Revenue": 3285101000.0,
        "Total Revenue": 5243074000.0,
        "Operating Revenue": 5243074000.0
    },
    "2025-09-30": {
        "Tax Effect Of Unusual Items": 1338000.0,
        "Tax Rate For Calcs": 0.223,
        "Normalized EBITDA": 1367000000.0,
        "Total Unusual Items": 6000000.0,
        "Total Unusual Items Excluding Goodwill": 6000000.0,
        "Net Income From Continuing Operation Net Minority Interest": 808000000.0,
        "Reconciled Depreciation": 232000000.0,
        "Reconciled Cost Of Revenue": 3177000000.0,
        "EBITDA": 1373000000.0,
        "EBIT": 1141000000.0,
        "Net Interest Income": -96000000.0,
        "Interest Expense": 101000000.0,
        "Interest Income": 5000000.0,
        "Normalized Income": 803338000.0,
        "Net Income From Continuing And Discontinued Operation": 808000000.0,
        "Total Expenses": 4050000000.0,
        "Diluted Average Shares": 128400000.0,
        "Basic Average Shares": 126500000.0,
        "Diluted EPS": 6.29,
        "Basic EPS": 6.39,
        "Diluted NI Availto Com Stockholders": 808000000.0,
        "Net Income Common Stockholders": 808000000.0,
        "Net Income": 808000000.0,
        "Minority Interests": NaN,
        "Net Income Including Noncontrolling Interests": 808000000.0,
        "Net Income Continuous Operations": 808000000.0,
        "Tax Provision": 232000000.0,
        "Pretax Income": 1040000000.0,
        "Other Income Expense": 102000000.0,
        "Other Non Operating Income Expenses": 38000000.0,
        "Special Income Charges": -1000000.0,
        "Gain On Sale Of Ppe": -1000000.0,
        "Other Special Charges": NaN,
        "Earnings From Equity Interest": 58000000.0,
        "Gain On Sale Of Security": 7000000.0,
        "Net Non Operating Interest Income Expense": -96000000.0,
        "Interest Expense Non Operating": 101000000.0,
        "Interest Income Non Operating": 5000000.0,
        "Operating Income": 1034000000.0,
        "Operating Expense": 873000000.0,
        "Selling General And Administration": 873000000.0,
        "General And Administrative Expense": 873000000.0,
        "Other Gand A": 873000000.0,
        "Salaries And Wages": NaN,
        "Gross Profit": 1907000000.0,
        "Cost Of Revenue": 3177000000.0,
        "Total Revenue": 5084000000.0,
        "Operating Revenue": 5084000000.0
    },
    "2025-12-31": {
        "Tax Effect Of Unusual Items": 2472000.0,
        "Tax Rate For Calcs": 0.206,
        "Normalized EBITDA": 1391000000.0,
        "Total Unusual Items": 12000000.0,
        "Total Unusual Items Excluding Goodwill": 12000000.0,
        "Net Income From Continuing Operation Net Minority Interest": 845000000.0,
        "Reconciled Depreciation": 233000000.0,
        "Reconciled Cost Of Revenue": 3243000000.0,
        "EBITDA": 1403000000.0,
        "EBIT": 1170000000.0,
        "Net Interest Income": -104000000.0,
        "Interest Expense": 106000000.0,
        "Interest Income": 2000000.0,
        "Normalized Income": 835472000.0,
        "Net Income From Continuing And Discontinued Operation": 845000000.0,
        "Total Expenses": 4080000000.0,
        "Diluted Average Shares": 128100000.0,
        "Basic Average Shares": 126200000.0,
        "Diluted EPS": 6.6,
        "Basic EPS": 6.69,
        "Diluted NI Availto Com Stockholders": 845000000.0,
        "Net Income Common Stockholders": 845000000.0,
        "Net Income": 845000000.0,
        "Minority Interests": NaN,
        "Net Income Including Noncontrolling Interests": 845000000.0,
        "Net Income Continuous Operations": 845000000.0,
        "Tax Provision": 219000000.0,
        "Pretax Income": 1064000000.0,
        "Other Income Expense": 74000000.0,
        "Other Non Operating Income Expenses": 11000000.0,
        "Special Income Charges": 9000000.0,
        "Gain On Sale Of Ppe": 9000000.0,
        "Other Special Charges": NaN,
        "Earnings From Equity Interest": 51000000.0,
        "Gain On Sale Of Security": 3000000.0,
        "Net Non Operating Interest Income Expense": -104000000.0,
        "Interest Expense Non Operating": 106000000.0,
        "Interest Income Non Operating": 2000000.0,
        "Operating Income": 1094000000.0,
        "Operating Expense": 837000000.0,
        "Selling General And Administration": 837000000.0,
        "General And Administrative Expense": NaN,
        "Other Gand A": NaN,
        "Salaries And Wages": NaN,
        "Gross Profit": 1931000000.0,
        "Cost Of Revenue": 3243000000.0,
        "Total Revenue": 5174000000.0,
        "Operating Revenue": 5174000000.0
    }
}