{
    "2023-03-31": {
        "Tax Effect Of Unusual Items": NaN,
        "Tax Rate For Calcs": NaN,
        "Normalized EBITDA": NaN,
        "Net Income From Continuing Operation Net Minority Interest": NaN,
        "Reconciled Depreciation": NaN,
        "Reconciled Cost Of Revenue": NaN,
        "EBITDA": NaN,
        "EBIT": NaN,
        "Net Interest Income": NaN,
        "Interest Expense": NaN,
        "Interest Income": NaN,
        "Normalized Income": NaN,
        "Net Income From Continuing And Discontinued Operation": NaN,
        "Total Expenses": NaN,
        "Total Operating Income As Reported": NaN,
        "Diluted Average Shares": NaN,
        "Basic Average Shares": NaN,
        "Diluted EPS": NaN,
        "Basic EPS": NaN,
        "Diluted NI Availto Com Stockholders": NaN,
        "Net Income Common Stockholders": NaN,
        "Net Income": NaN,
        "Net Income Including Noncontrolling Interests": NaN,
        "Net Income Continuous Operations": NaN,
        "Pretax Income": NaN,
        "Other Income Expense": NaN,
        "Other Non Operating Income Expenses": NaN,
        "Net Non Operating Interest Income Expense": NaN,
        "Interest Expense Non Operating": NaN,
        "Interest Income Non Operating": NaN,
        "Operating Income": NaN,
        "Operating Expense": NaN,
        "Research And Development": NaN,
        "Selling General And Administration": NaN,
        "General And Administrative Expense": 18598000.0,
        "Other Gand A": 18598000.0,
        "Gross Profit": NaN,
        "Cost Of Revenue": NaN,
        "Total Revenue": NaN,
        "Operating Revenue": NaN
    },
    "2022-12-31": {
        "Tax Effect Of Unusual Items": NaN,
        "Tax Rate For Calcs": NaN,
        "Normalized EBITDA": NaN,
        "Net Income From Continuing Operation Net Minority Interest": NaN,
        "Reconciled Depreciation": NaN,
        "Reconciled Cost Of Revenue": NaN,
        "EBITDA": NaN,
        "EBIT": NaN,
        "Net Interest Income": NaN,
        "Interest Expense": NaN,
        "Interest Income": NaN,
        "Normalized Income": NaN,
        "Net Income From Continuing And Discontinued Operation": NaN,
        "Total Expenses": NaN,
        "Total Operating Income As Reported": NaN,
        "Diluted Average Shares": NaN,
        "Basic Average Shares": NaN,
        "Diluted EPS": NaN,
        "Basic EPS": NaN,
        "Diluted NI Availto Com Stockholders": NaN,
        "Net Income Common Stockholders": NaN,
        "Net Income": NaN,
        "Net Income Including Noncontrolling Interests": NaN,
        "Net Income Continuous Operations": NaN,
        "Pretax Income": NaN,
        "Other Income Expense": NaN,
        "Other Non Operating Income Expenses": NaN,
        "Net Non Operating Interest Income Expense": NaN,
        "Interest Expense Non Operating": NaN,
        "Interest Income Non Operating": NaN,
        "Operating Income": NaN,
        "Operating Expense": NaN,
        "Research And Development": NaN,
        "Selling General And Administration": NaN,
        "General And Administrative Expense": 30696000.0,
        "Other Gand A": 30696000.0,
        "Gross Profit": NaN,
        "Cost Of Revenue": NaN,
        "Total Revenue": NaN,
        "Operating Revenue": NaN
    },
    "2022-09-30": {
        "Tax Effect Of Unusual Items": NaN,
        "Tax Rate For Calcs": NaN,
        "Normalized EBITDA": NaN,
        "Net Income From Continuing Operation Net Minority Interest": NaN,
        "Reconciled Depreciation": NaN,
        "Reconciled Cost Of Revenue": NaN,
        "EBITDA": NaN,
        "EBIT": NaN,
        "Net Interest Income": NaN,
        "Interest Expense": NaN,
        "Interest Income": NaN,
        "Normalized Income": NaN,
        "Net Income From Continuing And Discontinued Operation": NaN,
        "Total Expenses": NaN,
        "Total Operating Income As Reported": NaN,
        "Diluted Average Shares": NaN,
        "Basic Average Shares": NaN,
        "Diluted EPS": NaN,
        "Basic EPS": NaN,
        "Diluted NI Availto Com Stockholders": NaN,
        "Net Income Common Stockholders": NaN,
        "Net Income": NaN,
        "Net Income Including Noncontrolling Interests": NaN,
        "Net Income Continuous Operations": NaN,
        "Pretax Income": NaN,
        "Other Income Expense": NaN,
        "Other Non Operating Income Expenses": NaN,
        "Net Non Operating Interest Income Expense": NaN,
        "Interest Expense Non Operating": NaN,
        "Interest Income Non Operating": NaN,
        "Operating Income": NaN,
        "Operating Expense": NaN,
        "Research And Development": NaN,
        "Selling General And Administration": NaN,
        "General And Administrative Expense": 23509000.0,
        "Other Gand A": 23509000.0,
        "Gross Profit": NaN,
        "Cost Of Revenue": NaN,
        "Total Revenue": NaN,
        "Operating Revenue": NaN
    },
    "2022-06-30": {
        "Tax Effect Of Unusual Items": 0.0,
        "Tax Rate For Calcs": 0.0,
        "Normalized EBITDA": -45253000.0,
        "Net Income From Continuing Operation Net Minority Interest": -50920000.0,
        "Reconciled Depreciation": 149000.0,
        "EBITDA": -45253000.0,
        "EBIT": -45253000.0,
        "Net Interest Income": -5555000.0,
        "Interest Expense": 5667000.0,
        "Interest Income": 112000.0,
        "Normalized Income": -50920000.0,
        "Net Income From Continuing And Discontinued Operation": -50920000.0,
        "Total Expenses": 45363000.0,
        "Total Operating Income As Reported": -45363000.0,
        "Diluted Average Shares": 38272044.0,
        "Basic Average Shares": 38272044.0,
        "Diluted EPS": -1.33,
        "Basic EPS": -1.33,
        "Diluted NI Availto Com Stockholders": -50920000.0,
        "Net Income Common Stockholders": -50920000.0,
        "Net Income": -50920000.0,
        "Net Income Including Noncontrolling Interests": -50920000.0,
        "Net Income Continuous Operations": -50920000.0,
        "Pretax Income": -50920000.0,
        "Other Income Expense": -2000.0,
        "Other Non Operating Income Expenses": -2000.0,
        "Net Non Operating Interest Income Expense": -5555000.0,
        "Interest Expense Non Operating": 5667000.0,
        "Interest Income Non Operating": 112000.0,
        "Operating Income": -45363000.0,
        "Operating Expense": 45363000.0,
        "Research And Development": 18815000.0,
        "Selling General And Administration": 26548000.0,
        "General And Administrative Expense": 26548000.0,
        "Other Gand A": 26548000.0,
        "Total Revenue": 0.0,
        "Operating Revenue": 0.0
    },
    "2022-03-31": {
        "Diluted EPS": -1.07,
        "Total Revenue": NaN,
        "Gross Profit": NaN,
        "Operating Income": -38,
        "EBIT": -37,
        "Net Income": -41
    },
    "2021-12-31": {
        "Diluted EPS": -0.95,
        "Total Revenue": NaN,
        "Gross Profit": NaN,
        "Operating Income": -33,
        "EBIT": -32,
        "Net Income": -36
    },
    "2021-09-30": {
        "Diluted EPS": -0.98,
        "Total Revenue": NaN,
        "Gross Profit": NaN,
        "Operating Income": -33,
        "EBIT": -31,
        "Net Income": -37
    },
    "2021-06-30": {
        "Diluted EPS": -1.0,
        "Total Revenue": NaN,
        "Gross Profit": NaN,
        "Operating Income": -35,
        "EBIT": -35,
        "Net Income": -37
    },
    "2021-03-31": {
        "Diluted EPS": -0.96,
        "Total Revenue": NaN,
        "Gross Profit": NaN,
        "Operating Income": -34,
        "EBIT": -33,
        "Net Income": -35
    },
    "2020-12-31": {
        "Diluted EPS": -1.6,
        "Total Revenue": NaN,
        "Gross Profit": NaN,
        "Operating Income": -52,
        "EBIT": -52,
        "Net Income": -54
    },
    "2020-09-30": {
        "Diluted EPS": -1.02,
        "Total Revenue": NaN,
        "Gross Profit": NaN,
        "Operating Income": -33,
        "EBIT": -32,
        "Net Income": -34
    },
    "2020-06-30": {
        "Diluted EPS": -0.64,
        "Total Revenue": NaN,
        "Gross Profit": NaN,
        "Operating Income": -20,
        "EBIT": -20,
        "Net Income": -21
    },
    "2020-03-31": {
        "Diluted EPS": -0.62,
        "Total Revenue": NaN,
        "Gross Profit": NaN,
        "Operating Income": -20,
        "EBIT": -20,
        "Net Income": -20
    },
    "2019-12-31": {
        "Diluted EPS": 0.15,
        "Total Revenue": NaN,
        "Gross Profit": NaN,
        "Operating Income": -16,
        "EBIT": -16,
        "Net Income": -98
    },
    "2019-09-30": {
        "Diluted EPS": -9.3,
        "Total Revenue": NaN,
        "Gross Profit": NaN,
        "Operating Income": -6,
        "EBIT": -6,
        "Net Income": -68
    },
    "2019-06-30": {
        "Diluted EPS": -13.11,
        "Total Revenue": NaN,
        "Gross Profit": NaN,
        "Operating Income": -83,
        "EBIT": -83,
        "Net Income": -88
    },
    "2019-03-31": {
        "Diluted EPS": -0.19,
        "Total Revenue": NaN,
        "Gross Profit": NaN,
        "Operating Income": -1,
        "EBIT": -1,
        "Net Income": -1
    },
    "2018-12-31": {
        "Diluted EPS": 0.0,
        "Total Revenue": NaN,
        "Gross Profit": NaN,
        "Operating Income": NaN,
        "EBIT": NaN,
        "Net Income": NaN
    },
    "2018-09-30": {
        "Diluted EPS": -0.04,
        "Total Revenue": NaN,
        "Gross Profit": NaN,
        "Operating Income": 0,
        "EBIT": 0,
        "Net Income": 0
    },
    "2023-06-30": {
        "Tax Effect Of Unusual Items": NaN,
        "Tax Rate For Calcs": NaN,
        "Normalized EBITDA": NaN,
        "Net Income From Continuing Operation Net Minority Interest": NaN,
        "Reconciled Depreciation": NaN,
        "Reconciled Cost Of Revenue": NaN,
        "EBITDA": NaN,
        "EBIT": NaN,
        "Net Interest Income": NaN,
        "Interest Expense": NaN,
        "Interest Income": NaN,
        "Normalized Income": NaN,
        "Net Income From Continuing And Discontinued Operation": NaN,
        "Total Expenses": NaN,
        "Total Operating Income As Reported": NaN,
        "Diluted Average Shares": NaN,
        "Basic Average Shares": NaN,
        "Diluted EPS": NaN,
        "Basic EPS": NaN,
        "Diluted NI Availto Com Stockholders": NaN,
        "Net Income Common Stockholders": NaN,
        "Net Income": NaN,
        "Net Income Including Noncontrolling Interests": NaN,
        "Net Income Continuous Operations": NaN,
        "Pretax Income": NaN,
        "Other Income Expense": NaN,
        "Other Non Operating Income Expenses": NaN,
        "Net Non Operating Interest Income Expense": NaN,
        "Interest Expense Non Operating": NaN,
        "Interest Income Non Operating": NaN,
        "Operating Income": NaN,
        "Operating Expense": NaN,
        "Research And Development": NaN,
        "Selling General And Administration": NaN,
        "General And Administrative Expense": 18937000.0,
        "Other Gand A": 18937000.0,
        "Gross Profit": NaN,
        "Cost Of Revenue": NaN,
        "Total Revenue": NaN,
        "Operating Revenue": NaN
    },
    "2023-09-30": {
        "Tax Effect Of Unusual Items": NaN,
        "Tax Rate For Calcs": NaN,
        "Normalized EBITDA": NaN,
        "Net Income From Continuing Operation Net Minority Interest": NaN,
        "Reconciled Depreciation": NaN,
        "Reconciled Cost Of Revenue": NaN,
        "EBITDA": NaN,
        "EBIT": NaN,
        "Net Interest Income": NaN,
        "Interest Expense": NaN,
        "Interest Income": NaN,
        "Normalized Income": NaN,
        "Net Income From Continuing And Discontinued Operation": NaN,
        "Total Expenses": NaN,
        "Total Operating Income As Reported": NaN,
        "Diluted Average Shares": NaN,
        "Basic Average Shares": NaN,
        "Diluted EPS": NaN,
        "Basic EPS": NaN,
        "Diluted NI Availto Com Stockholders": NaN,
        "Net Income Common Stockholders": NaN,
        "Net Income": NaN,
        "Net Income Including Noncontrolling Interests": NaN,
        "Net Income Continuous Operations": NaN,
        "Pretax Income": NaN,
        "Other Income Expense": NaN,
        "Other Non Operating Income Expenses": NaN,
        "Net Non Operating Interest Income Expense": NaN,
        "Interest Expense Non Operating": NaN,
        "Interest Income Non Operating": NaN,
        "Operating Income": NaN,
        "Operating Expense": NaN,
        "Research And Development": NaN,
        "Selling General And Administration": NaN,
        "General And Administrative Expense": 23396000.0,
        "Other Gand A": 23396000.0,
        "Gross Profit": NaN,
        "Cost Of Revenue": NaN,
        "Total Revenue": NaN,
        "Operating Revenue": NaN
    },
    "2023-12-31": {
        "Tax Effect Of Unusual Items": 0.0,
        "Tax Rate For Calcs": 0.0,
        "Normalized EBITDA": -66356000.0,
        "Net Income From Continuing Operation Net Minority Interest": -79570000.0,
        "Reconciled Depreciation": 185000.0,
        "Reconciled Cost Of Revenue": NaN,
        "EBITDA": -66356000.0,
        "EBIT": -66541000.0,
        "Net Interest Income": -9681000.0,
        "Interest Expense": 13029000.0,
        "Interest Income": 3348000.0,
        "Normalized Income": -79570000.0,
        "Net Income From Continuing And Discontinued Operation": -79570000.0,
        "Total Expenses": 70557000.0,
        "Total Operating Income As Reported": -69875000.0,
        "Diluted Average Shares": NaN,
        "Basic Average Shares": NaN,
        "Diluted EPS": NaN,
        "Basic EPS": NaN,
        "Diluted NI Availto Com Stockholders": -79570000.0,
        "Net Income Common Stockholders": -79570000.0,
        "Net Income": -79570000.0,
        "Net Income Including Noncontrolling Interests": -79570000.0,
        "Net Income Continuous Operations": -79570000.0,
        "Pretax Income": -79570000.0,
        "Other Income Expense": -14000.0,
        "Other Non Operating Income Expenses": -14000.0,
        "Net Non Operating Interest Income Expense": -9681000.0,
        "Interest Expense Non Operating": 13029000.0,
        "Interest Income Non Operating": 3348000.0,
        "Operating Income": -69875000.0,
        "Operating Expense": 70390000.0,
        "Research And Development": 13394000.0,
        "Selling General And Administration": 56996000.0,
        "General And Administrative Expense": NaN,
        "Other Gand A": NaN,
        "Gross Profit": NaN,
        "Cost Of Revenue": NaN,
        "Total Revenue": 682000.0,
        "Operating Revenue": 682000.0
    },
    "2024-03-31": {
        "Tax Effect Of Unusual Items": 0.0,
        "Tax Rate For Calcs": 0.0,
        "Normalized EBITDA": -65470000.0,
        "Net Income From Continuing Operation Net Minority Interest": -82852000.0,
        "Reconciled Depreciation": 214000.0,
        "Reconciled Cost Of Revenue": 426000.0,
        "EBITDA": -65470000.0,
        "EBIT": -65684000.0,
        "Net Interest Income": -12855000.0,
        "Interest Expense": 17168000.0,
        "Interest Income": 4313000.0,
        "Normalized Income": -82852000.0,
        "Net Income From Continuing And Discontinued Operation": -82852000.0,
        "Total Expenses": 71866000.0,
        "Total Operating Income As Reported": -69954000.0,
        "Diluted Average Shares": 58371480.0,
        "Basic Average Shares": 58371480.0,
        "Diluted EPS": -1.42,
        "Basic EPS": -1.42,
        "Diluted NI Availto Com Stockholders": -82852000.0,
        "Net Income Common Stockholders": -82852000.0,
        "Net Income": -82852000.0,
        "Net Income Including Noncontrolling Interests": -82852000.0,
        "Net Income Continuous Operations": -82852000.0,
        "Pretax Income": -82852000.0,
        "Other Income Expense": -43000.0,
        "Other Non Operating Income Expenses": -43000.0,
        "Net Non Operating Interest Income Expense": -12855000.0,
        "Interest Expense Non Operating": 17168000.0,
        "Interest Income Non Operating": 4313000.0,
        "Operating Income": -69954000.0,
        "Operating Expense": 71440000.0,
        "Research And Development": 9430000.0,
        "Selling General And Administration": 62010000.0,
        "Gross Profit": 1486000.0,
        "Cost Of Revenue": 426000.0,
        "Total Revenue": 1912000.0,
        "Operating Revenue": 1912000.0
    },
    "2024-06-30": {
        "Tax Effect Of Unusual Items": 0.0,
        "Tax Rate For Calcs": 0.0,
        "Normalized EBITDA": -73485000.0,
        "Net Income From Continuing Operation Net Minority Interest": -91446000.0,
        "Reconciled Depreciation": 197000.0,
        "Reconciled Cost Of Revenue": 1376000.0,
        "EBITDA": -73485000.0,
        "EBIT": -73682000.0,
        "Net Interest Income": -14140000.0,
        "Interest Expense": 17764000.0,
        "Interest Income": 3624000.0,
        "Normalized Income": -91446000.0,
        "Net Income From Continuing And Discontinued Operation": -91446000.0,
        "Total Expenses": 84624000.0,
        "Total Operating Income As Reported": -77300000.0,
        "Diluted Average Shares": 58558145.0,
        "Basic Average Shares": 58558145.0,
        "Diluted EPS": -1.56,
        "Basic EPS": -1.56,
        "Diluted NI Availto Com Stockholders": -91446000.0,
        "Net Income Common Stockholders": -91446000.0,
        "Net Income": -91446000.0,
        "Net Income Including Noncontrolling Interests": -91446000.0,
        "Net Income Continuous Operations": -91446000.0,
        "Pretax Income": -91446000.0,
        "Other Income Expense": -6000.0,
        "Other Non Operating Income Expenses": -6000.0,
        "Net Non Operating Interest Income Expense": -14140000.0,
        "Interest Expense Non Operating": 17764000.0,
        "Interest Income Non Operating": 3624000.0,
        "Operating Income": -77300000.0,
        "Operating Expense": 83248000.0,
        "Research And Development": 7376000.0,
        "Selling General And Administration": 75872000.0,
        "Gross Profit": 5948000.0,
        "Cost Of Revenue": 1376000.0,
        "Total Revenue": 7324000.0,
        "Operating Revenue": 7324000.0
    },
    "2024-09-30": {
        "Tax Effect Of Unusual Items": 0.0,
        "Tax Rate For Calcs": 0.0,
        "Normalized EBITDA": -66902000.0,
        "Net Income From Continuing Operation Net Minority Interest": -85577000.0,
        "Reconciled Depreciation": 191000.0,
        "Reconciled Cost Of Revenue": 2356000.0,
        "EBITDA": -66902000.0,
        "EBIT": -67093000.0,
        "Net Interest Income": -14773000.0,
        "Interest Expense": 18484000.0,
        "Interest Income": 3711000.0,
        "Normalized Income": -85577000.0,
        "Net Income From Continuing And Discontinued Operation": -85577000.0,
        "Total Expenses": 87148000.0,
        "Total Operating Income As Reported": -70796000.0,
        "Diluted Average Shares": 64627847.0,
        "Basic Average Shares": 64627847.0,
        "Diluted EPS": -1.32,
        "Basic EPS": -1.32,
        "Diluted NI Availto Com Stockholders": -85577000.0,
        "Net Income Common Stockholders": -85577000.0,
        "Net Income": -85577000.0,
        "Net Income Including Noncontrolling Interests": -85577000.0,
        "Net Income Continuous Operations": -85577000.0,
        "Pretax Income": -85577000.0,
        "Other Income Expense": -8000.0,
        "Other Non Operating Income Expenses": -8000.0,
        "Net Non Operating Interest Income Expense": -14773000.0,
        "Interest Expense Non Operating": 18484000.0,
        "Interest Income Non Operating": 3711000.0,
        "Operating Income": -70796000.0,
        "Operating Expense": 84792000.0,
        "Research And Development": 8693000.0,
        "Selling General And Administration": 76099000.0,
        "Gross Profit": 13996000.0,
        "Cost Of Revenue": 2356000.0,
        "Total Revenue": 16352000.0,
        "Operating Revenue": 16352000.0
    },
    "2024-12-31": {
        "Tax Effect Of Unusual Items": 0.0,
        "Tax Rate For Calcs": 0.0,
        "Normalized EBITDA": -55665000.0,
        "Net Income From Continuing Operation Net Minority Interest": -74451000.0,
        "Reconciled Depreciation": 193000.0,
        "Reconciled Cost Of Revenue": 3815000.0,
        "EBITDA": -55665000.0,
        "EBIT": -55858000.0,
        "Net Interest Income": -15083000.0,
        "Interest Expense": 18593000.0,
        "Interest Income": 3510000.0,
        "Normalized Income": -74451000.0,
        "Net Income From Continuing And Discontinued Operation": -74451000.0,
        "Total Expenses": 89081000.0,
        "Total Operating Income As Reported": -59417000.0,
        "Diluted Average Shares": 71044948.0,
        "Basic Average Shares": 71044948.0,
        "Diluted EPS": -1.05,
        "Basic EPS": -1.05,
        "Diluted NI Availto Com Stockholders": -74451000.0,
        "Net Income Common Stockholders": -74451000.0,
        "Net Income": -74451000.0,
        "Net Income Including Noncontrolling Interests": -74451000.0,
        "Net Income Continuous Operations": -74451000.0,
        "Pretax Income": -74451000.0,
        "Other Income Expense": 49000.0,
        "Other Non Operating Income Expenses": 49000.0,
        "Net Non Operating Interest Income Expense": -15083000.0,
        "Interest Expense Non Operating": 18593000.0,
        "Interest Income Non Operating": 3510000.0,
        "Operating Income": -59417000.0,
        "Operating Expense": 85266000.0,
        "Research And Development": 8583000.0,
        "Selling General And Administration": 76683000.0,
        "Gross Profit": 25849000.0,
        "Cost Of Revenue": 3815000.0,
        "Total Revenue": 29664000.0,
        "Operating Revenue": 29664000.0
    },
    "2025-03-31": {
        "Tax Effect Of Unusual Items": 0.0,
        "Tax Rate For Calcs": 0.0,
        "Normalized EBITDA": -76068000.0,
        "Net Income From Continuing Operation Net Minority Interest": -94316000.0,
        "Reconciled Depreciation": 177000.0,
        "Reconciled Cost Of Revenue": 3724000.0,
        "EBITDA": -76068000.0,
        "EBIT": -76245000.0,
        "Net Interest Income": -15431000.0,
        "Interest Expense": 18071000.0,
        "Interest Income": 2640000.0,
        "Normalized Income": -94316000.0,
        "Net Income From Continuing And Discontinued Operation": -94316000.0,
        "Total Expenses": 107382000.0,
        "Total Operating Income As Reported": -78863000.0,
        "Diluted Average Shares": 71969411.0,
        "Basic Average Shares": 71969411.0,
        "Diluted EPS": -1.31,
        "Basic EPS": -1.31,
        "Diluted NI Availto Com Stockholders": -94316000.0,
        "Net Income Common Stockholders": -94316000.0,
        "Net Income": -94316000.0,
        "Net Income Including Noncontrolling Interests": -94316000.0,
        "Net Income Continuous Operations": -94316000.0,
        "Pretax Income": -94316000.0,
        "Other Income Expense": -22000.0,
        "Other Non Operating Income Expenses": -22000.0,
        "Net Non Operating Interest Income Expense": -15431000.0,
        "Interest Expense Non Operating": 18071000.0,
        "Interest Income Non Operating": 2640000.0,
        "Operating Income": -78863000.0,
        "Operating Expense": 103658000.0,
        "Research And Development": 9184000.0,
        "Selling General And Administration": 94474000.0,
        "Gross Profit": 24795000.0,
        "Cost Of Revenue": 3724000.0,
        "Total Revenue": 28519000.0,
        "Operating Revenue": 28519000.0
    }
}