{
    "2023-06-30": {
        "Tax Effect Of Unusual Items": NaN,
        "Tax Rate For Calcs": NaN,
        "Normalized EBITDA": NaN,
        "Net Income From Continuing Operation Net Minority Interest": NaN,
        "Reconciled Cost Of Revenue": NaN,
        "EBITDA": NaN,
        "EBIT": NaN,
        "Net Interest Income": NaN,
        "Interest Expense": NaN,
        "Interest Income": NaN,
        "Normalized Income": NaN,
        "Net Income From Continuing And Discontinued Operation": NaN,
        "Total Expenses": NaN,
        "Total Operating Income As Reported": NaN,
        "Diluted Average Shares": NaN,
        "Basic Average Shares": NaN,
        "Diluted EPS": NaN,
        "Basic EPS": NaN,
        "Diluted NI Availto Com Stockholders": NaN,
        "Net Income Common Stockholders": NaN,
        "Net Income": NaN,
        "Minority Interests": -2000000.0,
        "Net Income Including Noncontrolling Interests": NaN,
        "Net Income Discontinuous Operations": 0.0,
        "Net Income Continuous Operations": NaN,
        "Tax Provision": NaN,
        "Pretax Income": NaN,
        "Other Income Expense": NaN,
        "Earnings From Equity Interest": NaN,
        "Net Non Operating Interest Income Expense": NaN,
        "Interest Expense Non Operating": NaN,
        "Interest Income Non Operating": NaN,
        "Operating Income": NaN,
        "Operating Expense": NaN,
        "Other Operating Expenses": NaN,
        "Research And Development": NaN,
        "Selling General And Administration": NaN,
        "Selling And Marketing Expense": NaN,
        "General And Administrative Expense": NaN,
        "Other Gand A": NaN,
        "Gross Profit": NaN,
        "Cost Of Revenue": NaN,
        "Total Revenue": NaN,
        "Operating Revenue": NaN
    },
    "2023-03-31": {
        "Tax Effect Of Unusual Items": 0.0,
        "Tax Rate For Calcs": 0.022124,
        "Normalized EBITDA": -585000000.0,
        "Total Unusual Items": NaN,
        "Total Unusual Items Excluding Goodwill": NaN,
        "Net Income From Continuing Operation Net Minority Interest": -662000000.0,
        "Reconciled Cost Of Revenue": 2411000000.0,
        "EBITDA": -585000000.0,
        "EBIT": -585000000.0,
        "Net Interest Income": -79000000.0,
        "Interest Expense": 93000000.0,
        "Interest Income": 14000000.0,
        "Normalized Income": -662000000.0,
        "Net Income From Continuing And Discontinued Operation": -665000000.0,
        "Total Expenses": 4750000000.0,
        "Total Operating Income As Reported": -583000000.0,
        "Diluted Average Shares": 920854000.0,
        "Basic Average Shares": 920854000.0,
        "Diluted EPS": -0.72,
        "Basic EPS": -0.72,
        "Diluted NI Availto Com Stockholders": -665000000.0,
        "Net Income Common Stockholders": -665000000.0,
        "Net Income": -665000000.0,
        "Minority Interests": 0.0,
        "Net Income Including Noncontrolling Interests": -665000000.0,
        "Net Income Discontinuous Operations": -3000000.0,
        "Net Income Continuous Operations": -663000000.0,
        "Tax Provision": -15000000.0,
        "Pretax Income": -678000000.0,
        "Other Income Expense": -16000000.0,
        "Special Income Charges": NaN,
        "Impairment Of Capital Assets": NaN,
        "Earnings From Equity Interest": -16000000.0,
        "Net Non Operating Interest Income Expense": -79000000.0,
        "Interest Expense Non Operating": 93000000.0,
        "Interest Income Non Operating": 14000000.0,
        "Operating Income": -584000000.0,
        "Operating Expense": 2339000000.0,
        "Other Operating Expenses": 574000000.0,
        "Research And Development": 528000000.0,
        "Selling General And Administration": 1237000000.0,
        "Selling And Marketing Expense": 1079000000.0,
        "General And Administrative Expense": 158000000.0,
        "Other Gand A": 158000000.0,
        "Gross Profit": 1755000000.0,
        "Cost Of Revenue": 2411000000.0,
        "Total Revenue": 4167000000.0,
        "Operating Revenue": 4167000000.0
    },
    "2022-12-31": {
        "Tax Effect Of Unusual Items": NaN,
        "Tax Rate For Calcs": NaN,
        "Normalized EBITDA": NaN,
        "Total Unusual Items": 1000000.0,
        "Total Unusual Items Excluding Goodwill": 1000000.0,
        "Net Income From Continuing Operation Net Minority Interest": NaN,
        "Reconciled Cost Of Revenue": NaN,
        "EBITDA": NaN,
        "EBIT": NaN,
        "Net Interest Income": NaN,
        "Interest Expense": NaN,
        "Interest Income": NaN,
        "Normalized Income": NaN,
        "Net Income From Continuing And Discontinued Operation": NaN,
        "Total Expenses": NaN,
        "Total Operating Income As Reported": NaN,
        "Diluted Average Shares": NaN,
        "Basic Average Shares": NaN,
        "Diluted EPS": NaN,
        "Basic EPS": NaN,
        "Diluted NI Availto Com Stockholders": NaN,
        "Net Income Common Stockholders": NaN,
        "Net Income": NaN,
        "Minority Interests": NaN,
        "Net Income Including Noncontrolling Interests": NaN,
        "Net Income Discontinuous Operations": NaN,
        "Net Income Continuous Operations": NaN,
        "Tax Provision": NaN,
        "Pretax Income": NaN,
        "Other Income Expense": NaN,
        "Special Income Charges": -20000000.0,
        "Impairment Of Capital Assets": 26000000.0,
        "Earnings From Equity Interest": NaN,
        "Net Non Operating Interest Income Expense": NaN,
        "Interest Expense Non Operating": NaN,
        "Interest Income Non Operating": NaN,
        "Operating Income": NaN,
        "Operating Expense": NaN,
        "Other Operating Expenses": NaN,
        "Research And Development": NaN,
        "Selling General And Administration": NaN,
        "Selling And Marketing Expense": NaN,
        "General And Administrative Expense": NaN,
        "Other Gand A": NaN,
        "Gross Profit": NaN,
        "Cost Of Revenue": NaN,
        "Total Revenue": NaN,
        "Operating Revenue": NaN
    },
    "2022-09-30": {
        "Tax Effect Of Unusual Items": NaN,
        "Tax Rate For Calcs": NaN,
        "Normalized EBITDA": NaN,
        "Total Unusual Items": -1331000000.0,
        "Total Unusual Items Excluding Goodwill": -1331000000.0,
        "Net Income From Continuing Operation Net Minority Interest": NaN,
        "Reconciled Cost Of Revenue": NaN,
        "EBITDA": NaN,
        "EBIT": NaN,
        "Net Interest Income": NaN,
        "Interest Expense": NaN,
        "Interest Income": NaN,
        "Normalized Income": NaN,
        "Net Income From Continuing And Discontinued Operation": NaN,
        "Total Expenses": NaN,
        "Total Operating Income As Reported": NaN,
        "Diluted Average Shares": NaN,
        "Basic Average Shares": NaN,
        "Diluted EPS": NaN,
        "Basic EPS": NaN,
        "Diluted NI Availto Com Stockholders": NaN,
        "Net Income Common Stockholders": NaN,
        "Net Income": NaN,
        "Minority Interests": NaN,
        "Net Income Including Noncontrolling Interests": NaN,
        "Net Income Discontinuous Operations": NaN,
        "Net Income Continuous Operations": NaN,
        "Tax Provision": NaN,
        "Pretax Income": NaN,
        "Other Income Expense": NaN,
        "Special Income Charges": -1331000000.0,
        "Impairment Of Capital Assets": 1331000000.0,
        "Earnings From Equity Interest": NaN,
        "Net Non Operating Interest Income Expense": NaN,
        "Interest Expense Non Operating": NaN,
        "Interest Income Non Operating": NaN,
        "Operating Income": NaN,
        "Operating Expense": NaN,
        "Other Operating Expenses": NaN,
        "Research And Development": NaN,
        "Selling General And Administration": NaN,
        "Selling And Marketing Expense": NaN,
        "General And Administrative Expense": NaN,
        "Other Gand A": NaN,
        "Gross Profit": NaN,
        "Cost Of Revenue": NaN,
        "Total Revenue": NaN,
        "Operating Revenue": NaN
    },
    "2022-06-30": {
        "Tax Effect Of Unusual Items": 0.0,
        "Tax Rate For Calcs": 0.294118,
        "Normalized EBITDA": 34000000.0,
        "Total Unusual Items": NaN,
        "Total Unusual Items Excluding Goodwill": NaN,
        "Net Income From Continuing Operation Net Minority Interest": -26000000.0,
        "Reconciled Cost Of Revenue": 2445000000.0,
        "EBITDA": 34000000.0,
        "EBIT": 34000000.0,
        "Net Interest Income": -48000000.0,
        "Interest Expense": 68000000.0,
        "Interest Income": 20000000.0,
        "Normalized Income": -26000000.0,
        "Net Income From Continuing And Discontinued Operation": -22000000.0,
        "Total Expenses": 4166000000.0,
        "Total Operating Income As Reported": 11000000.0,
        "Diluted Average Shares": 923501000.0,
        "Basic Average Shares": 923501000.0,
        "Diluted EPS": -0.02,
        "Basic EPS": -0.02,
        "Diluted NI Availto Com Stockholders": -22000000.0,
        "Net Income Common Stockholders": -22000000.0,
        "Net Income": -22000000.0,
        "Minority Interests": -2000000.0,
        "Net Income Including Noncontrolling Interests": -20000000.0,
        "Net Income Discontinuous Operations": 4000000.0,
        "Net Income Continuous Operations": -24000000.0,
        "Tax Provision": -10000000.0,
        "Pretax Income": -34000000.0,
        "Other Income Expense": 4000000.0,
        "Special Income Charges": NaN,
        "Impairment Of Capital Assets": NaN,
        "Earnings From Equity Interest": 4000000.0,
        "Net Non Operating Interest Income Expense": -48000000.0,
        "Interest Expense Non Operating": 68000000.0,
        "Interest Income Non Operating": 20000000.0,
        "Operating Income": 10000000.0,
        "Operating Expense": 1721000000.0,
        "Other Operating Expenses": -26000000.0,
        "Research And Development": 490000000.0,
        "Selling General And Administration": 1257000000.0,
        "Selling And Marketing Expense": 1111000000.0,
        "General And Administrative Expense": 146000000.0,
        "Other Gand A": 146000000.0,
        "Gross Profit": 1731000000.0,
        "Cost Of Revenue": 2445000000.0,
        "Total Revenue": 4177000000.0,
        "Operating Revenue": 4177000000.0
    },
    "2021-06-30": {
        "Diluted EPS": 0.19,
        "Total Revenue": NaN,
        "Gross Profit": NaN,
        "Operating Income": 102,
        "EBIT": 102,
        "Net Income": 181
    },
    "2020-06-30": {
        "Diluted EPS": 0.25,
        "Total Revenue": NaN,
        "Gross Profit": NaN,
        "Operating Income": 252,
        "EBIT": 252,
        "Net Income": 229
    },
    "2019-06-30": {
        "Diluted EPS": 0.3,
        "Total Revenue": NaN,
        "Gross Profit": NaN,
        "Operating Income": 392,
        "EBIT": 392,
        "Net Income": 273
    },
    "2018-06-30": {
        "Diluted EPS": 0.0,
        "Total Revenue": NaN,
        "Gross Profit": NaN,
        "Operating Income": 355,
        "EBIT": 355,
        "Net Income": 1
    },
    "2017-06-30": {
        "Diluted EPS": 0.3,
        "Total Revenue": NaN,
        "Gross Profit": NaN,
        "Operating Income": 278,
        "EBIT": 278,
        "Net Income": 275
    },
    "2016-12-31": {
        "Diluted EPS": 0.73,
        "Total Revenue": NaN,
        "Gross Profit": NaN,
        "Operating Income": 902,
        "EBIT": NaN,
        "Net Income": 680
    },
    "2016-09-30": {
        "Diluted EPS": 0.45,
        "Total Revenue": NaN,
        "Gross Profit": NaN,
        "Operating Income": 537,
        "EBIT": 867,
        "Net Income": 413
    },
    "2016-06-30": {
        "Diluted EPS": 0.52,
        "Total Revenue": NaN,
        "Gross Profit": NaN,
        "Operating Income": 425,
        "EBIT": 776,
        "Net Income": 475
    },
    "2016-03-31": {
        "Diluted EPS": 0.03,
        "Total Revenue": NaN,
        "Gross Profit": NaN,
        "Operating Income": 220,
        "EBIT": 587,
        "Net Income": 35
    },
    "2015-12-31": {
        "Diluted EPS": -0.06,
        "Total Revenue": NaN,
        "Gross Profit": NaN,
        "Operating Income": 178,
        "EBIT": 618,
        "Net Income": -51
    },
    "2015-09-30": {
        "Diluted EPS": 0.38,
        "Total Revenue": NaN,
        "Gross Profit": NaN,
        "Operating Income": 381,
        "EBIT": 733,
        "Net Income": 355
    },
    "2015-06-30": {
        "Diluted EPS": 0.33,
        "Total Revenue": NaN,
        "Gross Profit": NaN,
        "Operating Income": 386,
        "EBIT": 750,
        "Net Income": 301
    },
    "2015-03-31": {
        "Diluted EPS": 0.12,
        "Total Revenue": NaN,
        "Gross Profit": NaN,
        "Operating Income": 157,
        "EBIT": 476,
        "Net Income": 112
    },
    "2014-12-31": {
        "Diluted EPS": 0.17,
        "Total Revenue": NaN,
        "Gross Profit": NaN,
        "Operating Income": 2,
        "EBIT": 368,
        "Net Income": 169
    },
    "2014-09-30": {
        "Diluted EPS": -0.15,
        "Total Revenue": NaN,
        "Gross Profit": NaN,
        "Operating Income": -121,
        "EBIT": 275,
        "Net Income": -138
    },
    "2014-06-30": {
        "Diluted EPS": 0.36,
        "Total Revenue": NaN,
        "Gross Profit": NaN,
        "Operating Income": 455,
        "EBIT": 870,
        "Net Income": 332
    },
    "2014-03-31": {
        "Diluted EPS": 0.21,
        "Total Revenue": NaN,
        "Gross Profit": NaN,
        "Operating Income": 310,
        "EBIT": 739,
        "Net Income": 189
    },
    "2013-12-31": {
        "Diluted EPS": 0.59,
        "Total Revenue": NaN,
        "Gross Profit": NaN,
        "Operating Income": 962,
        "EBIT": NaN,
        "Net Income": 553
    },
    "2013-09-30": {
        "Diluted EPS": 0.41,
        "Total Revenue": NaN,
        "Gross Profit": NaN,
        "Operating Income": 615,
        "EBIT": NaN,
        "Net Income": 374
    },
    "2013-06-30": {
        "Diluted EPS": 0.46,
        "Total Revenue": NaN,
        "Gross Profit": NaN,
        "Operating Income": 665,
        "EBIT": NaN,
        "Net Income": 414
    },
    "2013-03-31": {
        "Diluted EPS": 0.23,
        "Total Revenue": NaN,
        "Gross Profit": NaN,
        "Operating Income": 403,
        "EBIT": 807,
        "Net Income": 213
    },
    "2012-12-31": {
        "Diluted EPS": -0.52,
        "Total Revenue": NaN,
        "Gross Profit": NaN,
        "Operating Income": 95,
        "EBIT": 652,
        "Net Income": -482
    },
    "2012-09-30": {
        "Diluted EPS": 0.24,
        "Total Revenue": NaN,
        "Gross Profit": NaN,
        "Operating Income": 745,
        "EBIT": NaN,
        "Net Income": 221
    },
    "2012-06-30": {
        "Diluted EPS": 0.22,
        "Total Revenue": NaN,
        "Gross Profit": NaN,
        "Operating Income": 206,
        "EBIT": 638,
        "Net Income": 204
    },
    "2012-03-31": {
        "Diluted EPS": 0.35,
        "Total Revenue": NaN,
        "Gross Profit": NaN,
        "Operating Income": 586,
        "EBIT": NaN,
        "Net Income": 326
    },
    "2011-12-31": {
        "Diluted EPS": -0.23,
        "Total Revenue": NaN,
        "Gross Profit": NaN,
        "Operating Income": -38,
        "EBIT": 601,
        "Net Income": -212
    },
    "2011-09-30": {
        "Diluted EPS": 0.11,
        "Total Revenue": NaN,
        "Gross Profit": NaN,
        "Operating Income": 200,
        "EBIT": 623,
        "Net Income": 102
    },
    "2011-06-30": {
        "Diluted EPS": -1.99,
        "Total Revenue": NaN,
        "Gross Profit": NaN,
        "Operating Income": 334,
        "EBIT": 864,
        "Net Income": NaN
    },
    "2011-03-31": {
        "Diluted EPS": 0.2,
        "Total Revenue": NaN,
        "Gross Profit": NaN,
        "Operating Income": 831,
        "EBIT": NaN,
        "Net Income": 198
    },
    "2010-12-31": {
        "Diluted EPS": 0.66,
        "Total Revenue": NaN,
        "Gross Profit": NaN,
        "Operating Income": 986,
        "EBIT": NaN,
        "Net Income": 630
    },
    "2010-09-30": {
        "Diluted EPS": 0.71,
        "Total Revenue": NaN,
        "Gross Profit": NaN,
        "Operating Income": 632,
        "EBIT": NaN,
        "Net Income": 676
    },
    "2010-06-30": {
        "Diluted EPS": 0.34,
        "Total Revenue": NaN,
        "Gross Profit": NaN,
        "Operating Income": 516,
        "EBIT": 924,
        "Net Income": 331
    },
    "2010-03-31": {
        "Diluted EPS": 0.3,
        "Total Revenue": NaN,
        "Gross Profit": NaN,
        "Operating Income": 525,
        "EBIT": 994,
        "Net Income": 277
    },
    "2009-12-31": {
        "Diluted EPS": 0.4,
        "Total Revenue": NaN,
        "Gross Profit": NaN,
        "Operating Income": NaN,
        "EBIT": NaN,
        "Net Income": 384
    },
    "2009-09-30": {
        "Diluted EPS": 0.27,
        "Total Revenue": NaN,
        "Gross Profit": NaN,
        "Operating Income": 407,
        "EBIT": NaN,
        "Net Income": 254
    },
    "2009-06-30": {
        "Diluted EPS": 0.07,
        "Total Revenue": NaN,
        "Gross Profit": NaN,
        "Operating Income": NaN,
        "EBIT": -658,
        "Net Income": 64
    },
    "2009-03-31": {
        "Diluted EPS": -0.08,
        "Total Revenue": NaN,
        "Gross Profit": NaN,
        "Operating Income": -254,
        "EBIT": 181,
        "Net Income": -75
    },
    "2023-09-30": {
        "Tax Effect Of Unusual Items": NaN,
        "Tax Rate For Calcs": NaN,
        "Normalized EBITDA": NaN,
        "Net Income From Continuing Operation Net Minority Interest": NaN,
        "Reconciled Cost Of Revenue": NaN,
        "EBITDA": NaN,
        "EBIT": NaN,
        "Net Interest Income": NaN,
        "Interest Expense": NaN,
        "Interest Income": NaN,
        "Normalized Income": NaN,
        "Net Income From Continuing And Discontinued Operation": NaN,
        "Total Expenses": NaN,
        "Total Operating Income As Reported": NaN,
        "Diluted Average Shares": 939135972.0,
        "Basic Average Shares": 917540804.0,
        "Diluted EPS": 0.093075,
        "Basic EPS": 0.093075,
        "Diluted NI Availto Com Stockholders": NaN,
        "Net Income Common Stockholders": NaN,
        "Net Income": NaN,
        "Minority Interests": NaN,
        "Net Income Including Noncontrolling Interests": NaN,
        "Net Income Discontinuous Operations": NaN,
        "Net Income Continuous Operations": NaN,
        "Tax Provision": NaN,
        "Pretax Income": NaN,
        "Other Income Expense": NaN,
        "Earnings From Equity Interest": NaN,
        "Net Non Operating Interest Income Expense": NaN,
        "Interest Expense Non Operating": NaN,
        "Interest Income Non Operating": NaN,
        "Operating Income": NaN,
        "Operating Expense": NaN,
        "Other Operating Expenses": NaN,
        "Research And Development": NaN,
        "Selling General And Administration": NaN,
        "Selling And Marketing Expense": NaN,
        "General And Administrative Expense": NaN,
        "Other Gand A": NaN,
        "Gross Profit": NaN,
        "Cost Of Revenue": NaN,
        "Total Revenue": NaN,
        "Operating Revenue": NaN
    },
    "2023-12-31": {
        "Tax Effect Of Unusual Items": 0.0,
        "Tax Rate For Calcs": 0.258,
        "Normalized EBITDA": -56000000.0,
        "Net Income From Continuing Operation Net Minority Interest": 40000000.0,
        "Reconciled Cost Of Revenue": 3263000000.0,
        "EBITDA": -56000000.0,
        "EBIT": -56000000.0,
        "Net Interest Income": -44000000.0,
        "Interest Expense": 38000000.0,
        "Interest Income": 0.0,
        "Normalized Income": 40000000.0,
        "Net Income From Continuing And Discontinued Operation": 39000000.0,
        "Total Expenses": 5091000000.0,
        "Total Operating Income As Reported": 24000000.0,
        "Diluted Average Shares": 958983668.0,
        "Basic Average Shares": 941942671.0,
        "Diluted EPS": 0.038678,
        "Basic EPS": 0.038678,
        "Diluted NI Availto Com Stockholders": 39000000.0,
        "Net Income Common Stockholders": 39000000.0,
        "Net Income": 39000000.0,
        "Minority Interests": 2000000.0,
        "Net Income Including Noncontrolling Interests": 38000000.0,
        "Net Income Discontinuous Operations": -1000000.0,
        "Net Income Continuous Operations": 38000000.0,
        "Tax Provision": -132000000.0,
        "Pretax Income": -94000000.0,
        "Other Income Expense": -20000000.0,
        "Earnings From Equity Interest": -26000000.0,
        "Net Non Operating Interest Income Expense": -44000000.0,
        "Interest Expense Non Operating": 38000000.0,
        "Interest Income Non Operating": 0.0,
        "Operating Income": -30000000.0,
        "Operating Expense": 1828000000.0,
        "Other Operating Expenses": 16000000.0,
        "Research And Development": 449000000.0,
        "Selling General And Administration": 1363000000.0,
        "Selling And Marketing Expense": 1220000000.0,
        "General And Administrative Expense": 143000000.0,
        "Other Gand A": 143000000.0,
        "Gross Profit": 1798000000.0,
        "Cost Of Revenue": 3263000000.0,
        "Total Revenue": 5062000000.0,
        "Operating Revenue": 4672000000.0
    },
    "2024-03-31": {
        "Tax Effect Of Unusual Items": NaN,
        "Tax Rate For Calcs": NaN,
        "Normalized EBITDA": NaN,
        "Net Income From Continuing Operation Net Minority Interest": NaN,
        "Reconciled Depreciation": 295000000.0,
        "Reconciled Cost Of Revenue": NaN,
        "EBITDA": NaN,
        "EBIT": NaN,
        "Net Interest Income": NaN,
        "Interest Expense": NaN,
        "Interest Income": NaN,
        "Normalized Income": NaN,
        "Net Income From Continuing And Discontinued Operation": NaN,
        "Total Expenses": NaN,
        "Total Operating Income As Reported": NaN,
        "Diluted Average Shares": NaN,
        "Basic Average Shares": NaN,
        "Diluted EPS": NaN,
        "Basic EPS": NaN,
        "Diluted NI Availto Com Stockholders": NaN,
        "Net Income Common Stockholders": NaN,
        "Net Income": NaN,
        "Minority Interests": NaN,
        "Net Income Including Noncontrolling Interests": NaN,
        "Net Income Discontinuous Operations": NaN,
        "Net Income Continuous Operations": NaN,
        "Tax Provision": NaN,
        "Pretax Income": NaN,
        "Other Income Expense": NaN,
        "Earnings From Equity Interest": NaN,
        "Net Non Operating Interest Income Expense": NaN,
        "Interest Expense Non Operating": NaN,
        "Interest Income Non Operating": NaN,
        "Operating Income": NaN,
        "Operating Expense": NaN,
        "Other Operating Expenses": NaN,
        "Research And Development": NaN,
        "Selling General And Administration": NaN,
        "Selling And Marketing Expense": NaN,
        "General And Administrative Expense": NaN,
        "Other Gand A": NaN,
        "Gross Profit": NaN,
        "Cost Of Revenue": NaN,
        "Total Revenue": NaN,
        "Operating Revenue": NaN
    },
    "2024-06-30": {
        "Tax Effect Of Unusual Items": NaN,
        "Tax Rate For Calcs": NaN,
        "Normalized EBITDA": NaN,
        "Net Income From Continuing Operation Net Minority Interest": NaN,
        "Reconciled Depreciation": 343000000.0,
        "Reconciled Cost Of Revenue": NaN,
        "EBITDA": NaN,
        "EBIT": NaN,
        "Net Interest Income": NaN,
        "Interest Expense": NaN,
        "Interest Income": NaN,
        "Normalized Income": NaN,
        "Net Income From Continuing And Discontinued Operation": NaN,
        "Total Expenses": NaN,
        "Total Operating Income As Reported": NaN,
        "Diluted Average Shares": NaN,
        "Basic Average Shares": NaN,
        "Diluted EPS": NaN,
        "Basic EPS": NaN,
        "Diluted NI Availto Com Stockholders": NaN,
        "Net Income Common Stockholders": NaN,
        "Net Income": NaN,
        "Minority Interests": NaN,
        "Net Income Including Noncontrolling Interests": NaN,
        "Net Income Discontinuous Operations": NaN,
        "Net Income Continuous Operations": NaN,
        "Tax Provision": NaN,
        "Pretax Income": NaN,
        "Other Income Expense": NaN,
        "Earnings From Equity Interest": NaN,
        "Net Non Operating Interest Income Expense": NaN,
        "Interest Expense Non Operating": NaN,
        "Interest Income Non Operating": NaN,
        "Operating Income": NaN,
        "Operating Expense": NaN,
        "Other Operating Expenses": NaN,
        "Research And Development": NaN,
        "Selling General And Administration": NaN,
        "Selling And Marketing Expense": NaN,
        "General And Administrative Expense": NaN,
        "Other Gand A": NaN,
        "Gross Profit": NaN,
        "Cost Of Revenue": NaN,
        "Total Revenue": NaN,
        "Operating Revenue": NaN
    },
    "2024-09-30": {
        "Tax Effect Of Unusual Items": 0.0,
        "Tax Rate For Calcs": 0.263158,
        "Normalized EBITDA": 351000000.0,
        "Net Income From Continuing Operation Net Minority Interest": 181000000.0,
        "Reconciled Depreciation": NaN,
        "Reconciled Cost Of Revenue": 2371000000.0,
        "EBITDA": 351000000.0,
        "EBIT": 351000000.0,
        "Net Interest Income": -70000000.0,
        "Interest Expense": 104000000.0,
        "Interest Income": 34000000.0,
        "Normalized Income": 181000000.0,
        "Net Income From Continuing And Discontinued Operation": 181000000.0,
        "Total Expenses": 4039000000.0,
        "Total Operating Income As Reported": 337000000.0,
        "Diluted Average Shares": 963904000.0,
        "Basic Average Shares": 952891000.0,
        "Diluted EPS": 0.19,
        "Basic EPS": 0.19,
        "Diluted NI Availto Com Stockholders": 181000000.0,
        "Net Income Common Stockholders": 181000000.0,
        "Net Income": 181000000.0,
        "Minority Interests": 0.0,
        "Net Income Including Noncontrolling Interests": 181000000.0,
        "Net Income Discontinuous Operations": 0.0,
        "Net Income Continuous Operations": 182000000.0,
        "Tax Provision": 65000000.0,
        "Pretax Income": 247000000.0,
        "Other Income Expense": -21000000.0,
        "Earnings From Equity Interest": -21000000.0,
        "Net Non Operating Interest Income Expense": -70000000.0,
        "Interest Expense Non Operating": 104000000.0,
        "Interest Income Non Operating": 34000000.0,
        "Operating Income": 338000000.0,
        "Operating Expense": 1668000000.0,
        "Other Operating Expenses": 9000000.0,
        "Research And Development": 433000000.0,
        "Selling General And Administration": 1226000000.0,
        "Selling And Marketing Expense": 1075000000.0,
        "General And Administrative Expense": 151000000.0,
        "Other Gand A": 151000000.0,
        "Gross Profit": 2006000000.0,
        "Cost Of Revenue": 2371000000.0,
        "Total Revenue": 4377000000.0,
        "Operating Revenue": 4377000000.0
    },
    "2024-12-31": {
        "Tax Effect Of Unusual Items": 0.0,
        "Tax Rate For Calcs": 0.258,
        "Normalized EBITDA": 172000000.0,
        "Net Income From Continuing Operation Net Minority Interest": -335000000.0,
        "Reconciled Depreciation": NaN,
        "Reconciled Cost Of Revenue": 3081000000.0,
        "EBITDA": 172000000.0,
        "EBIT": 172000000.0,
        "Net Interest Income": -51000000.0,
        "Interest Expense": 57000000.0,
        "Interest Income": 5000000.0,
        "Normalized Income": -335000000.0,
        "Net Income From Continuing And Discontinued Operation": -335000000.0,
        "Total Expenses": 4861000000.0,
        "Total Operating Income As Reported": 200000000.0,
        "Diluted Average Shares": 929378000.0,
        "Basic Average Shares": 929378000.0,
        "Diluted EPS": -0.36,
        "Basic EPS": -0.36,
        "Diluted NI Availto Com Stockholders": -335000000.0,
        "Net Income Common Stockholders": -335000000.0,
        "Net Income": -335000000.0,
        "Minority Interests": -1000000.0,
        "Net Income Including Noncontrolling Interests": -333000000.0,
        "Net Income Discontinuous Operations": 0.0,
        "Net Income Continuous Operations": -333000000.0,
        "Tax Provision": 449000000.0,
        "Pretax Income": 115000000.0,
        "Other Income Expense": -18000000.0,
        "Earnings From Equity Interest": -9000000.0,
        "Net Non Operating Interest Income Expense": -51000000.0,
        "Interest Expense Non Operating": 57000000.0,
        "Interest Income Non Operating": 5000000.0,
        "Operating Income": 183000000.0,
        "Operating Expense": 1780000000.0,
        "Other Operating Expenses": -17000000.0,
        "Research And Development": 472000000.0,
        "Selling General And Administration": 1325000000.0,
        "Selling And Marketing Expense": 1188000000.0,
        "General And Administrative Expense": 137000000.0,
        "Other Gand A": 137000000.0,
        "Gross Profit": 1963000000.0,
        "Cost Of Revenue": 3081000000.0,
        "Total Revenue": 5044000000.0,
        "Operating Revenue": 4690000000.0
    },
    "2025-03-31": {
        "Tax Effect Of Unusual Items": 0.0,
        "Tax Rate For Calcs": 0.259615,
        "Normalized EBITDA": 462000000.0,
        "Net Income From Continuing Operation Net Minority Interest": 82000000.0,
        "Reconciled Depreciation": 276000000.0,
        "Reconciled Cost Of Revenue": 2248000000.0,
        "EBITDA": 462000000.0,
        "EBIT": 186000000.0,
        "Net Interest Income": -49000000.0,
        "Interest Expense": 82000000.0,
        "Interest Income": 33000000.0,
        "Normalized Income": 82000000.0,
        "Net Income From Continuing And Discontinued Operation": 76000000.0,
        "Total Expenses": 3942000000.0,
        "Total Operating Income As Reported": 154000000.0,
        "Diluted Average Shares": 938121000.0,
        "Basic Average Shares": 925048000.0,
        "Diluted EPS": 0.08,
        "Basic EPS": 0.08,
        "Diluted NI Availto Com Stockholders": 76000000.0,
        "Net Income Common Stockholders": 76000000.0,
        "Net Income": 76000000.0,
        "Minority Interests": 4000000.0,
        "Net Income Including Noncontrolling Interests": 72000000.0,
        "Net Income Discontinuous Operations": -6000000.0,
        "Net Income Continuous Operations": 78000000.0,
        "Tax Provision": 27000000.0,
        "Pretax Income": 104000000.0,
        "Other Income Expense": -1000000.0,
        "Earnings From Equity Interest": -1000000.0,
        "Net Non Operating Interest Income Expense": -49000000.0,
        "Interest Expense Non Operating": 82000000.0,
        "Interest Income Non Operating": 33000000.0,
        "Operating Income": 155000000.0,
        "Operating Expense": 1694000000.0,
        "Other Operating Expenses": -11000000.0,
        "Research And Development": 457000000.0,
        "Selling General And Administration": 1248000000.0,
        "Selling And Marketing Expense": 1087000000.0,
        "General And Administrative Expense": 161000000.0,
        "Other Gand A": 161000000.0,
        "Gross Profit": 1849000000.0,
        "Cost Of Revenue": 2248000000.0,
        "Total Revenue": 4097000000.0,
        "Operating Revenue": 4097000000.0
    },
    "2025-06-30": {
        "Tax Effect Of Unusual Items": 0.0,
        "Tax Rate For Calcs": 0.281899,
        "Normalized EBITDA": 683000000.0,
        "Net Income From Continuing Operation Net Minority Interest": 242000000.0,
        "Reconciled Depreciation": 266000000.0,
        "Reconciled Cost Of Revenue": 2327000000.0,
        "EBITDA": 683000000.0,
        "EBIT": 417000000.0,
        "Net Interest Income": -57000000.0,
        "Interest Expense": 80000000.0,
        "Interest Income": 23000000.0,
        "Normalized Income": 242000000.0,
        "Net Income From Continuing And Discontinued Operation": 240000000.0,
        "Total Expenses": 3937000000.0,
        "Total Operating Income As Reported": 400000000.0,
        "Diluted Average Shares": 956676000.0,
        "Basic Average Shares": 946332000.0,
        "Diluted EPS": 0.25,
        "Basic EPS": 0.25,
        "Diluted NI Availto Com Stockholders": 240000000.0,
        "Net Income Common Stockholders": 240000000.0,
        "Net Income": 240000000.0,
        "Minority Interests": -1000000.0,
        "Net Income Including Noncontrolling Interests": 240000000.0,
        "Net Income Discontinuous Operations": -2000000.0,
        "Net Income Continuous Operations": 242000000.0,
        "Tax Provision": 95000000.0,
        "Pretax Income": 337000000.0,
        "Other Income Expense": -6000000.0,
        "Earnings From Equity Interest": -6000000.0,
        "Net Non Operating Interest Income Expense": -57000000.0,
        "Interest Expense Non Operating": 80000000.0,
        "Interest Income Non Operating": 23000000.0,
        "Operating Income": 401000000.0,
        "Operating Expense": 1610000000.0,
        "Other Operating Expenses": -31000000.0,
        "Research And Development": 402000000.0,
        "Selling General And Administration": 1239000000.0,
        "Selling And Marketing Expense": 1084000000.0,
        "General And Administrative Expense": 155000000.0,
        "Other Gand A": 155000000.0,
        "Gross Profit": 2011000000.0,
        "Cost Of Revenue": 2327000000.0,
        "Total Revenue": 4338000000.0,
        "Operating Revenue": 4338000000.0
    },
    "2025-09-30": {
        "Tax Effect Of Unusual Items": 0.0,
        "Tax Rate For Calcs": 0.316364,
        "Normalized EBITDA": 656000000.0,
        "Net Income From Continuing Operation Net Minority Interest": 185000000.0,
        "Reconciled Depreciation": 303000000.0,
        "Reconciled Cost Of Revenue": 2392000000.0,
        "EBITDA": 656000000.0,
        "EBIT": 353000000.0,
        "Net Interest Income": -57000000.0,
        "Interest Expense": 78000000.0,
        "Interest Income": 21000000.0,
        "Normalized Income": 185000000.0,
        "Net Income From Continuing And Discontinued Operation": 184000000.0,
        "Total Expenses": 3973000000.0,
        "Total Operating Income As Reported": 330000000.0,
        "Diluted Average Shares": 963844000.0,
        "Basic Average Shares": 950790000.0,
        "Diluted EPS": 0.19,
        "Basic EPS": 0.19,
        "Diluted NI Availto Com Stockholders": 184000000.0,
        "Net Income Common Stockholders": 184000000.0,
        "Net Income": 184000000.0,
        "Minority Interests": -3000000.0,
        "Net Income Including Noncontrolling Interests": 187000000.0,
        "Net Income Discontinuous Operations": -1000000.0,
        "Net Income Continuous Operations": 188000000.0,
        "Tax Provision": 87000000.0,
        "Pretax Income": 275000000.0,
        "Other Income Expense": 2000000.0,
        "Earnings From Equity Interest": 2000000.0,
        "Net Non Operating Interest Income Expense": -57000000.0,
        "Interest Expense Non Operating": 78000000.0,
        "Interest Income Non Operating": 21000000.0,
        "Operating Income": 330000000.0,
        "Operating Expense": 1581000000.0,
        "Other Operating Expenses": -11000000.0,
        "Research And Development": 414000000.0,
        "Selling General And Administration": 1178000000.0,
        "Selling And Marketing Expense": 1024000000.0,
        "General And Administrative Expense": 154000000.0,
        "Other Gand A": 154000000.0,
        "Gross Profit": 1911000000.0,
        "Cost Of Revenue": 2392000000.0,
        "Total Revenue": 4302000000.0,
        "Operating Revenue": 4302000000.0
    }
}