{
    "2023-03-31": {
        "Tax Effect Of Unusual Items": NaN,
        "Tax Rate For Calcs": NaN,
        "Normalized EBITDA": NaN,
        "Total Unusual Items": NaN,
        "Total Unusual Items Excluding Goodwill": NaN,
        "Net Income From Continuing Operation Net Minority Interest": NaN,
        "Reconciled Depreciation": NaN,
        "Reconciled Cost Of Revenue": NaN,
        "EBITDA": NaN,
        "EBIT": NaN,
        "Net Interest Income": NaN,
        "Interest Expense": NaN,
        "Interest Income": NaN,
        "Normalized Income": NaN,
        "Net Income From Continuing And Discontinued Operation": NaN,
        "Total Expenses": NaN,
        "Total Operating Income As Reported": NaN,
        "Diluted Average Shares": NaN,
        "Basic Average Shares": NaN,
        "Diluted EPS": NaN,
        "Basic EPS": NaN,
        "Diluted NI Availto Com Stockholders": NaN,
        "Net Income Common Stockholders": NaN,
        "Net Income": NaN,
        "Net Income Including Noncontrolling Interests": NaN,
        "Net Income Continuous Operations": NaN,
        "Tax Provision": NaN,
        "Pretax Income": NaN,
        "Other Income Expense": NaN,
        "Other Non Operating Income Expenses": NaN,
        "Special Income Charges": NaN,
        "Gain On Sale Of Business": -18000000.0,
        "Other Special Charges": NaN,
        "Write Off": NaN,
        "Restructuring And Mergern Acquisition": NaN,
        "Earnings From Equity Interest": NaN,
        "Net Non Operating Interest Income Expense": NaN,
        "Interest Expense Non Operating": NaN,
        "Interest Income Non Operating": NaN,
        "Operating Income": NaN,
        "Operating Expense": NaN,
        "Other Operating Expenses": NaN,
        "Research And Development": NaN,
        "Selling General And Administration": NaN,
        "General And Administrative Expense": NaN,
        "Other Gand A": NaN,
        "Salaries And Wages": NaN,
        "Gross Profit": NaN,
        "Cost Of Revenue": NaN,
        "Total Revenue": NaN,
        "Operating Revenue": NaN
    },
    "2023-06-30": {
        "Tax Effect Of Unusual Items": NaN,
        "Tax Rate For Calcs": NaN,
        "Normalized EBITDA": NaN,
        "Total Unusual Items": NaN,
        "Total Unusual Items Excluding Goodwill": NaN,
        "Net Income From Continuing Operation Net Minority Interest": NaN,
        "Reconciled Depreciation": NaN,
        "Reconciled Cost Of Revenue": NaN,
        "EBITDA": NaN,
        "EBIT": NaN,
        "Net Interest Income": NaN,
        "Interest Expense": NaN,
        "Interest Income": NaN,
        "Normalized Income": NaN,
        "Net Income From Continuing And Discontinued Operation": NaN,
        "Total Expenses": NaN,
        "Total Operating Income As Reported": NaN,
        "Diluted Average Shares": NaN,
        "Basic Average Shares": NaN,
        "Diluted EPS": NaN,
        "Basic EPS": NaN,
        "Diluted NI Availto Com Stockholders": NaN,
        "Net Income Common Stockholders": NaN,
        "Net Income": NaN,
        "Net Income Including Noncontrolling Interests": NaN,
        "Net Income Continuous Operations": NaN,
        "Tax Provision": NaN,
        "Pretax Income": NaN,
        "Other Income Expense": NaN,
        "Other Non Operating Income Expenses": 1000000.0,
        "Special Income Charges": NaN,
        "Gain On Sale Of Business": NaN,
        "Other Special Charges": NaN,
        "Write Off": 0.0,
        "Restructuring And Mergern Acquisition": NaN,
        "Earnings From Equity Interest": NaN,
        "Net Non Operating Interest Income Expense": NaN,
        "Interest Expense Non Operating": NaN,
        "Interest Income Non Operating": NaN,
        "Operating Income": NaN,
        "Operating Expense": NaN,
        "Other Operating Expenses": NaN,
        "Research And Development": NaN,
        "Selling General And Administration": NaN,
        "General And Administrative Expense": 102000000.0,
        "Other Gand A": 103000000.0,
        "Salaries And Wages": -1000000.0,
        "Gross Profit": NaN,
        "Cost Of Revenue": NaN,
        "Total Revenue": NaN,
        "Operating Revenue": NaN
    },
    "2022-06-30": {
        "Tax Effect Of Unusual Items": -4800000.0,
        "Tax Rate For Calcs": 0.24,
        "Normalized EBITDA": 121000000.0,
        "Total Unusual Items": -20000000.0,
        "Total Unusual Items Excluding Goodwill": -20000000.0,
        "Net Income From Continuing Operation Net Minority Interest": 41000000.0,
        "Reconciled Depreciation": 43000000.0,
        "Reconciled Cost Of Revenue": 638000000.0,
        "EBITDA": 101000000.0,
        "EBIT": 58000000.0,
        "Net Interest Income": -4000000.0,
        "Interest Expense": 4000000.0,
        "Normalized Income": 56200000.0,
        "Net Income From Continuing And Discontinued Operation": 41000000.0,
        "Total Expenses": 727000000.0,
        "Total Operating Income As Reported": 49000000.0,
        "Diluted Average Shares": 46600000.0,
        "Basic Average Shares": 46600000.0,
        "Diluted EPS": 0.879828,
        "Basic EPS": 0.879828,
        "Diluted NI Availto Com Stockholders": 41000000.0,
        "Net Income Common Stockholders": 41000000.0,
        "Net Income": 41000000.0,
        "Net Income Including Noncontrolling Interests": 41000000.0,
        "Net Income Continuous Operations": 41000000.0,
        "Tax Provision": 13000000.0,
        "Pretax Income": 54000000.0,
        "Other Income Expense": -11000000.0,
        "Other Non Operating Income Expenses": 8000000.0,
        "Special Income Charges": -20000000.0,
        "Write Off": 5000000.0,
        "Restructuring And Mergern Acquisition": 15000000.0,
        "Earnings From Equity Interest": 1000000.0,
        "Net Non Operating Interest Income Expense": -4000000.0,
        "Interest Expense Non Operating": 4000000.0,
        "Operating Income": 69000000.0,
        "Operating Expense": 89000000.0,
        "Other Operating Expenses": -12000000.0,
        "Selling General And Administration": 101000000.0,
        "Gross Profit": 158000000.0,
        "Cost Of Revenue": 638000000.0,
        "Total Revenue": 796000000.0,
        "Operating Revenue": 796000000.0
    },
    "2023-09-30": {
        "Tax Effect Of Unusual Items": NaN,
        "Tax Rate For Calcs": NaN,
        "Normalized EBITDA": NaN,
        "Total Unusual Items": NaN,
        "Total Unusual Items Excluding Goodwill": NaN,
        "Net Income From Continuing Operation Net Minority Interest": NaN,
        "Reconciled Depreciation": NaN,
        "Reconciled Cost Of Revenue": NaN,
        "EBITDA": NaN,
        "EBIT": NaN,
        "Net Interest Income": NaN,
        "Interest Expense": NaN,
        "Interest Income": NaN,
        "Normalized Income": NaN,
        "Net Income From Continuing And Discontinued Operation": NaN,
        "Total Expenses": NaN,
        "Total Operating Income As Reported": NaN,
        "Diluted Average Shares": NaN,
        "Basic Average Shares": NaN,
        "Diluted EPS": NaN,
        "Basic EPS": NaN,
        "Diluted NI Availto Com Stockholders": NaN,
        "Net Income Common Stockholders": NaN,
        "Net Income": NaN,
        "Net Income Including Noncontrolling Interests": NaN,
        "Net Income Continuous Operations": NaN,
        "Tax Provision": NaN,
        "Pretax Income": NaN,
        "Other Income Expense": NaN,
        "Other Non Operating Income Expenses": NaN,
        "Special Income Charges": NaN,
        "Gain On Sale Of Business": -25000000.0,
        "Other Special Charges": NaN,
        "Write Off": 0.0,
        "Restructuring And Mergern Acquisition": NaN,
        "Earnings From Equity Interest": NaN,
        "Net Non Operating Interest Income Expense": NaN,
        "Interest Expense Non Operating": NaN,
        "Interest Income Non Operating": NaN,
        "Operating Income": NaN,
        "Operating Expense": NaN,
        "Other Operating Expenses": NaN,
        "Research And Development": 0.0,
        "Selling General And Administration": NaN,
        "General And Administrative Expense": NaN,
        "Other Gand A": NaN,
        "Salaries And Wages": NaN,
        "Gross Profit": NaN,
        "Cost Of Revenue": NaN,
        "Total Revenue": NaN,
        "Operating Revenue": NaN
    },
    "2022-12-31": {
        "Tax Effect Of Unusual Items": NaN,
        "Tax Rate For Calcs": NaN,
        "Normalized EBITDA": NaN,
        "Total Unusual Items": NaN,
        "Total Unusual Items Excluding Goodwill": NaN,
        "Net Income From Continuing Operation Net Minority Interest": NaN,
        "Reconciled Depreciation": NaN,
        "Reconciled Cost Of Revenue": NaN,
        "EBITDA": NaN,
        "EBIT": NaN,
        "Net Interest Income": NaN,
        "Interest Expense": NaN,
        "Interest Income": NaN,
        "Normalized Income": NaN,
        "Net Income From Continuing And Discontinued Operation": NaN,
        "Total Expenses": NaN,
        "Total Operating Income As Reported": NaN,
        "Diluted Average Shares": NaN,
        "Basic Average Shares": NaN,
        "Diluted EPS": NaN,
        "Basic EPS": NaN,
        "Diluted NI Availto Com Stockholders": NaN,
        "Net Income Common Stockholders": NaN,
        "Net Income": NaN,
        "Net Income Including Noncontrolling Interests": NaN,
        "Net Income Continuous Operations": NaN,
        "Tax Provision": NaN,
        "Pretax Income": NaN,
        "Other Income Expense": NaN,
        "Other Non Operating Income Expenses": 7000000.0,
        "Special Income Charges": NaN,
        "Gain On Sale Of Business": NaN,
        "Write Off": NaN,
        "Restructuring And Mergern Acquisition": NaN,
        "Earnings From Equity Interest": NaN,
        "Net Non Operating Interest Income Expense": NaN,
        "Interest Expense Non Operating": NaN,
        "Interest Income Non Operating": NaN,
        "Operating Income": NaN,
        "Operating Expense": NaN,
        "Other Operating Expenses": NaN,
        "Research And Development": NaN,
        "Selling General And Administration": NaN,
        "General And Administrative Expense": NaN,
        "Other Gand A": NaN,
        "Salaries And Wages": NaN,
        "Gross Profit": NaN,
        "Cost Of Revenue": NaN,
        "Total Revenue": NaN,
        "Operating Revenue": NaN
    },
    "2022-09-30": {
        "Tax Effect Of Unusual Items": NaN,
        "Tax Rate For Calcs": NaN,
        "Normalized EBITDA": NaN,
        "Total Unusual Items": NaN,
        "Total Unusual Items Excluding Goodwill": NaN,
        "Net Income From Continuing Operation Net Minority Interest": NaN,
        "Reconciled Depreciation": NaN,
        "Reconciled Cost Of Revenue": NaN,
        "EBITDA": NaN,
        "EBIT": NaN,
        "Net Interest Income": NaN,
        "Interest Expense": NaN,
        "Interest Income": 2000000.0,
        "Normalized Income": NaN,
        "Net Income From Continuing And Discontinued Operation": NaN,
        "Total Expenses": NaN,
        "Total Operating Income As Reported": NaN,
        "Diluted Average Shares": NaN,
        "Basic Average Shares": NaN,
        "Diluted EPS": NaN,
        "Basic EPS": NaN,
        "Diluted NI Availto Com Stockholders": NaN,
        "Net Income Common Stockholders": NaN,
        "Net Income": NaN,
        "Net Income Including Noncontrolling Interests": NaN,
        "Net Income Continuous Operations": NaN,
        "Tax Provision": NaN,
        "Pretax Income": NaN,
        "Other Income Expense": NaN,
        "Other Non Operating Income Expenses": 8000000.0,
        "Special Income Charges": NaN,
        "Gain On Sale Of Business": NaN,
        "Write Off": 0.0,
        "Restructuring And Mergern Acquisition": NaN,
        "Earnings From Equity Interest": NaN,
        "Net Non Operating Interest Income Expense": NaN,
        "Interest Expense Non Operating": NaN,
        "Interest Income Non Operating": 2000000.0,
        "Operating Income": NaN,
        "Operating Expense": NaN,
        "Other Operating Expenses": NaN,
        "Research And Development": -3000000.0,
        "Selling General And Administration": NaN,
        "Gross Profit": NaN,
        "Cost Of Revenue": NaN,
        "Total Revenue": NaN,
        "Operating Revenue": NaN
    },
    "2023-12-31": {
        "Tax Effect Of Unusual Items": NaN,
        "Tax Rate For Calcs": NaN,
        "Normalized EBITDA": NaN,
        "Total Unusual Items": NaN,
        "Total Unusual Items Excluding Goodwill": NaN,
        "Net Income From Continuing Operation Net Minority Interest": NaN,
        "Reconciled Depreciation": NaN,
        "Reconciled Cost Of Revenue": NaN,
        "EBITDA": NaN,
        "EBIT": NaN,
        "Net Interest Income": NaN,
        "Interest Expense": NaN,
        "Interest Income": NaN,
        "Normalized Income": NaN,
        "Net Income From Continuing And Discontinued Operation": NaN,
        "Total Expenses": NaN,
        "Total Operating Income As Reported": NaN,
        "Diluted Average Shares": NaN,
        "Basic Average Shares": NaN,
        "Diluted EPS": NaN,
        "Basic EPS": NaN,
        "Diluted NI Availto Com Stockholders": NaN,
        "Net Income Common Stockholders": NaN,
        "Net Income": NaN,
        "Net Income Including Noncontrolling Interests": NaN,
        "Net Income Continuous Operations": NaN,
        "Tax Provision": NaN,
        "Pretax Income": NaN,
        "Other Income Expense": NaN,
        "Other Non Operating Income Expenses": NaN,
        "Special Income Charges": NaN,
        "Gain On Sale Of Business": NaN,
        "Other Special Charges": NaN,
        "Write Off": 0.0,
        "Restructuring And Mergern Acquisition": NaN,
        "Earnings From Equity Interest": NaN,
        "Net Non Operating Interest Income Expense": NaN,
        "Interest Expense Non Operating": NaN,
        "Interest Income Non Operating": NaN,
        "Operating Income": NaN,
        "Operating Expense": NaN,
        "Other Operating Expenses": NaN,
        "Depreciation Amortization Depletion Income Statement": NaN,
        "Depreciation And Amortization In Income Statement": NaN,
        "Amortization": NaN,
        "Amortization Of Intangibles Income Statement": NaN,
        "Research And Development": 0.0,
        "Selling General And Administration": NaN,
        "General And Administrative Expense": NaN,
        "Other Gand A": NaN,
        "Salaries And Wages": NaN,
        "Gross Profit": NaN,
        "Cost Of Revenue": NaN,
        "Total Revenue": NaN,
        "Operating Revenue": NaN
    },
    "2024-03-31": {
        "Tax Effect Of Unusual Items": NaN,
        "Tax Rate For Calcs": NaN,
        "Normalized EBITDA": NaN,
        "Total Unusual Items": NaN,
        "Total Unusual Items Excluding Goodwill": NaN,
        "Net Income From Continuing Operation Net Minority Interest": NaN,
        "Reconciled Depreciation": NaN,
        "Reconciled Cost Of Revenue": NaN,
        "EBITDA": NaN,
        "EBIT": NaN,
        "Net Interest Income": NaN,
        "Interest Expense": NaN,
        "Interest Income": NaN,
        "Normalized Income": NaN,
        "Net Income From Continuing And Discontinued Operation": NaN,
        "Total Expenses": NaN,
        "Total Operating Income As Reported": NaN,
        "Diluted Average Shares": NaN,
        "Basic Average Shares": NaN,
        "Diluted EPS": NaN,
        "Basic EPS": NaN,
        "Diluted NI Availto Com Stockholders": NaN,
        "Net Income Common Stockholders": NaN,
        "Net Income": NaN,
        "Net Income Including Noncontrolling Interests": NaN,
        "Net Income Continuous Operations": NaN,
        "Tax Provision": NaN,
        "Pretax Income": NaN,
        "Other Income Expense": NaN,
        "Other Non Operating Income Expenses": NaN,
        "Special Income Charges": NaN,
        "Gain On Sale Of Business": -17000000.0,
        "Other Special Charges": NaN,
        "Restructuring And Mergern Acquisition": NaN,
        "Earnings From Equity Interest": NaN,
        "Net Non Operating Interest Income Expense": NaN,
        "Interest Expense Non Operating": NaN,
        "Interest Income Non Operating": NaN,
        "Operating Income": NaN,
        "Operating Expense": NaN,
        "Other Operating Expenses": NaN,
        "Depreciation Amortization Depletion Income Statement": NaN,
        "Depreciation And Amortization In Income Statement": NaN,
        "Amortization": NaN,
        "Amortization Of Intangibles Income Statement": NaN,
        "Research And Development": NaN,
        "Selling General And Administration": NaN,
        "General And Administrative Expense": NaN,
        "Other Gand A": NaN,
        "Salaries And Wages": NaN,
        "Gross Profit": NaN,
        "Cost Of Revenue": NaN,
        "Total Revenue": NaN,
        "Operating Revenue": NaN
    },
    "2024-06-30": {
        "Tax Effect Of Unusual Items": NaN,
        "Tax Rate For Calcs": NaN,
        "Normalized EBITDA": NaN,
        "Total Unusual Items": NaN,
        "Total Unusual Items Excluding Goodwill": NaN,
        "Net Income From Continuing Operation Net Minority Interest": NaN,
        "Reconciled Depreciation": NaN,
        "Reconciled Cost Of Revenue": NaN,
        "EBITDA": NaN,
        "EBIT": NaN,
        "Net Interest Income": NaN,
        "Interest Expense": NaN,
        "Interest Income": NaN,
        "Normalized Income": NaN,
        "Net Income From Continuing And Discontinued Operation": NaN,
        "Total Expenses": NaN,
        "Total Operating Income As Reported": NaN,
        "Diluted Average Shares": NaN,
        "Basic Average Shares": NaN,
        "Diluted EPS": NaN,
        "Basic EPS": NaN,
        "Diluted NI Availto Com Stockholders": NaN,
        "Net Income Common Stockholders": NaN,
        "Net Income": NaN,
        "Net Income Including Noncontrolling Interests": NaN,
        "Net Income Continuous Operations": NaN,
        "Tax Provision": NaN,
        "Pretax Income": NaN,
        "Other Income Expense": NaN,
        "Other Non Operating Income Expenses": -1000000.0,
        "Special Income Charges": NaN,
        "Gain On Sale Of Business": NaN,
        "Other Special Charges": NaN,
        "Restructuring And Mergern Acquisition": NaN,
        "Earnings From Equity Interest": NaN,
        "Net Non Operating Interest Income Expense": NaN,
        "Interest Expense Non Operating": NaN,
        "Interest Income Non Operating": NaN,
        "Operating Income": NaN,
        "Operating Expense": NaN,
        "Other Operating Expenses": NaN,
        "Depreciation Amortization Depletion Income Statement": 7000000.0,
        "Depreciation And Amortization In Income Statement": 7000000.0,
        "Amortization": 7000000.0,
        "Amortization Of Intangibles Income Statement": 7000000.0,
        "Research And Development": 30000000.0,
        "Selling General And Administration": NaN,
        "General And Administrative Expense": 75000000.0,
        "Other Gand A": 39000000.0,
        "Salaries And Wages": 36000000.0,
        "Gross Profit": NaN,
        "Cost Of Revenue": NaN,
        "Total Revenue": NaN,
        "Operating Revenue": NaN
    },
    "2024-09-30": {
        "Tax Effect Of Unusual Items": -2940000.0,
        "Tax Rate For Calcs": 0.21,
        "Normalized EBITDA": 127000000.0,
        "Total Unusual Items": -14000000.0,
        "Total Unusual Items Excluding Goodwill": -14000000.0,
        "Net Income From Continuing Operation Net Minority Interest": 31000000.0,
        "Reconciled Depreciation": 40000000.0,
        "Reconciled Cost Of Revenue": 652000000.0,
        "EBITDA": 113000000.0,
        "EBIT": 73000000.0,
        "Net Interest Income": -16000000.0,
        "Interest Expense": 20000000.0,
        "Interest Income": 4000000.0,
        "Normalized Income": 42060000.0,
        "Net Income From Continuing And Discontinued Operation": 31000000.0,
        "Total Expenses": 759000000.0,
        "Total Operating Income As Reported": 66000000.0,
        "Diluted Average Shares": 44100000.0,
        "Basic Average Shares": 42058194.0,
        "Diluted EPS": 0.7,
        "Basic EPS": 0.709743,
        "Diluted NI Availto Com Stockholders": 31000000.0,
        "Net Income Common Stockholders": 31000000.0,
        "Net Income": 31000000.0,
        "Net Income Including Noncontrolling Interests": 31000000.0,
        "Net Income Continuous Operations": 31000000.0,
        "Tax Provision": 22000000.0,
        "Pretax Income": 53000000.0,
        "Other Income Expense": -11000000.0,
        "Other Non Operating Income Expenses": NaN,
        "Special Income Charges": -14000000.0,
        "Gain On Sale Of Business": -4000000.0,
        "Other Special Charges": 4000000.0,
        "Restructuring And Mergern Acquisition": 10000000.0,
        "Earnings From Equity Interest": 3000000.0,
        "Net Non Operating Interest Income Expense": -16000000.0,
        "Interest Expense Non Operating": 20000000.0,
        "Interest Income Non Operating": 4000000.0,
        "Operating Income": 80000000.0,
        "Operating Expense": 107000000.0,
        "Other Operating Expenses": -1000000.0,
        "Depreciation Amortization Depletion Income Statement": NaN,
        "Depreciation And Amortization In Income Statement": NaN,
        "Amortization": NaN,
        "Amortization Of Intangibles Income Statement": NaN,
        "Research And Development": 0.0,
        "Selling General And Administration": 108000000.0,
        "General And Administrative Expense": NaN,
        "Other Gand A": NaN,
        "Salaries And Wages": NaN,
        "Gross Profit": 187000000.0,
        "Cost Of Revenue": 652000000.0,
        "Total Revenue": 839000000.0,
        "Operating Revenue": 839000000.0
    },
    "2024-12-31": {
        "Tax Effect Of Unusual Items": -4200000.0,
        "Tax Rate For Calcs": 0.21,
        "Normalized EBITDA": 118000000.0,
        "Total Unusual Items": -20000000.0,
        "Total Unusual Items Excluding Goodwill": -20000000.0,
        "Net Income From Continuing Operation Net Minority Interest": 5000000.0,
        "Reconciled Depreciation": 39000000.0,
        "Reconciled Cost Of Revenue": 644000000.0,
        "EBITDA": 98000000.0,
        "EBIT": 59000000.0,
        "Net Interest Income": -14000000.0,
        "Interest Expense": 18000000.0,
        "Interest Income": 4000000.0,
        "Normalized Income": 20800000.0,
        "Net Income From Continuing And Discontinued Operation": 5000000.0,
        "Total Expenses": 762000000.0,
        "Total Operating Income As Reported": 51000000.0,
        "Diluted Average Shares": 43000000.0,
        "Basic Average Shares": 41643883.0,
        "Diluted EPS": 0.12,
        "Basic EPS": 0.120066,
        "Diluted NI Availto Com Stockholders": 5000000.0,
        "Net Income Common Stockholders": 5000000.0,
        "Net Income": 5000000.0,
        "Net Income Including Noncontrolling Interests": 5000000.0,
        "Net Income Continuous Operations": 5000000.0,
        "Tax Provision": 36000000.0,
        "Pretax Income": 41000000.0,
        "Other Income Expense": -16000000.0,
        "Other Non Operating Income Expenses": NaN,
        "Special Income Charges": -20000000.0,
        "Gain On Sale Of Business": NaN,
        "Other Special Charges": -11000000.0,
        "Restructuring And Mergern Acquisition": 10000000.0,
        "Earnings From Equity Interest": 3000000.0,
        "Net Non Operating Interest Income Expense": -14000000.0,
        "Interest Expense Non Operating": 18000000.0,
        "Interest Income Non Operating": 4000000.0,
        "Operating Income": 71000000.0,
        "Operating Expense": 118000000.0,
        "Other Operating Expenses": 0.0,
        "Depreciation Amortization Depletion Income Statement": NaN,
        "Depreciation And Amortization In Income Statement": NaN,
        "Amortization": NaN,
        "Amortization Of Intangibles Income Statement": NaN,
        "Research And Development": 0.0,
        "Selling General And Administration": 118000000.0,
        "General And Administrative Expense": NaN,
        "Other Gand A": NaN,
        "Salaries And Wages": NaN,
        "Gross Profit": 189000000.0,
        "Cost Of Revenue": 644000000.0,
        "Total Revenue": 833000000.0,
        "Operating Revenue": 833000000.0
    },
    "2025-03-31": {
        "Tax Effect Of Unusual Items": -840000.0,
        "Tax Rate For Calcs": 0.21,
        "Normalized EBITDA": 110000000.0,
        "Total Unusual Items": -4000000.0,
        "Total Unusual Items Excluding Goodwill": -4000000.0,
        "Net Income From Continuing Operation Net Minority Interest": 26000000.0,
        "Reconciled Depreciation": 37000000.0,
        "Reconciled Cost Of Revenue": 624000000.0,
        "EBITDA": 106000000.0,
        "EBIT": 69000000.0,
        "Net Interest Income": -15000000.0,
        "Interest Expense": 19000000.0,
        "Interest Income": 4000000.0,
        "Normalized Income": 29160000.0,
        "Net Income From Continuing And Discontinued Operation": 26000000.0,
        "Total Expenses": 730000000.0,
        "Total Operating Income As Reported": 62000000.0,
        "Diluted Average Shares": 41500000.0,
        "Basic Average Shares": 39804513.0,
        "Diluted EPS": 0.63,
        "Basic EPS": 0.653192,
        "Diluted NI Availto Com Stockholders": 26000000.0,
        "Net Income Common Stockholders": 26000000.0,
        "Net Income": 26000000.0,
        "Net Income Including Noncontrolling Interests": 26000000.0,
        "Net Income Continuous Operations": 26000000.0,
        "Tax Provision": 24000000.0,
        "Pretax Income": 50000000.0,
        "Other Income Expense": -1000000.0,
        "Other Non Operating Income Expenses": -1000000.0,
        "Special Income Charges": -4000000.0,
        "Gain On Sale Of Business": NaN,
        "Other Special Charges": NaN,
        "Restructuring And Mergern Acquisition": 4000000.0,
        "Earnings From Equity Interest": 4000000.0,
        "Net Non Operating Interest Income Expense": -15000000.0,
        "Interest Expense Non Operating": 19000000.0,
        "Interest Income Non Operating": 4000000.0,
        "Operating Income": 66000000.0,
        "Operating Expense": 106000000.0,
        "Other Operating Expenses": -1000000.0,
        "Depreciation Amortization Depletion Income Statement": NaN,
        "Depreciation And Amortization In Income Statement": NaN,
        "Amortization": NaN,
        "Amortization Of Intangibles Income Statement": NaN,
        "Research And Development": NaN,
        "Selling General And Administration": 107000000.0,
        "General And Administrative Expense": NaN,
        "Other Gand A": NaN,
        "Salaries And Wages": NaN,
        "Gross Profit": 172000000.0,
        "Cost Of Revenue": 624000000.0,
        "Total Revenue": 796000000.0,
        "Operating Revenue": 796000000.0
    },
    "2025-06-30": {
        "Tax Effect Of Unusual Items": 780000.0,
        "Tax Rate For Calcs": 0.39,
        "Normalized EBITDA": 133000000.0,
        "Total Unusual Items": 2000000.0,
        "Total Unusual Items Excluding Goodwill": 2000000.0,
        "Net Income From Continuing Operation Net Minority Interest": 46000000.0,
        "Reconciled Depreciation": 39000000.0,
        "Reconciled Cost Of Revenue": 661000000.0,
        "EBITDA": 135000000.0,
        "EBIT": 96000000.0,
        "Net Interest Income": -17000000.0,
        "Interest Expense": 21000000.0,
        "Interest Income": 4000000.0,
        "Normalized Income": 44780000.0,
        "Net Income From Continuing And Discontinued Operation": 46000000.0,
        "Total Expenses": 803000000.0,
        "Total Operating Income As Reported": 89000000.0,
        "Diluted Average Shares": 40200000.0,
        "Basic Average Shares": 38904475.0,
        "Diluted EPS": 1.14,
        "Basic EPS": 1.155646,
        "Diluted NI Availto Com Stockholders": 46000000.0,
        "Net Income Common Stockholders": 46000000.0,
        "Net Income": 46000000.0,
        "Net Income Including Noncontrolling Interests": 46000000.0,
        "Net Income Continuous Operations": 46000000.0,
        "Tax Provision": 29000000.0,
        "Pretax Income": 75000000.0,
        "Other Income Expense": 5000000.0,
        "Other Non Operating Income Expenses": -1000000.0,
        "Special Income Charges": 2000000.0,
        "Gain On Sale Of Business": NaN,
        "Other Special Charges": NaN,
        "Restructuring And Mergern Acquisition": -2000000.0,
        "Earnings From Equity Interest": 4000000.0,
        "Net Non Operating Interest Income Expense": -17000000.0,
        "Interest Expense Non Operating": 21000000.0,
        "Interest Income Non Operating": 4000000.0,
        "Operating Income": 87000000.0,
        "Operating Expense": 110000000.0,
        "Other Operating Expenses": -2000000.0,
        "Depreciation Amortization Depletion Income Statement": 7000000.0,
        "Depreciation And Amortization In Income Statement": 7000000.0,
        "Amortization": 7000000.0,
        "Amortization Of Intangibles Income Statement": 7000000.0,
        "Research And Development": 30000000.0,
        "Selling General And Administration": 75000000.0,
        "General And Administrative Expense": 75000000.0,
        "Other Gand A": 35000000.0,
        "Salaries And Wages": 40000000.0,
        "Gross Profit": 197000000.0,
        "Cost Of Revenue": 693000000.0,
        "Total Revenue": 890000000.0,
        "Operating Revenue": 890000000.0
    },
    "2025-09-30": {
        "Tax Effect Of Unusual Items": -18880000.0,
        "Tax Rate For Calcs": 0.32,
        "Normalized EBITDA": 138000000.0,
        "Total Unusual Items": -59000000.0,
        "Total Unusual Items Excluding Goodwill": -59000000.0,
        "Net Income From Continuing Operation Net Minority Interest": 13000000.0,
        "Reconciled Depreciation": 40000000.0,
        "Reconciled Cost Of Revenue": 676000000.0,
        "EBITDA": 79000000.0,
        "EBIT": 39000000.0,
        "Net Interest Income": -17000000.0,
        "Interest Expense": 20000000.0,
        "Interest Income": 3000000.0,
        "Normalized Income": 53120000.0,
        "Net Income From Continuing And Discontinued Operation": 13000000.0,
        "Total Expenses": 815000000.0,
        "Total Operating Income As Reported": 34000000.0,
        "Diluted Average Shares": 39600000.0,
        "Basic Average Shares": 38442674.0,
        "Diluted EPS": 0.33,
        "Basic EPS": 0.334152,
        "Diluted NI Availto Com Stockholders": 13000000.0,
        "Net Income Common Stockholders": 13000000.0,
        "Net Income": 13000000.0,
        "Net Income Including Noncontrolling Interests": 13000000.0,
        "Net Income Continuous Operations": 13000000.0,
        "Tax Provision": 6000000.0,
        "Pretax Income": 19000000.0,
        "Other Income Expense": -57000000.0,
        "Other Non Operating Income Expenses": -1000000.0,
        "Special Income Charges": -59000000.0,
        "Gain On Sale Of Business": NaN,
        "Other Special Charges": -2000000.0,
        "Restructuring And Mergern Acquisition": 61000000.0,
        "Earnings From Equity Interest": 3000000.0,
        "Net Non Operating Interest Income Expense": -17000000.0,
        "Interest Expense Non Operating": 20000000.0,
        "Interest Income Non Operating": 3000000.0,
        "Operating Income": 93000000.0,
        "Operating Expense": 107000000.0,
        "Other Operating Expenses": 2000000.0,
        "Depreciation Amortization Depletion Income Statement": 8000000.0,
        "Depreciation And Amortization In Income Statement": 8000000.0,
        "Amortization": 8000000.0,
        "Amortization Of Intangibles Income Statement": 8000000.0,
        "Research And Development": 20000000.0,
        "Selling General And Administration": 77000000.0,
        "General And Administrative Expense": 77000000.0,
        "Other Gand A": 34000000.0,
        "Salaries And Wages": 43000000.0,
        "Gross Profit": 200000000.0,
        "Cost Of Revenue": 708000000.0,
        "Total Revenue": 908000000.0,
        "Operating Revenue": 908000000.0
    }
}