{
    "2023-03-31": {
        "Tax Effect Of Unusual Items": NaN,
        "Tax Rate For Calcs": NaN,
        "Normalized EBITDA": NaN,
        "Total Unusual Items": -1595478.0,
        "Total Unusual Items Excluding Goodwill": -1595478.0,
        "Net Income From Continuing Operation Net Minority Interest": NaN,
        "Reconciled Depreciation": NaN,
        "EBITDA": NaN,
        "EBIT": NaN,
        "Net Interest Income": NaN,
        "Interest Income": 106527.0,
        "Normalized Income": NaN,
        "Net Income From Continuing And Discontinued Operation": NaN,
        "Total Expenses": NaN,
        "Total Operating Income As Reported": -21076027.0,
        "Diluted Average Shares": NaN,
        "Basic Average Shares": NaN,
        "Diluted EPS": NaN,
        "Basic EPS": NaN,
        "Diluted NI Availto Com Stockholders": NaN,
        "Net Income Common Stockholders": NaN,
        "Net Income": NaN,
        "Net Income Including Noncontrolling Interests": NaN,
        "Net Income Continuous Operations": NaN,
        "Tax Provision": NaN,
        "Pretax Income": NaN,
        "Other Income Expense": -1595478.0,
        "Gain On Sale Of Security": -1595478.0,
        "Net Non Operating Interest Income Expense": NaN,
        "Total Other Finance Cost": NaN,
        "Interest Income Non Operating": 106527.0,
        "Operating Income": NaN,
        "Operating Expense": NaN,
        "Research And Development": NaN,
        "Selling General And Administration": NaN,
        "General And Administrative Expense": NaN,
        "Other Gand A": NaN,
        "Salaries And Wages": NaN,
        "Total Revenue": NaN,
        "Operating Revenue": NaN
    },
    "2022-12-31": {
        "Tax Effect Of Unusual Items": NaN,
        "Tax Rate For Calcs": NaN,
        "Normalized EBITDA": NaN,
        "Total Unusual Items": -15392583.0,
        "Total Unusual Items Excluding Goodwill": -15392583.0,
        "Net Income From Continuing Operation Net Minority Interest": NaN,
        "Reconciled Depreciation": NaN,
        "EBITDA": NaN,
        "EBIT": NaN,
        "Net Interest Income": NaN,
        "Interest Expense": -88275.0,
        "Interest Income": NaN,
        "Normalized Income": NaN,
        "Net Income From Continuing And Discontinued Operation": NaN,
        "Total Expenses": NaN,
        "Total Operating Income As Reported": NaN,
        "Diluted Average Shares": NaN,
        "Basic Average Shares": NaN,
        "Diluted EPS": NaN,
        "Basic EPS": NaN,
        "Diluted NI Availto Com Stockholders": NaN,
        "Net Income Common Stockholders": NaN,
        "Net Income": NaN,
        "Net Income Including Noncontrolling Interests": NaN,
        "Net Income Continuous Operations": NaN,
        "Tax Provision": NaN,
        "Pretax Income": NaN,
        "Other Income Expense": -15392583.0,
        "Gain On Sale Of Security": -15392583.0,
        "Net Non Operating Interest Income Expense": NaN,
        "Total Other Finance Cost": NaN,
        "Interest Expense Non Operating": -88275.0,
        "Interest Income Non Operating": NaN,
        "Operating Income": NaN,
        "Operating Expense": NaN,
        "Research And Development": NaN,
        "Selling General And Administration": NaN,
        "General And Administrative Expense": NaN,
        "Other Gand A": NaN,
        "Salaries And Wages": NaN,
        "Total Revenue": NaN,
        "Operating Revenue": NaN
    },
    "2022-09-30": {
        "Tax Effect Of Unusual Items": NaN,
        "Tax Rate For Calcs": NaN,
        "Normalized EBITDA": NaN,
        "Total Unusual Items": 11520977.0,
        "Total Unusual Items Excluding Goodwill": 11520977.0,
        "Net Income From Continuing Operation Net Minority Interest": NaN,
        "Reconciled Depreciation": NaN,
        "EBITDA": NaN,
        "EBIT": NaN,
        "Net Interest Income": NaN,
        "Interest Expense": 25863.0,
        "Interest Income": NaN,
        "Normalized Income": NaN,
        "Net Income From Continuing And Discontinued Operation": NaN,
        "Total Expenses": NaN,
        "Total Operating Income As Reported": NaN,
        "Diluted Average Shares": 33785026.0,
        "Basic Average Shares": 33785026.0,
        "Diluted EPS": -0.25,
        "Basic EPS": -0.25,
        "Diluted NI Availto Com Stockholders": NaN,
        "Net Income Common Stockholders": NaN,
        "Net Income": NaN,
        "Net Income Including Noncontrolling Interests": NaN,
        "Net Income Continuous Operations": NaN,
        "Tax Provision": NaN,
        "Pretax Income": NaN,
        "Other Income Expense": 11520977.0,
        "Gain On Sale Of Security": 11520977.0,
        "Net Non Operating Interest Income Expense": NaN,
        "Total Other Finance Cost": NaN,
        "Interest Expense Non Operating": 25863.0,
        "Interest Income Non Operating": NaN,
        "Operating Income": NaN,
        "Operating Expense": NaN,
        "Research And Development": NaN,
        "Selling General And Administration": NaN,
        "General And Administrative Expense": NaN,
        "Other Gand A": NaN,
        "Salaries And Wages": NaN,
        "Total Revenue": NaN,
        "Operating Revenue": NaN
    },
    "2022-06-30": {
        "Tax Effect Of Unusual Items": 4614324.4,
        "Tax Rate For Calcs": 0.4,
        "Normalized EBITDA": -21346975.0,
        "Total Unusual Items": 11535811.0,
        "Total Unusual Items Excluding Goodwill": 11535811.0,
        "Net Income From Continuing Operation Net Minority Interest": -12621068.0,
        "Reconciled Depreciation": 35345.0,
        "EBITDA": -9811164.0,
        "EBIT": -9846509.0,
        "Net Interest Income": -34007.0,
        "Interest Expense": 33457.0,
        "Interest Income": NaN,
        "Normalized Income": -19542554.6,
        "Net Income From Continuing And Discontinued Operation": -12621068.0,
        "Total Expenses": 21381770.0,
        "Diluted Average Shares": 33582171.0,
        "Basic Average Shares": 33582171.0,
        "Diluted EPS": -0.38,
        "Basic EPS": -0.38,
        "Diluted NI Availto Com Stockholders": -12621068.0,
        "Net Income Common Stockholders": -12621068.0,
        "Net Income": -12621068.0,
        "Net Income Including Noncontrolling Interests": -12621068.0,
        "Net Income Continuous Operations": -12621068.0,
        "Tax Provision": 2741102.0,
        "Pretax Income": -9879966.0,
        "Other Income Expense": 11535811.0,
        "Gain On Sale Of Security": 11535811.0,
        "Net Non Operating Interest Income Expense": -34007.0,
        "Total Other Finance Cost": 550.0,
        "Interest Expense Non Operating": 33457.0,
        "Interest Income Non Operating": NaN,
        "Operating Income": -21381770.0,
        "Operating Expense": 21381770.0,
        "Research And Development": 13721637.0,
        "Selling General And Administration": 7660133.0,
        "General And Administrative Expense": 7660133.0,
        "Other Gand A": 3834982.0,
        "Salaries And Wages": 3825151.0,
        "Total Revenue": 0.0,
        "Operating Revenue": 0.0
    },
    "2022-03-31": {
        "Diluted EPS": -0.54,
        "Total Revenue": NaN,
        "Gross Profit": NaN,
        "Operating Income": -22,
        "EBIT": -22,
        "Net Income": -18
    },
    "2021-12-31": {
        "Diluted EPS": 0.73,
        "Total Revenue": NaN,
        "Gross Profit": NaN,
        "Operating Income": -19,
        "EBIT": -19,
        "Net Income": -14
    },
    "2021-09-30": {
        "Diluted EPS": -0.46,
        "Total Revenue": NaN,
        "Gross Profit": NaN,
        "Operating Income": -16,
        "EBIT": -16,
        "Net Income": -11
    },
    "2021-06-30": {
        "Diluted EPS": -1.13,
        "Total Revenue": NaN,
        "Gross Profit": NaN,
        "Operating Income": -15,
        "EBIT": -15,
        "Net Income": -18
    },
    "2021-03-31": {
        "Diluted EPS": -0.8,
        "Total Revenue": NaN,
        "Gross Profit": NaN,
        "Operating Income": -14,
        "EBIT": -14,
        "Net Income": -7
    },
    "2020-12-31": {
        "Diluted EPS": 0.0,
        "Total Revenue": NaN,
        "Gross Profit": NaN,
        "Operating Income": NaN,
        "EBIT": NaN,
        "Net Income": NaN
    },
    "2023-06-30": {
        "Tax Effect Of Unusual Items": NaN,
        "Tax Rate For Calcs": NaN,
        "Normalized EBITDA": NaN,
        "Total Unusual Items": NaN,
        "Total Unusual Items Excluding Goodwill": NaN,
        "Net Income From Continuing Operation Net Minority Interest": NaN,
        "Reconciled Depreciation": NaN,
        "EBITDA": NaN,
        "EBIT": NaN,
        "Net Interest Income": NaN,
        "Interest Income": 545143.0,
        "Normalized Income": NaN,
        "Net Income From Continuing And Discontinued Operation": NaN,
        "Total Expenses": NaN,
        "Total Operating Income As Reported": -22455365.0,
        "Diluted Average Shares": 40822916.0,
        "Basic Average Shares": 40822916.0,
        "Diluted EPS": -0.536411,
        "Basic EPS": -0.536411,
        "Diluted NI Availto Com Stockholders": NaN,
        "Net Income Common Stockholders": NaN,
        "Net Income": NaN,
        "Net Income Including Noncontrolling Interests": NaN,
        "Net Income Continuous Operations": NaN,
        "Tax Provision": NaN,
        "Pretax Income": NaN,
        "Other Income Expense": NaN,
        "Gain On Sale Of Security": NaN,
        "Net Non Operating Interest Income Expense": NaN,
        "Total Other Finance Cost": NaN,
        "Interest Income Non Operating": 545143.0,
        "Operating Income": NaN,
        "Operating Expense": NaN,
        "Research And Development": NaN,
        "Selling General And Administration": NaN,
        "General And Administrative Expense": NaN,
        "Other Gand A": NaN,
        "Salaries And Wages": NaN,
        "Total Revenue": NaN,
        "Operating Revenue": NaN
    },
    "2023-09-30": {
        "Tax Effect Of Unusual Items": NaN,
        "Tax Rate For Calcs": NaN,
        "Normalized EBITDA": NaN,
        "Total Unusual Items": NaN,
        "Total Unusual Items Excluding Goodwill": NaN,
        "Net Income From Continuing Operation Net Minority Interest": NaN,
        "Reconciled Depreciation": NaN,
        "EBITDA": NaN,
        "EBIT": NaN,
        "Net Interest Income": NaN,
        "Interest Income": 66576.0,
        "Normalized Income": NaN,
        "Net Income From Continuing And Discontinued Operation": NaN,
        "Total Expenses": NaN,
        "Total Operating Income As Reported": NaN,
        "Diluted Average Shares": 40909957.0,
        "Basic Average Shares": 40909957.0,
        "Diluted EPS": -0.58,
        "Basic EPS": -0.58,
        "Diluted NI Availto Com Stockholders": NaN,
        "Net Income Common Stockholders": NaN,
        "Net Income": NaN,
        "Net Income Including Noncontrolling Interests": NaN,
        "Net Income Continuous Operations": NaN,
        "Tax Provision": NaN,
        "Pretax Income": NaN,
        "Other Income Expense": NaN,
        "Gain On Sale Of Security": NaN,
        "Net Non Operating Interest Income Expense": NaN,
        "Total Other Finance Cost": NaN,
        "Interest Income Non Operating": 66576.0,
        "Operating Income": NaN,
        "Operating Expense": NaN,
        "Research And Development": NaN,
        "Selling General And Administration": NaN,
        "General And Administrative Expense": NaN,
        "Other Gand A": NaN,
        "Salaries And Wages": NaN,
        "Total Revenue": NaN,
        "Operating Revenue": NaN
    },
    "2023-12-31": {
        "Tax Effect Of Unusual Items": NaN,
        "Tax Rate For Calcs": NaN,
        "Normalized EBITDA": NaN,
        "Total Unusual Items": -4876094.0,
        "Total Unusual Items Excluding Goodwill": -4876094.0,
        "Net Income From Continuing Operation Net Minority Interest": NaN,
        "Reconciled Depreciation": NaN,
        "EBITDA": NaN,
        "EBIT": NaN,
        "Net Interest Income": NaN,
        "Interest Income": NaN,
        "Normalized Income": NaN,
        "Net Income From Continuing And Discontinued Operation": NaN,
        "Total Expenses": NaN,
        "Total Operating Income As Reported": NaN,
        "Diluted Average Shares": NaN,
        "Basic Average Shares": NaN,
        "Diluted EPS": NaN,
        "Basic EPS": NaN,
        "Diluted NI Availto Com Stockholders": NaN,
        "Net Income Common Stockholders": NaN,
        "Net Income": NaN,
        "Net Income Including Noncontrolling Interests": NaN,
        "Net Income Continuous Operations": NaN,
        "Tax Provision": NaN,
        "Pretax Income": NaN,
        "Other Income Expense": -4876094.0,
        "Gain On Sale Of Security": -4876094.0,
        "Net Non Operating Interest Income Expense": NaN,
        "Total Other Finance Cost": NaN,
        "Interest Income Non Operating": NaN,
        "Operating Income": NaN,
        "Operating Expense": NaN,
        "Research And Development": NaN,
        "Selling General And Administration": NaN,
        "General And Administrative Expense": NaN,
        "Other Gand A": NaN,
        "Salaries And Wages": NaN,
        "Total Revenue": NaN,
        "Operating Revenue": NaN
    },
    "2024-03-31": {
        "Tax Effect Of Unusual Items": NaN,
        "Tax Rate For Calcs": NaN,
        "Normalized EBITDA": NaN,
        "Total Unusual Items": NaN,
        "Total Unusual Items Excluding Goodwill": NaN,
        "Net Income From Continuing Operation Net Minority Interest": NaN,
        "Reconciled Depreciation": NaN,
        "EBITDA": NaN,
        "EBIT": NaN,
        "Net Interest Income": NaN,
        "Interest Income": NaN,
        "Normalized Income": NaN,
        "Net Income From Continuing And Discontinued Operation": NaN,
        "Total Expenses": NaN,
        "Total Operating Income As Reported": -28311859.0,
        "Diluted Average Shares": NaN,
        "Basic Average Shares": NaN,
        "Diluted EPS": NaN,
        "Basic EPS": NaN,
        "Diluted NI Availto Com Stockholders": NaN,
        "Net Income Common Stockholders": NaN,
        "Net Income": NaN,
        "Net Income Including Noncontrolling Interests": NaN,
        "Net Income Continuous Operations": NaN,
        "Tax Provision": NaN,
        "Pretax Income": NaN,
        "Other Income Expense": NaN,
        "Gain On Sale Of Security": NaN,
        "Net Non Operating Interest Income Expense": NaN,
        "Total Other Finance Cost": NaN,
        "Interest Income Non Operating": NaN,
        "Operating Income": NaN,
        "Operating Expense": NaN,
        "Research And Development": NaN,
        "Selling General And Administration": NaN,
        "General And Administrative Expense": NaN,
        "Other Gand A": NaN,
        "Salaries And Wages": NaN,
        "Total Revenue": NaN,
        "Operating Revenue": NaN
    },
    "2024-06-30": {
        "Tax Effect Of Unusual Items": NaN,
        "Tax Rate For Calcs": NaN,
        "Normalized EBITDA": NaN,
        "Total Unusual Items": NaN,
        "Total Unusual Items Excluding Goodwill": NaN,
        "Net Income From Continuing Operation Net Minority Interest": NaN,
        "Reconciled Depreciation": NaN,
        "EBITDA": NaN,
        "EBIT": NaN,
        "Net Interest Income": NaN,
        "Interest Income": 2114635.0,
        "Normalized Income": NaN,
        "Net Income From Continuing And Discontinued Operation": NaN,
        "Total Expenses": NaN,
        "Total Operating Income As Reported": -34382001.0,
        "Diluted Average Shares": 53939597.0,
        "Basic Average Shares": 53939597.0,
        "Diluted EPS": -0.55,
        "Basic EPS": -0.55,
        "Diluted NI Availto Com Stockholders": NaN,
        "Net Income Common Stockholders": NaN,
        "Net Income": NaN,
        "Net Income Including Noncontrolling Interests": NaN,
        "Net Income Continuous Operations": NaN,
        "Tax Provision": NaN,
        "Pretax Income": NaN,
        "Other Income Expense": NaN,
        "Gain On Sale Of Security": NaN,
        "Net Non Operating Interest Income Expense": NaN,
        "Total Other Finance Cost": NaN,
        "Interest Income Non Operating": 2114635.0,
        "Operating Income": NaN,
        "Operating Expense": NaN,
        "Research And Development": NaN,
        "Selling General And Administration": NaN,
        "General And Administrative Expense": NaN,
        "Other Gand A": NaN,
        "Salaries And Wages": NaN,
        "Total Revenue": NaN,
        "Operating Revenue": NaN
    },
    "2024-09-30": {
        "Tax Effect Of Unusual Items": -1430728.164,
        "Tax Rate For Calcs": 0.258,
        "Normalized EBITDA": -32313243.0,
        "Total Unusual Items": -5545458.0,
        "Total Unusual Items Excluding Goodwill": -5545458.0,
        "Net Income From Continuing Operation Net Minority Interest": -41710758.0,
        "Reconciled Depreciation": 43572.0,
        "EBITDA": -37858701.0,
        "EBIT": -37902273.0,
        "Net Interest Income": 1967064.0,
        "Interest Income": 1976199.0,
        "Normalized Income": -37596028.164,
        "Net Income From Continuing And Discontinued Operation": -41710758.0,
        "Total Expenses": 37902273.0,
        "Total Operating Income As Reported": NaN,
        "Diluted Average Shares": 54069979.0,
        "Basic Average Shares": 54069979.0,
        "Diluted EPS": -0.77,
        "Basic EPS": -0.77,
        "Diluted NI Availto Com Stockholders": -41710758.0,
        "Net Income Common Stockholders": -41710758.0,
        "Net Income": -41710758.0,
        "Net Income Including Noncontrolling Interests": -41710758.0,
        "Net Income Continuous Operations": -41710758.0,
        "Tax Provision": 230091.0,
        "Pretax Income": -41480667.0,
        "Other Income Expense": -5545458.0,
        "Gain On Sale Of Security": -5545458.0,
        "Net Non Operating Interest Income Expense": 1967064.0,
        "Total Other Finance Cost": 9135.0,
        "Interest Income Non Operating": 1976199.0,
        "Operating Income": -37902273.0,
        "Operating Expense": 37902273.0,
        "Research And Development": 25782650.0,
        "Selling General And Administration": 12119623.0,
        "General And Administrative Expense": 12119623.0,
        "Other Gand A": 6784532.0,
        "Salaries And Wages": 5335091.0,
        "Total Revenue": 0.0,
        "Operating Revenue": 0.0
    },
    "2024-12-31": {
        "Tax Effect Of Unusual Items": 2651105.316,
        "Tax Rate For Calcs": 0.258,
        "Normalized EBITDA": -55276678.0,
        "Total Unusual Items": 10275602.0,
        "Total Unusual Items Excluding Goodwill": 10275602.0,
        "Net Income From Continuing Operation Net Minority Interest": -34760940.0,
        "Reconciled Depreciation": 90958.0,
        "EBITDA": -45001076.0,
        "EBIT": -45092034.0,
        "Net Interest Income": 1294685.0,
        "Interest Income": NaN,
        "Normalized Income": -42385436.684,
        "Net Income From Continuing And Discontinued Operation": -34760940.0,
        "Total Expenses": 45092034.0,
        "Total Operating Income As Reported": NaN,
        "Diluted Average Shares": NaN,
        "Basic Average Shares": NaN,
        "Diluted EPS": NaN,
        "Basic EPS": NaN,
        "Diluted NI Availto Com Stockholders": -34760940.0,
        "Net Income Common Stockholders": -34760940.0,
        "Net Income": -34760940.0,
        "Net Income Including Noncontrolling Interests": -34760940.0,
        "Net Income Continuous Operations": -34760940.0,
        "Tax Provision": 1239193.0,
        "Pretax Income": -33521747.0,
        "Other Income Expense": 10275602.0,
        "Gain On Sale Of Security": 10275602.0,
        "Net Non Operating Interest Income Expense": 1294685.0,
        "Total Other Finance Cost": -5449440.0,
        "Interest Income Non Operating": NaN,
        "Operating Income": -45092034.0,
        "Operating Expense": 45092034.0,
        "Research And Development": 31199929.0,
        "Selling General And Administration": 13892105.0,
        "General And Administrative Expense": 13892105.0,
        "Other Gand A": 8021681.0,
        "Salaries And Wages": 5870424.0,
        "Total Revenue": 0.0,
        "Operating Revenue": 0.0
    },
    "2025-03-31": {
        "Tax Effect Of Unusual Items": -1295814.804,
        "Tax Rate For Calcs": 0.258,
        "Normalized EBITDA": -37058472.0,
        "Total Unusual Items": -5022538.0,
        "Total Unusual Items Excluding Goodwill": -5022538.0,
        "Net Income From Continuing Operation Net Minority Interest": -46340823.0,
        "Reconciled Depreciation": 105301.0,
        "EBITDA": -42081010.0,
        "EBIT": -42186311.0,
        "Net Interest Income": 1170693.0,
        "Interest Income": 1196649.0,
        "Normalized Income": -42614099.804,
        "Net Income From Continuing And Discontinued Operation": -46340823.0,
        "Total Expenses": 42186311.0,
        "Total Operating Income As Reported": 42186311.0,
        "Diluted Average Shares": 54518615.0,
        "Basic Average Shares": 54518615.0,
        "Diluted EPS": -0.85,
        "Basic EPS": -0.85,
        "Diluted NI Availto Com Stockholders": -46340823.0,
        "Net Income Common Stockholders": -46340823.0,
        "Net Income": -46340823.0,
        "Net Income Including Noncontrolling Interests": -46340823.0,
        "Net Income Continuous Operations": -46340823.0,
        "Tax Provision": 302667.0,
        "Pretax Income": -46038156.0,
        "Other Income Expense": -5022538.0,
        "Gain On Sale Of Security": -5022538.0,
        "Net Non Operating Interest Income Expense": 1170693.0,
        "Total Other Finance Cost": 25956.0,
        "Interest Income Non Operating": 1196649.0,
        "Operating Income": -42186311.0,
        "Operating Expense": 42186311.0,
        "Research And Development": 30914393.0,
        "Selling General And Administration": 11271918.0,
        "General And Administrative Expense": 11271918.0,
        "Other Gand A": 6242679.0,
        "Salaries And Wages": 5029239.0,
        "Total Revenue": 0.0,
        "Operating Revenue": 0.0
    },
    "2025-06-30": {
        "Tax Effect Of Unusual Items": -1513742.502,
        "Tax Rate For Calcs": 0.258,
        "Normalized EBITDA": -34402846.0,
        "Total Unusual Items": -5867219.0,
        "Total Unusual Items Excluding Goodwill": -5867219.0,
        "Net Income From Continuing Operation Net Minority Interest": -45480686.0,
        "Reconciled Depreciation": 103032.0,
        "EBITDA": -40270065.0,
        "EBIT": -40373097.0,
        "Net Interest Income": 962412.0,
        "Interest Income": 1000543.0,
        "Normalized Income": -41127209.502,
        "Net Income From Continuing And Discontinued Operation": -45480686.0,
        "Total Expenses": 40373097.0,
        "Total Operating Income As Reported": NaN,
        "Diluted Average Shares": 54688182.0,
        "Basic Average Shares": 54688182.0,
        "Diluted EPS": -0.83,
        "Basic EPS": -0.83,
        "Diluted NI Availto Com Stockholders": -45480686.0,
        "Net Income Common Stockholders": -45480686.0,
        "Net Income": -45480686.0,
        "Net Income Including Noncontrolling Interests": -45480686.0,
        "Net Income Continuous Operations": -45480686.0,
        "Tax Provision": 202782.0,
        "Pretax Income": -45277904.0,
        "Other Income Expense": -5867219.0,
        "Gain On Sale Of Security": -5867219.0,
        "Net Non Operating Interest Income Expense": 962412.0,
        "Total Other Finance Cost": 38131.0,
        "Interest Income Non Operating": 1000543.0,
        "Operating Income": -40373097.0,
        "Operating Expense": 40373097.0,
        "Research And Development": 29607908.0,
        "Selling General And Administration": 10765189.0,
        "General And Administrative Expense": 10765189.0,
        "Other Gand A": 4989570.0,
        "Salaries And Wages": 5775619.0,
        "Total Revenue": 0.0,
        "Operating Revenue": 0.0
    },
    "2025-09-30": {
        "Tax Effect Of Unusual Items": 1189.632415,
        "Tax Rate For Calcs": 0.004863,
        "Normalized EBITDA": -39803991.0,
        "Total Unusual Items": 244644.0,
        "Total Unusual Items Excluding Goodwill": 244644.0,
        "Net Income From Continuing Operation Net Minority Interest": -37137035.0,
        "Reconciled Depreciation": 105152.0,
        "EBITDA": -39559347.0,
        "EBIT": -39664499.0,
        "Net Interest Income": 2101351.0,
        "Interest Income": 2151385.0,
        "Normalized Income": -37380489.367585,
        "Net Income From Continuing And Discontinued Operation": -37137035.0,
        "Total Expenses": 39664499.0,
        "Total Operating Income As Reported": NaN,
        "Diluted Average Shares": 62255988.0,
        "Basic Average Shares": 62255988.0,
        "Diluted EPS": -0.6,
        "Basic EPS": -0.6,
        "Diluted NI Availto Com Stockholders": -37137035.0,
        "Net Income Common Stockholders": -37137035.0,
        "Net Income": -37137035.0,
        "Net Income Including Noncontrolling Interests": -37137035.0,
        "Net Income Continuous Operations": -37137035.0,
        "Tax Provision": -181469.0,
        "Pretax Income": -37318504.0,
        "Other Income Expense": 244644.0,
        "Gain On Sale Of Security": 244644.0,
        "Net Non Operating Interest Income Expense": 2101351.0,
        "Total Other Finance Cost": 50034.0,
        "Interest Income Non Operating": 2151385.0,
        "Operating Income": -39664499.0,
        "Operating Expense": 39664499.0,
        "Research And Development": 29814908.0,
        "Selling General And Administration": 9849591.0,
        "General And Administrative Expense": 9849591.0,
        "Other Gand A": 4504517.0,
        "Salaries And Wages": 5345074.0,
        "Total Revenue": 0.0,
        "Operating Revenue": 0.0
    }
}