{
    "2023-06-30": {
        "Tax Effect Of Unusual Items": NaN,
        "Tax Rate For Calcs": NaN,
        "Normalized EBITDA": NaN,
        "Total Unusual Items": 0.0,
        "Total Unusual Items Excluding Goodwill": 0.0,
        "Net Income From Continuing Operation Net Minority Interest": NaN,
        "Reconciled Depreciation": NaN,
        "Reconciled Cost Of Revenue": NaN,
        "EBITDA": NaN,
        "EBIT": NaN,
        "Net Interest Income": NaN,
        "Interest Expense": NaN,
        "Normalized Income": NaN,
        "Net Income From Continuing And Discontinued Operation": NaN,
        "Total Expenses": NaN,
        "Total Operating Income As Reported": NaN,
        "Diluted Average Shares": NaN,
        "Basic Average Shares": NaN,
        "Diluted EPS": NaN,
        "Basic EPS": NaN,
        "Diluted NI Availto Com Stockholders": NaN,
        "Net Income Common Stockholders": NaN,
        "Otherunder Preferred Stock Dividend": NaN,
        "Net Income": NaN,
        "Net Income Including Noncontrolling Interests": NaN,
        "Net Income Continuous Operations": NaN,
        "Tax Provision": NaN,
        "Pretax Income": NaN,
        "Other Income Expense": NaN,
        "Other Non Operating Income Expenses": NaN,
        "Special Income Charges": 0.0,
        "Other Special Charges": NaN,
        "Restructuring And Mergern Acquisition": 0.0,
        "Net Non Operating Interest Income Expense": NaN,
        "Total Other Finance Cost": NaN,
        "Interest Expense Non Operating": NaN,
        "Operating Income": NaN,
        "Operating Expense": NaN,
        "Depreciation Amortization Depletion Income Statement": NaN,
        "Depreciation And Amortization In Income Statement": NaN,
        "Amortization": NaN,
        "Amortization Of Intangibles Income Statement": NaN,
        "Research And Development": NaN,
        "Selling General And Administration": NaN,
        "Selling And Marketing Expense": NaN,
        "General And Administrative Expense": NaN,
        "Other Gand A": NaN,
        "Gross Profit": NaN,
        "Cost Of Revenue": NaN,
        "Total Revenue": NaN,
        "Operating Revenue": NaN
    },
    "2023-03-31": {
        "Tax Effect Of Unusual Items": NaN,
        "Tax Rate For Calcs": NaN,
        "Normalized EBITDA": NaN,
        "Total Unusual Items": 0.0,
        "Total Unusual Items Excluding Goodwill": 0.0,
        "Net Income From Continuing Operation Net Minority Interest": NaN,
        "Reconciled Depreciation": NaN,
        "Reconciled Cost Of Revenue": NaN,
        "EBITDA": NaN,
        "EBIT": NaN,
        "Net Interest Income": NaN,
        "Interest Expense": NaN,
        "Normalized Income": NaN,
        "Net Income From Continuing And Discontinued Operation": NaN,
        "Total Expenses": NaN,
        "Total Operating Income As Reported": NaN,
        "Diluted Average Shares": NaN,
        "Basic Average Shares": NaN,
        "Diluted EPS": NaN,
        "Basic EPS": NaN,
        "Diluted NI Availto Com Stockholders": NaN,
        "Net Income Common Stockholders": NaN,
        "Otherunder Preferred Stock Dividend": NaN,
        "Net Income": NaN,
        "Net Income Including Noncontrolling Interests": NaN,
        "Net Income Continuous Operations": NaN,
        "Tax Provision": NaN,
        "Pretax Income": NaN,
        "Other Income Expense": NaN,
        "Other Non Operating Income Expenses": NaN,
        "Special Income Charges": 0.0,
        "Other Special Charges": NaN,
        "Restructuring And Mergern Acquisition": 0.0,
        "Net Non Operating Interest Income Expense": NaN,
        "Total Other Finance Cost": NaN,
        "Interest Expense Non Operating": NaN,
        "Operating Income": NaN,
        "Operating Expense": NaN,
        "Depreciation Amortization Depletion Income Statement": NaN,
        "Depreciation And Amortization In Income Statement": NaN,
        "Amortization": NaN,
        "Amortization Of Intangibles Income Statement": NaN,
        "Research And Development": NaN,
        "Selling General And Administration": NaN,
        "Selling And Marketing Expense": NaN,
        "General And Administrative Expense": NaN,
        "Other Gand A": NaN,
        "Gross Profit": NaN,
        "Cost Of Revenue": NaN,
        "Total Revenue": NaN,
        "Operating Revenue": NaN
    },
    "2022-12-31": {
        "Tax Effect Of Unusual Items": NaN,
        "Tax Rate For Calcs": NaN,
        "Normalized EBITDA": NaN,
        "Total Unusual Items": 102000.0,
        "Total Unusual Items Excluding Goodwill": 102000.0,
        "Net Income From Continuing Operation Net Minority Interest": NaN,
        "Reconciled Depreciation": NaN,
        "Reconciled Cost Of Revenue": NaN,
        "EBITDA": NaN,
        "EBIT": NaN,
        "Net Interest Income": NaN,
        "Interest Expense": NaN,
        "Normalized Income": NaN,
        "Net Income From Continuing And Discontinued Operation": NaN,
        "Total Expenses": NaN,
        "Total Operating Income As Reported": NaN,
        "Diluted Average Shares": NaN,
        "Basic Average Shares": NaN,
        "Diluted EPS": NaN,
        "Basic EPS": NaN,
        "Diluted NI Availto Com Stockholders": NaN,
        "Net Income Common Stockholders": NaN,
        "Otherunder Preferred Stock Dividend": NaN,
        "Net Income": NaN,
        "Net Income Including Noncontrolling Interests": NaN,
        "Net Income Continuous Operations": NaN,
        "Tax Provision": NaN,
        "Pretax Income": NaN,
        "Other Income Expense": NaN,
        "Other Non Operating Income Expenses": NaN,
        "Special Income Charges": 102000.0,
        "Other Special Charges": NaN,
        "Restructuring And Mergern Acquisition": -102000.0,
        "Net Non Operating Interest Income Expense": NaN,
        "Total Other Finance Cost": NaN,
        "Interest Expense Non Operating": NaN,
        "Operating Income": NaN,
        "Operating Expense": NaN,
        "Depreciation Amortization Depletion Income Statement": NaN,
        "Depreciation And Amortization In Income Statement": NaN,
        "Amortization": NaN,
        "Amortization Of Intangibles Income Statement": NaN,
        "Research And Development": NaN,
        "Selling General And Administration": NaN,
        "Selling And Marketing Expense": NaN,
        "General And Administrative Expense": NaN,
        "Other Gand A": NaN,
        "Gross Profit": NaN,
        "Cost Of Revenue": NaN,
        "Total Revenue": NaN,
        "Operating Revenue": NaN
    },
    "2022-09-30": {
        "Tax Effect Of Unusual Items": NaN,
        "Tax Rate For Calcs": NaN,
        "Normalized EBITDA": NaN,
        "Total Unusual Items": 0.0,
        "Total Unusual Items Excluding Goodwill": 0.0,
        "Net Income From Continuing Operation Net Minority Interest": NaN,
        "Reconciled Depreciation": NaN,
        "Reconciled Cost Of Revenue": NaN,
        "EBITDA": NaN,
        "EBIT": NaN,
        "Net Interest Income": NaN,
        "Interest Expense": NaN,
        "Normalized Income": NaN,
        "Net Income From Continuing And Discontinued Operation": NaN,
        "Total Expenses": NaN,
        "Total Operating Income As Reported": NaN,
        "Diluted Average Shares": NaN,
        "Basic Average Shares": NaN,
        "Diluted EPS": NaN,
        "Basic EPS": NaN,
        "Diluted NI Availto Com Stockholders": NaN,
        "Net Income Common Stockholders": NaN,
        "Otherunder Preferred Stock Dividend": NaN,
        "Net Income": NaN,
        "Net Income Including Noncontrolling Interests": NaN,
        "Net Income Continuous Operations": NaN,
        "Tax Provision": NaN,
        "Pretax Income": NaN,
        "Other Income Expense": NaN,
        "Other Non Operating Income Expenses": NaN,
        "Special Income Charges": 0.0,
        "Other Special Charges": NaN,
        "Restructuring And Mergern Acquisition": 0.0,
        "Net Non Operating Interest Income Expense": NaN,
        "Total Other Finance Cost": NaN,
        "Interest Expense Non Operating": NaN,
        "Operating Income": NaN,
        "Operating Expense": NaN,
        "Depreciation Amortization Depletion Income Statement": NaN,
        "Depreciation And Amortization In Income Statement": NaN,
        "Amortization": NaN,
        "Amortization Of Intangibles Income Statement": NaN,
        "Research And Development": NaN,
        "Selling General And Administration": NaN,
        "Selling And Marketing Expense": NaN,
        "General And Administrative Expense": NaN,
        "Other Gand A": NaN,
        "Gross Profit": NaN,
        "Cost Of Revenue": NaN,
        "Total Revenue": NaN,
        "Operating Revenue": NaN
    },
    "2022-06-30": {
        "Tax Effect Of Unusual Items": 0.0,
        "Tax Rate For Calcs": 0.00052,
        "Normalized EBITDA": -9217000.0,
        "Total Unusual Items": 0.0,
        "Total Unusual Items Excluding Goodwill": 0.0,
        "Net Income From Continuing Operation Net Minority Interest": -11523000.0,
        "Reconciled Depreciation": 1465000.0,
        "Reconciled Cost Of Revenue": 28294000.0,
        "EBITDA": -9217000.0,
        "EBIT": -10682000.0,
        "Net Interest Income": -1250000.0,
        "Interest Expense": 847000.0,
        "Normalized Income": -11523000.0,
        "Net Income From Continuing And Discontinued Operation": -11523000.0,
        "Total Expenses": 68272000.0,
        "Total Operating Income As Reported": -8476000.0,
        "Diluted Average Shares": 25429000.0,
        "Basic Average Shares": 25429000.0,
        "Diluted EPS": -0.45,
        "Basic EPS": -0.45,
        "Diluted NI Availto Com Stockholders": -11523000.0,
        "Net Income Common Stockholders": -11523000.0,
        "Net Income": -11523000.0,
        "Net Income Including Noncontrolling Interests": -11523000.0,
        "Net Income Continuous Operations": -11523000.0,
        "Tax Provision": -6000.0,
        "Pretax Income": -11529000.0,
        "Other Income Expense": -1803000.0,
        "Other Non Operating Income Expenses": -1803000.0,
        "Special Income Charges": 0.0,
        "Restructuring And Mergern Acquisition": 0.0,
        "Net Non Operating Interest Income Expense": -1250000.0,
        "Total Other Finance Cost": 403000.0,
        "Interest Expense Non Operating": 847000.0,
        "Operating Income": -8476000.0,
        "Operating Expense": 39978000.0,
        "Depreciation Amortization Depletion Income Statement": NaN,
        "Depreciation And Amortization In Income Statement": NaN,
        "Amortization": NaN,
        "Amortization Of Intangibles Income Statement": NaN,
        "Research And Development": 18369000.0,
        "Selling General And Administration": 21609000.0,
        "Selling And Marketing Expense": 9614000.0,
        "General And Administrative Expense": 11995000.0,
        "Other Gand A": 11995000.0,
        "Gross Profit": 31502000.0,
        "Cost Of Revenue": 28294000.0,
        "Total Revenue": 59796000.0,
        "Operating Revenue": 59796000.0
    },
    "2023-09-30": {
        "Tax Effect Of Unusual Items": NaN,
        "Tax Rate For Calcs": NaN,
        "Normalized EBITDA": NaN,
        "Total Unusual Items": 0.0,
        "Total Unusual Items Excluding Goodwill": 0.0,
        "Net Income From Continuing Operation Net Minority Interest": NaN,
        "Reconciled Depreciation": NaN,
        "Reconciled Cost Of Revenue": NaN,
        "EBITDA": NaN,
        "EBIT": NaN,
        "Net Interest Income": NaN,
        "Interest Expense": NaN,
        "Normalized Income": NaN,
        "Net Income From Continuing And Discontinued Operation": NaN,
        "Total Expenses": NaN,
        "Total Operating Income As Reported": NaN,
        "Diluted Average Shares": 26920000.0,
        "Basic Average Shares": 26920000.0,
        "Diluted EPS": -0.59,
        "Basic EPS": -0.59,
        "Diluted NI Availto Com Stockholders": NaN,
        "Net Income Common Stockholders": NaN,
        "Otherunder Preferred Stock Dividend": NaN,
        "Net Income": NaN,
        "Net Income Including Noncontrolling Interests": NaN,
        "Net Income Continuous Operations": NaN,
        "Tax Provision": NaN,
        "Pretax Income": NaN,
        "Other Income Expense": NaN,
        "Other Non Operating Income Expenses": NaN,
        "Special Income Charges": 0.0,
        "Other Special Charges": NaN,
        "Restructuring And Mergern Acquisition": 0.0,
        "Net Non Operating Interest Income Expense": NaN,
        "Total Other Finance Cost": NaN,
        "Interest Expense Non Operating": NaN,
        "Operating Income": NaN,
        "Operating Expense": NaN,
        "Depreciation Amortization Depletion Income Statement": NaN,
        "Depreciation And Amortization In Income Statement": NaN,
        "Amortization": NaN,
        "Amortization Of Intangibles Income Statement": NaN,
        "Research And Development": NaN,
        "Selling General And Administration": NaN,
        "Selling And Marketing Expense": NaN,
        "General And Administrative Expense": NaN,
        "Other Gand A": NaN,
        "Gross Profit": NaN,
        "Cost Of Revenue": NaN,
        "Total Revenue": NaN,
        "Operating Revenue": NaN
    },
    "2023-12-31": {
        "Tax Effect Of Unusual Items": 0.0,
        "Tax Rate For Calcs": 0.21,
        "Normalized EBITDA": -10331000.0,
        "Total Unusual Items": NaN,
        "Total Unusual Items Excluding Goodwill": NaN,
        "Net Income From Continuing Operation Net Minority Interest": -15180000.0,
        "Reconciled Depreciation": 3890000.0,
        "Reconciled Cost Of Revenue": 34289000.0,
        "EBITDA": -10331000.0,
        "EBIT": -14221000.0,
        "Net Interest Income": -1215000.0,
        "Interest Expense": 809000.0,
        "Normalized Income": -15180000.0,
        "Net Income From Continuing And Discontinued Operation": -15180000.0,
        "Total Expenses": 85490000.0,
        "Total Operating Income As Reported": -14839000.0,
        "Diluted Average Shares": 27089000.0,
        "Basic Average Shares": 27089000.0,
        "Diluted EPS": -0.56,
        "Basic EPS": -0.56,
        "Diluted NI Availto Com Stockholders": -15180000.0,
        "Net Income Common Stockholders": -15180000.0,
        "Otherunder Preferred Stock Dividend": NaN,
        "Net Income": -15180000.0,
        "Net Income Including Noncontrolling Interests": -15180000.0,
        "Net Income Continuous Operations": -15180000.0,
        "Tax Provision": 150000.0,
        "Pretax Income": -15030000.0,
        "Other Income Expense": 1024000.0,
        "Other Non Operating Income Expenses": 1024000.0,
        "Special Income Charges": NaN,
        "Other Special Charges": NaN,
        "Restructuring And Mergern Acquisition": NaN,
        "Net Non Operating Interest Income Expense": -1215000.0,
        "Total Other Finance Cost": 406000.0,
        "Interest Expense Non Operating": 809000.0,
        "Operating Income": -14839000.0,
        "Operating Expense": 48709000.0,
        "Depreciation Amortization Depletion Income Statement": 1398000.0,
        "Depreciation And Amortization In Income Statement": 1398000.0,
        "Amortization": 1398000.0,
        "Amortization Of Intangibles Income Statement": 1398000.0,
        "Research And Development": 21136000.0,
        "Selling General And Administration": 26175000.0,
        "Selling And Marketing Expense": 10445000.0,
        "General And Administrative Expense": 15730000.0,
        "Other Gand A": 15730000.0,
        "Gross Profit": 33870000.0,
        "Cost Of Revenue": 36781000.0,
        "Total Revenue": 70651000.0,
        "Operating Revenue": 70651000.0
    },
    "2024-03-31": {
        "Tax Effect Of Unusual Items": NaN,
        "Tax Rate For Calcs": NaN,
        "Normalized EBITDA": NaN,
        "Total Unusual Items": NaN,
        "Total Unusual Items Excluding Goodwill": NaN,
        "Net Income From Continuing Operation Net Minority Interest": NaN,
        "Reconciled Depreciation": NaN,
        "Reconciled Cost Of Revenue": NaN,
        "EBITDA": NaN,
        "EBIT": NaN,
        "Net Interest Income": NaN,
        "Interest Expense": NaN,
        "Normalized Income": NaN,
        "Net Income From Continuing And Discontinued Operation": NaN,
        "Total Expenses": NaN,
        "Total Operating Income As Reported": NaN,
        "Diluted Average Shares": NaN,
        "Basic Average Shares": NaN,
        "Diluted EPS": NaN,
        "Basic EPS": NaN,
        "Diluted NI Availto Com Stockholders": NaN,
        "Net Income Common Stockholders": NaN,
        "Otherunder Preferred Stock Dividend": -1216000.0,
        "Net Income": NaN,
        "Net Income Including Noncontrolling Interests": NaN,
        "Net Income Continuous Operations": NaN,
        "Tax Provision": NaN,
        "Pretax Income": NaN,
        "Other Income Expense": NaN,
        "Other Non Operating Income Expenses": NaN,
        "Special Income Charges": NaN,
        "Other Special Charges": -45000000.0,
        "Restructuring And Mergern Acquisition": NaN,
        "Net Non Operating Interest Income Expense": NaN,
        "Total Other Finance Cost": NaN,
        "Interest Expense Non Operating": NaN,
        "Operating Income": NaN,
        "Operating Expense": NaN,
        "Depreciation Amortization Depletion Income Statement": NaN,
        "Depreciation And Amortization In Income Statement": NaN,
        "Amortization": NaN,
        "Amortization Of Intangibles Income Statement": NaN,
        "Research And Development": NaN,
        "Selling General And Administration": NaN,
        "Selling And Marketing Expense": NaN,
        "General And Administrative Expense": NaN,
        "Other Gand A": NaN,
        "Gross Profit": NaN,
        "Cost Of Revenue": NaN,
        "Total Revenue": NaN,
        "Operating Revenue": NaN
    },
    "2024-06-30": {
        "Tax Effect Of Unusual Items": 0.0,
        "Tax Rate For Calcs": 0.21,
        "Normalized EBITDA": 13758000.0,
        "Total Unusual Items": 0.0,
        "Total Unusual Items Excluding Goodwill": 0.0,
        "Net Income From Continuing Operation Net Minority Interest": 9963000.0,
        "Reconciled Depreciation": 2999000.0,
        "Reconciled Cost Of Revenue": 42476000.0,
        "EBITDA": 13758000.0,
        "EBIT": 10759000.0,
        "Net Interest Income": -1217000.0,
        "Interest Expense": 808000.0,
        "Normalized Income": 9963000.0,
        "Net Income From Continuing And Discontinued Operation": 9963000.0,
        "Total Expenses": 93449000.0,
        "Total Operating Income As Reported": 9046000.0,
        "Diluted Average Shares": 29422000.0,
        "Basic Average Shares": 27889000.0,
        "Diluted EPS": 0.34,
        "Basic EPS": 0.36,
        "Diluted NI Availto Com Stockholders": 9963000.0,
        "Net Income Common Stockholders": 9963000.0,
        "Otherunder Preferred Stock Dividend": NaN,
        "Net Income": 9963000.0,
        "Net Income Including Noncontrolling Interests": 9963000.0,
        "Net Income Continuous Operations": 9963000.0,
        "Tax Provision": -12000.0,
        "Pretax Income": 9951000.0,
        "Other Income Expense": 2122000.0,
        "Other Non Operating Income Expenses": 2122000.0,
        "Special Income Charges": 0.0,
        "Other Special Charges": NaN,
        "Restructuring And Mergern Acquisition": 0.0,
        "Net Non Operating Interest Income Expense": -1217000.0,
        "Total Other Finance Cost": 409000.0,
        "Interest Expense Non Operating": 808000.0,
        "Operating Income": 9046000.0,
        "Operating Expense": 48470000.0,
        "Depreciation Amortization Depletion Income Statement": 496000.0,
        "Depreciation And Amortization In Income Statement": 496000.0,
        "Amortization": 496000.0,
        "Amortization Of Intangibles Income Statement": 496000.0,
        "Research And Development": 24924000.0,
        "Selling General And Administration": 23050000.0,
        "Selling And Marketing Expense": 9827000.0,
        "General And Administrative Expense": 13223000.0,
        "Other Gand A": 13223000.0,
        "Gross Profit": 57516000.0,
        "Cost Of Revenue": 44979000.0,
        "Total Revenue": 102495000.0,
        "Operating Revenue": 102495000.0
    },
    "2024-09-30": {
        "Tax Effect Of Unusual Items": 0.0,
        "Tax Rate For Calcs": 0.21,
        "Normalized EBITDA": 4484000.0,
        "Total Unusual Items": 0.0,
        "Total Unusual Items Excluding Goodwill": 0.0,
        "Net Income From Continuing Operation Net Minority Interest": 221000.0,
        "Reconciled Depreciation": 3247000.0,
        "Reconciled Cost Of Revenue": 44888000.0,
        "EBITDA": 4484000.0,
        "EBIT": 1237000.0,
        "Net Interest Income": -1219000.0,
        "Interest Expense": 809000.0,
        "Normalized Income": 221000.0,
        "Net Income From Continuing And Discontinued Operation": 221000.0,
        "Total Expenses": 95967000.0,
        "Total Operating Income As Reported": -769000.0,
        "Diluted Average Shares": 29727000.0,
        "Basic Average Shares": 28168000.0,
        "Diluted EPS": 0.01,
        "Basic EPS": 0.01,
        "Diluted NI Availto Com Stockholders": 221000.0,
        "Net Income Common Stockholders": 221000.0,
        "Otherunder Preferred Stock Dividend": NaN,
        "Net Income": 221000.0,
        "Net Income Including Noncontrolling Interests": 221000.0,
        "Net Income Continuous Operations": 221000.0,
        "Tax Provision": 207000.0,
        "Pretax Income": 428000.0,
        "Other Income Expense": 2416000.0,
        "Other Non Operating Income Expenses": 2416000.0,
        "Special Income Charges": 0.0,
        "Other Special Charges": NaN,
        "Restructuring And Mergern Acquisition": 0.0,
        "Net Non Operating Interest Income Expense": -1219000.0,
        "Total Other Finance Cost": 410000.0,
        "Interest Expense Non Operating": 809000.0,
        "Operating Income": -769000.0,
        "Operating Expense": 48338000.0,
        "Depreciation Amortization Depletion Income Statement": 506000.0,
        "Depreciation And Amortization In Income Statement": 506000.0,
        "Amortization": 506000.0,
        "Amortization Of Intangibles Income Statement": 506000.0,
        "Research And Development": 25492000.0,
        "Selling General And Administration": 22340000.0,
        "Selling And Marketing Expense": 9888000.0,
        "General And Administrative Expense": 12452000.0,
        "Other Gand A": 12452000.0,
        "Gross Profit": 47569000.0,
        "Cost Of Revenue": 47629000.0,
        "Total Revenue": 95198000.0,
        "Operating Revenue": 95198000.0
    },
    "2024-12-31": {
        "Tax Effect Of Unusual Items": 0.0,
        "Tax Rate For Calcs": 0.013568,
        "Normalized EBITDA": 1514000.0,
        "Total Unusual Items": 0.0,
        "Total Unusual Items Excluding Goodwill": 0.0,
        "Net Income From Continuing Operation Net Minority Interest": -2690000.0,
        "Reconciled Depreciation": 3433000.0,
        "Reconciled Cost Of Revenue": 42405000.0,
        "EBITDA": 1514000.0,
        "EBIT": -1919000.0,
        "Net Interest Income": -1221000.0,
        "Interest Expense": 808000.0,
        "Normalized Income": -2690000.0,
        "Net Income From Continuing And Discontinued Operation": -2690000.0,
        "Total Expenses": 95182000.0,
        "Total Operating Income As Reported": -3613000.0,
        "Diluted Average Shares": 28398000.0,
        "Basic Average Shares": 28398000.0,
        "Diluted EPS": -0.09,
        "Basic EPS": -0.09,
        "Diluted NI Availto Com Stockholders": -2690000.0,
        "Net Income Common Stockholders": -2690000.0,
        "Otherunder Preferred Stock Dividend": NaN,
        "Net Income": -2690000.0,
        "Net Income Including Noncontrolling Interests": -2690000.0,
        "Net Income Continuous Operations": -2690000.0,
        "Tax Provision": -37000.0,
        "Pretax Income": -2727000.0,
        "Other Income Expense": 2107000.0,
        "Other Non Operating Income Expenses": 2107000.0,
        "Special Income Charges": 0.0,
        "Other Special Charges": 0.0,
        "Restructuring And Mergern Acquisition": 0.0,
        "Net Non Operating Interest Income Expense": -1221000.0,
        "Total Other Finance Cost": 413000.0,
        "Interest Expense Non Operating": 808000.0,
        "Operating Income": -3613000.0,
        "Operating Expense": 49835000.0,
        "Depreciation Amortization Depletion Income Statement": 491000.0,
        "Depreciation And Amortization In Income Statement": 491000.0,
        "Amortization": 491000.0,
        "Amortization Of Intangibles Income Statement": 491000.0,
        "Research And Development": 25894000.0,
        "Selling General And Administration": 23450000.0,
        "Selling And Marketing Expense": 10688000.0,
        "General And Administrative Expense": 12762000.0,
        "Other Gand A": 12762000.0,
        "Gross Profit": 46222000.0,
        "Cost Of Revenue": 45347000.0,
        "Total Revenue": 91569000.0,
        "Operating Revenue": 91569000.0
    },
    "2025-03-31": {
        "Tax Effect Of Unusual Items": 0.0,
        "Tax Rate For Calcs": 0.03218,
        "Normalized EBITDA": -4402000.0,
        "Total Unusual Items": 0.0,
        "Total Unusual Items Excluding Goodwill": 0.0,
        "Net Income From Continuing Operation Net Minority Interest": -8451000.0,
        "Reconciled Depreciation": 3521000.0,
        "Reconciled Cost Of Revenue": 34560000.0,
        "EBITDA": -4402000.0,
        "EBIT": -7923000.0,
        "Net Interest Income": -1223000.0,
        "Interest Expense": 809000.0,
        "Normalized Income": -8451000.0,
        "Net Income From Continuing And Discontinued Operation": -8451000.0,
        "Total Expenses": 83846000.0,
        "Total Operating Income As Reported": -9569000.0,
        "Diluted Average Shares": 28639000.0,
        "Basic Average Shares": 28639000.0,
        "Diluted EPS": -0.3,
        "Basic EPS": -0.3,
        "Diluted NI Availto Com Stockholders": -8451000.0,
        "Net Income Common Stockholders": -8451000.0,
        "Otherunder Preferred Stock Dividend": 0.0,
        "Net Income": -8451000.0,
        "Net Income Including Noncontrolling Interests": -8451000.0,
        "Net Income Continuous Operations": -8451000.0,
        "Tax Provision": -281000.0,
        "Pretax Income": -8732000.0,
        "Other Income Expense": 2060000.0,
        "Other Non Operating Income Expenses": 2060000.0,
        "Special Income Charges": 0.0,
        "Other Special Charges": NaN,
        "Restructuring And Mergern Acquisition": 0.0,
        "Net Non Operating Interest Income Expense": -1223000.0,
        "Total Other Finance Cost": 414000.0,
        "Interest Expense Non Operating": 809000.0,
        "Operating Income": -9569000.0,
        "Operating Expense": 46250000.0,
        "Depreciation Amortization Depletion Income Statement": 485000.0,
        "Depreciation And Amortization In Income Statement": 485000.0,
        "Amortization": 485000.0,
        "Amortization Of Intangibles Income Statement": 485000.0,
        "Research And Development": 25314000.0,
        "Selling General And Administration": 20451000.0,
        "Selling And Marketing Expense": 8055000.0,
        "General And Administrative Expense": 12396000.0,
        "Other Gand A": 12396000.0,
        "Gross Profit": 36681000.0,
        "Cost Of Revenue": 37596000.0,
        "Total Revenue": 74277000.0,
        "Operating Revenue": 74277000.0
    },
    "2025-06-30": {
        "Tax Effect Of Unusual Items": 0.0,
        "Tax Rate For Calcs": 0.012733,
        "Normalized EBITDA": 16220000.0,
        "Total Unusual Items": 0.0,
        "Total Unusual Items Excluding Goodwill": 0.0,
        "Net Income From Continuing Operation Net Minority Interest": 11553000.0,
        "Reconciled Depreciation": 3709000.0,
        "Reconciled Cost Of Revenue": 38093000.0,
        "EBITDA": 16220000.0,
        "EBIT": 12511000.0,
        "Net Interest Income": -1225000.0,
        "Interest Expense": 809000.0,
        "Normalized Income": 11553000.0,
        "Net Income From Continuing And Discontinued Operation": 11553000.0,
        "Total Expenses": 87020000.0,
        "Total Operating Income As Reported": 10874000.0,
        "Diluted Average Shares": 29655000.0,
        "Basic Average Shares": 29008000.0,
        "Diluted EPS": 0.39,
        "Basic EPS": 0.4,
        "Diluted NI Availto Com Stockholders": 11553000.0,
        "Net Income Common Stockholders": 11553000.0,
        "Otherunder Preferred Stock Dividend": NaN,
        "Net Income": 11553000.0,
        "Net Income Including Noncontrolling Interests": 11553000.0,
        "Net Income Continuous Operations": 11553000.0,
        "Tax Provision": 149000.0,
        "Pretax Income": 11702000.0,
        "Other Income Expense": 2053000.0,
        "Other Non Operating Income Expenses": 2053000.0,
        "Special Income Charges": 0.0,
        "Other Special Charges": NaN,
        "Restructuring And Mergern Acquisition": 0.0,
        "Net Non Operating Interest Income Expense": -1225000.0,
        "Total Other Finance Cost": 416000.0,
        "Interest Expense Non Operating": 809000.0,
        "Operating Income": 10874000.0,
        "Operating Expense": 45739000.0,
        "Depreciation Amortization Depletion Income Statement": 521000.0,
        "Depreciation And Amortization In Income Statement": 521000.0,
        "Amortization": 521000.0,
        "Amortization Of Intangibles Income Statement": 521000.0,
        "Research And Development": 24652000.0,
        "Selling General And Administration": 20566000.0,
        "Selling And Marketing Expense": 8738000.0,
        "General And Administrative Expense": 11828000.0,
        "Other Gand A": 11828000.0,
        "Gross Profit": 56613000.0,
        "Cost Of Revenue": 41281000.0,
        "Total Revenue": 97894000.0,
        "Operating Revenue": 97894000.0
    }
}