{
    "2023-03-31": {
        "Tax Effect Of Unusual Items": NaN,
        "Tax Rate For Calcs": NaN,
        "Normalized EBITDA": NaN,
        "Net Income From Continuing Operation Net Minority Interest": NaN,
        "Reconciled Depreciation": NaN,
        "Reconciled Cost Of Revenue": NaN,
        "EBITDA": NaN,
        "EBIT": NaN,
        "Net Interest Income": NaN,
        "Interest Expense": NaN,
        "Normalized Income": NaN,
        "Net Income From Continuing And Discontinued Operation": NaN,
        "Total Expenses": NaN,
        "Total Operating Income As Reported": NaN,
        "Diluted Average Shares": 1537639.0,
        "Basic Average Shares": 1537639.0,
        "Diluted EPS": -1.27,
        "Basic EPS": -1.27,
        "Diluted NI Availto Com Stockholders": NaN,
        "Net Income Common Stockholders": NaN,
        "Net Income": NaN,
        "Net Income Including Noncontrolling Interests": NaN,
        "Net Income Continuous Operations": NaN,
        "Pretax Income": NaN,
        "Net Non Operating Interest Income Expense": NaN,
        "Interest Expense Non Operating": NaN,
        "Operating Income": NaN,
        "Operating Expense": NaN,
        "Other Operating Expenses": NaN,
        "Depreciation Amortization Depletion Income Statement": NaN,
        "Depreciation And Amortization In Income Statement": NaN,
        "Selling General And Administration": NaN,
        "General And Administrative Expense": NaN,
        "Other Gand A": NaN,
        "Salaries And Wages": NaN,
        "Gross Profit": NaN,
        "Cost Of Revenue": NaN,
        "Total Revenue": NaN,
        "Operating Revenue": NaN
    },
    "2022-12-31": {
        "Tax Effect Of Unusual Items": NaN,
        "Tax Rate For Calcs": NaN,
        "Normalized EBITDA": NaN,
        "Net Income From Continuing Operation Net Minority Interest": NaN,
        "Reconciled Depreciation": NaN,
        "Reconciled Cost Of Revenue": NaN,
        "EBITDA": NaN,
        "EBIT": NaN,
        "Net Interest Income": NaN,
        "Interest Expense": NaN,
        "Normalized Income": NaN,
        "Net Income From Continuing And Discontinued Operation": NaN,
        "Total Expenses": NaN,
        "Total Operating Income As Reported": NaN,
        "Diluted Average Shares": NaN,
        "Basic Average Shares": NaN,
        "Diluted EPS": NaN,
        "Basic EPS": NaN,
        "Diluted NI Availto Com Stockholders": NaN,
        "Net Income Common Stockholders": NaN,
        "Net Income": NaN,
        "Net Income Including Noncontrolling Interests": NaN,
        "Net Income Continuous Operations": NaN,
        "Tax Provision": 0.0,
        "Pretax Income": NaN,
        "Other Income Expense": -1.0,
        "Other Non Operating Income Expenses": -1.0,
        "Net Non Operating Interest Income Expense": NaN,
        "Interest Expense Non Operating": NaN,
        "Operating Income": NaN,
        "Operating Expense": NaN,
        "Other Operating Expenses": NaN,
        "Depreciation Amortization Depletion Income Statement": NaN,
        "Depreciation And Amortization In Income Statement": NaN,
        "Selling General And Administration": NaN,
        "General And Administrative Expense": NaN,
        "Other Gand A": NaN,
        "Salaries And Wages": NaN,
        "Gross Profit": NaN,
        "Cost Of Revenue": NaN,
        "Total Revenue": NaN,
        "Operating Revenue": NaN
    },
    "2022-09-30": {
        "Tax Effect Of Unusual Items": NaN,
        "Tax Rate For Calcs": NaN,
        "Normalized EBITDA": NaN,
        "Net Income From Continuing Operation Net Minority Interest": NaN,
        "Reconciled Depreciation": NaN,
        "Reconciled Cost Of Revenue": NaN,
        "EBITDA": NaN,
        "EBIT": NaN,
        "Net Interest Income": NaN,
        "Interest Expense": NaN,
        "Normalized Income": NaN,
        "Net Income From Continuing And Discontinued Operation": NaN,
        "Total Expenses": NaN,
        "Total Operating Income As Reported": NaN,
        "Diluted Average Shares": NaN,
        "Basic Average Shares": NaN,
        "Diluted EPS": NaN,
        "Basic EPS": NaN,
        "Diluted NI Availto Com Stockholders": NaN,
        "Net Income Common Stockholders": NaN,
        "Net Income": NaN,
        "Net Income Including Noncontrolling Interests": NaN,
        "Net Income Continuous Operations": NaN,
        "Tax Provision": 0.0,
        "Pretax Income": NaN,
        "Other Income Expense": NaN,
        "Other Non Operating Income Expenses": NaN,
        "Net Non Operating Interest Income Expense": NaN,
        "Interest Expense Non Operating": NaN,
        "Operating Income": NaN,
        "Operating Expense": NaN,
        "Other Operating Expenses": NaN,
        "Depreciation Amortization Depletion Income Statement": NaN,
        "Depreciation And Amortization In Income Statement": NaN,
        "Selling General And Administration": NaN,
        "General And Administrative Expense": NaN,
        "Other Gand A": NaN,
        "Salaries And Wages": NaN,
        "Gross Profit": NaN,
        "Cost Of Revenue": NaN,
        "Total Revenue": NaN,
        "Operating Revenue": NaN
    },
    "2022-06-30": {
        "Tax Effect Of Unusual Items": 0.0,
        "Tax Rate For Calcs": 0.0,
        "Normalized EBITDA": -1557487.0,
        "Net Income From Continuing Operation Net Minority Interest": -1572066.0,
        "Reconciled Depreciation": 6654.0,
        "Reconciled Cost Of Revenue": 1473380.0,
        "EBITDA": -1557487.0,
        "EBIT": -1564141.0,
        "Net Interest Income": -7925.0,
        "Interest Expense": 7925.0,
        "Normalized Income": -1572066.0,
        "Net Income From Continuing And Discontinued Operation": -1572066.0,
        "Total Expenses": 5338809.0,
        "Total Operating Income As Reported": -1564141.0,
        "Diluted Average Shares": 7636493.0,
        "Basic Average Shares": 7636493.0,
        "Diluted EPS": -0.21,
        "Basic EPS": -0.21,
        "Diluted NI Availto Com Stockholders": -1572066.0,
        "Net Income Common Stockholders": -1572066.0,
        "Net Income": -1572066.0,
        "Net Income Including Noncontrolling Interests": -1572066.0,
        "Net Income Continuous Operations": -1572066.0,
        "Tax Provision": 0.0,
        "Pretax Income": -1572066.0,
        "Other Income Expense": NaN,
        "Other Non Operating Income Expenses": NaN,
        "Net Non Operating Interest Income Expense": -7925.0,
        "Interest Expense Non Operating": 7925.0,
        "Operating Income": -1564141.0,
        "Operating Expense": 3865429.0,
        "Other Operating Expenses": NaN,
        "Depreciation Amortization Depletion Income Statement": 6654.0,
        "Depreciation And Amortization In Income Statement": 6654.0,
        "Selling General And Administration": 3858775.0,
        "General And Administrative Expense": 3858775.0,
        "Other Gand A": 2512031.0,
        "Salaries And Wages": 1346744.0,
        "Gross Profit": 2301288.0,
        "Cost Of Revenue": 1473380.0,
        "Total Revenue": 3774668.0,
        "Operating Revenue": 3774668.0
    },
    "2022-03-31": {
        "Diluted EPS": -0.24,
        "Total Revenue": 4,
        "Gross Profit": 3,
        "Operating Income": -2,
        "EBIT": -2,
        "Net Income": -2
    },
    "2021-12-31": {
        "Diluted EPS": -0.27,
        "Total Revenue": 5,
        "Gross Profit": 3,
        "Operating Income": -2,
        "EBIT": -2,
        "Net Income": -2
    },
    "2021-09-30": {
        "Diluted EPS": -0.22,
        "Total Revenue": 6,
        "Gross Profit": 3,
        "Operating Income": -1,
        "EBIT": -1,
        "Net Income": -1
    },
    "2021-06-30": {
        "Diluted EPS": -0.26,
        "Total Revenue": 6,
        "Gross Profit": 3,
        "Operating Income": -1,
        "EBIT": -1,
        "Net Income": -1
    },
    "2021-03-31": {
        "Diluted EPS": -0.3,
        "Total Revenue": 5,
        "Gross Profit": 3,
        "Operating Income": -1,
        "EBIT": -1,
        "Net Income": -1
    },
    "2020-12-31": {
        "Diluted EPS": 0.0,
        "Total Revenue": NaN,
        "Gross Profit": NaN,
        "Operating Income": NaN,
        "EBIT": NaN,
        "Net Income": NaN
    },
    "2020-09-30": {
        "Diluted EPS": -0.26,
        "Total Revenue": 5,
        "Gross Profit": 3,
        "Operating Income": -1,
        "EBIT": -1,
        "Net Income": -1
    },
    "2023-06-30": {
        "Tax Effect Of Unusual Items": NaN,
        "Tax Rate For Calcs": NaN,
        "Normalized EBITDA": NaN,
        "Net Income From Continuing Operation Net Minority Interest": NaN,
        "Reconciled Depreciation": NaN,
        "Reconciled Cost Of Revenue": NaN,
        "EBITDA": NaN,
        "EBIT": NaN,
        "Net Interest Income": NaN,
        "Interest Expense": NaN,
        "Normalized Income": NaN,
        "Net Income From Continuing And Discontinued Operation": NaN,
        "Total Expenses": NaN,
        "Total Operating Income As Reported": NaN,
        "Diluted Average Shares": 1546239.0,
        "Basic Average Shares": 1546239.0,
        "Diluted EPS": -1.31,
        "Basic EPS": -1.31,
        "Diluted NI Availto Com Stockholders": NaN,
        "Net Income Common Stockholders": NaN,
        "Net Income": NaN,
        "Net Income Including Noncontrolling Interests": NaN,
        "Net Income Continuous Operations": NaN,
        "Pretax Income": NaN,
        "Other Income Expense": NaN,
        "Other Non Operating Income Expenses": NaN,
        "Net Non Operating Interest Income Expense": NaN,
        "Interest Expense Non Operating": NaN,
        "Operating Income": NaN,
        "Operating Expense": NaN,
        "Other Operating Expenses": NaN,
        "Depreciation Amortization Depletion Income Statement": NaN,
        "Depreciation And Amortization In Income Statement": NaN,
        "Selling General And Administration": NaN,
        "General And Administrative Expense": NaN,
        "Other Gand A": NaN,
        "Salaries And Wages": NaN,
        "Gross Profit": NaN,
        "Cost Of Revenue": NaN,
        "Total Revenue": NaN,
        "Operating Revenue": NaN
    },
    "2023-09-30": {
        "Tax Effect Of Unusual Items": 0.0,
        "Tax Rate For Calcs": 0.0,
        "Normalized EBITDA": -1891331.0,
        "Net Income From Continuing Operation Net Minority Interest": -1925951.0,
        "Reconciled Depreciation": 12503.0,
        "Reconciled Cost Of Revenue": 1317684.0,
        "EBITDA": -1891331.0,
        "EBIT": -1903834.0,
        "Net Interest Income": -22117.0,
        "Interest Expense": 22117.0,
        "Normalized Income": -1925951.0,
        "Net Income From Continuing And Discontinued Operation": -1925951.0,
        "Total Expenses": 5293017.0,
        "Total Operating Income As Reported": -1903834.0,
        "Diluted Average Shares": 1604454.0,
        "Basic Average Shares": 1604454.0,
        "Diluted EPS": -1.2,
        "Basic EPS": -1.2,
        "Diluted NI Availto Com Stockholders": -1925951.0,
        "Net Income Common Stockholders": -1925951.0,
        "Net Income": -1925951.0,
        "Net Income Including Noncontrolling Interests": -1925951.0,
        "Net Income Continuous Operations": -1925951.0,
        "Pretax Income": -1925951.0,
        "Other Income Expense": NaN,
        "Other Non Operating Income Expenses": NaN,
        "Net Non Operating Interest Income Expense": -22117.0,
        "Interest Expense Non Operating": 22117.0,
        "Operating Income": -1903834.0,
        "Operating Expense": 3975333.0,
        "Other Operating Expenses": 1032678.0,
        "Depreciation Amortization Depletion Income Statement": 12503.0,
        "Depreciation And Amortization In Income Statement": 12503.0,
        "Selling General And Administration": 2930152.0,
        "General And Administrative Expense": 2930152.0,
        "Other Gand A": 1939108.0,
        "Salaries And Wages": 991044.0,
        "Gross Profit": 2071499.0,
        "Cost Of Revenue": 1317684.0,
        "Total Revenue": 3389183.0,
        "Operating Revenue": 3389183.0
    },
    "2023-12-31": {
        "Tax Effect Of Unusual Items": 0.0,
        "Tax Rate For Calcs": 0.0,
        "Normalized EBITDA": -4058627.0,
        "Net Income From Continuing Operation Net Minority Interest": -4000094.0,
        "Reconciled Depreciation": 12503.0,
        "Reconciled Cost Of Revenue": 3918985.0,
        "EBITDA": -4058627.0,
        "EBIT": -4071130.0,
        "Net Interest Income": 71036.0,
        "Interest Expense": -71036.0,
        "Normalized Income": -4000094.0,
        "Net Income From Continuing And Discontinued Operation": -4000094.0,
        "Total Expenses": 7444274.0,
        "Total Operating Income As Reported": -4071130.0,
        "Diluted Average Shares": NaN,
        "Basic Average Shares": NaN,
        "Diluted EPS": NaN,
        "Basic EPS": NaN,
        "Diluted NI Availto Com Stockholders": -4000094.0,
        "Net Income Common Stockholders": -4000094.0,
        "Net Income": -4000094.0,
        "Net Income Including Noncontrolling Interests": -4000094.0,
        "Net Income Continuous Operations": -4000094.0,
        "Pretax Income": -4000094.0,
        "Other Income Expense": NaN,
        "Other Non Operating Income Expenses": NaN,
        "Net Non Operating Interest Income Expense": 71036.0,
        "Interest Expense Non Operating": -71036.0,
        "Operating Income": -4071130.0,
        "Operating Expense": 3525289.0,
        "Other Operating Expenses": 1136631.0,
        "Depreciation Amortization Depletion Income Statement": 12503.0,
        "Depreciation And Amortization In Income Statement": 12503.0,
        "Selling General And Administration": 2376155.0,
        "General And Administrative Expense": 2376155.0,
        "Other Gand A": 1597997.0,
        "Salaries And Wages": 778158.0,
        "Gross Profit": -545841.0,
        "Cost Of Revenue": 3918985.0,
        "Total Revenue": 3373144.0,
        "Operating Revenue": 3373144.0
    },
    "2024-03-31": {
        "Tax Effect Of Unusual Items": 0.0,
        "Tax Rate For Calcs": 0.0,
        "Normalized EBITDA": -1725636.0,
        "Net Income From Continuing Operation Net Minority Interest": -1769411.0,
        "Reconciled Depreciation": 12575.0,
        "Reconciled Cost Of Revenue": 673541.0,
        "EBITDA": -1725636.0,
        "EBIT": -1738211.0,
        "Net Interest Income": -31200.0,
        "Interest Expense": 31200.0,
        "Normalized Income": -1769411.0,
        "Net Income From Continuing And Discontinued Operation": -1769411.0,
        "Total Expenses": 3977516.0,
        "Total Operating Income As Reported": -1738211.0,
        "Diluted Average Shares": 1890794.0,
        "Basic Average Shares": 1890794.0,
        "Diluted EPS": -0.94,
        "Basic EPS": -0.94,
        "Diluted NI Availto Com Stockholders": -1769411.0,
        "Net Income Common Stockholders": -1769411.0,
        "Net Income": -1769411.0,
        "Net Income Including Noncontrolling Interests": -1769411.0,
        "Net Income Continuous Operations": -1769411.0,
        "Pretax Income": -1769411.0,
        "Other Income Expense": NaN,
        "Other Non Operating Income Expenses": NaN,
        "Net Non Operating Interest Income Expense": -31200.0,
        "Interest Expense Non Operating": 31200.0,
        "Operating Income": -1738211.0,
        "Operating Expense": 3303975.0,
        "Other Operating Expenses": 781025.0,
        "Depreciation Amortization Depletion Income Statement": 12575.0,
        "Depreciation And Amortization In Income Statement": 12575.0,
        "Selling General And Administration": 2510375.0,
        "General And Administrative Expense": 2510375.0,
        "Other Gand A": 1611816.0,
        "Salaries And Wages": 898559.0,
        "Gross Profit": 1565764.0,
        "Cost Of Revenue": 673541.0,
        "Total Revenue": 2239305.0,
        "Operating Revenue": 2239305.0
    },
    "2024-06-30": {
        "Tax Effect Of Unusual Items": 0.0,
        "Tax Rate For Calcs": 0.0,
        "Normalized EBITDA": -1280767.0,
        "Net Income From Continuing Operation Net Minority Interest": -1301450.0,
        "Reconciled Depreciation": 12066.0,
        "Reconciled Cost Of Revenue": 381577.0,
        "EBITDA": -1280767.0,
        "EBIT": -1292833.0,
        "Net Interest Income": -8617.0,
        "Interest Expense": 8617.0,
        "Normalized Income": -1301450.0,
        "Net Income From Continuing And Discontinued Operation": -1301450.0,
        "Total Expenses": 2421156.0,
        "Total Operating Income As Reported": -1292833.0,
        "Diluted Average Shares": 1951638.0,
        "Basic Average Shares": 1951638.0,
        "Diluted EPS": -0.67,
        "Basic EPS": -0.67,
        "Diluted NI Availto Com Stockholders": -1301450.0,
        "Net Income Common Stockholders": -1301450.0,
        "Net Income": -1301450.0,
        "Net Income Including Noncontrolling Interests": -1301450.0,
        "Net Income Continuous Operations": -1301450.0,
        "Pretax Income": -1301450.0,
        "Other Income Expense": NaN,
        "Other Non Operating Income Expenses": NaN,
        "Net Non Operating Interest Income Expense": -8617.0,
        "Interest Expense Non Operating": 8617.0,
        "Operating Income": -1292833.0,
        "Operating Expense": 2039579.0,
        "Other Operating Expenses": 612048.0,
        "Depreciation Amortization Depletion Income Statement": 12066.0,
        "Depreciation And Amortization In Income Statement": 12066.0,
        "Selling General And Administration": 1415465.0,
        "General And Administrative Expense": 1415465.0,
        "Other Gand A": 902999.0,
        "Salaries And Wages": 512466.0,
        "Gross Profit": 746746.0,
        "Cost Of Revenue": 381577.0,
        "Total Revenue": 1128323.0,
        "Operating Revenue": 1128323.0
    },
    "2024-09-30": {
        "Tax Effect Of Unusual Items": 0.0,
        "Tax Rate For Calcs": 0.0,
        "Normalized EBITDA": -850249.0,
        "Net Income From Continuing Operation Net Minority Interest": -887944.0,
        "Reconciled Depreciation": 11532.0,
        "Reconciled Cost Of Revenue": 327306.0,
        "EBITDA": -850249.0,
        "EBIT": -861781.0,
        "Net Interest Income": -26163.0,
        "Interest Expense": 26163.0,
        "Normalized Income": -887944.0,
        "Net Income From Continuing And Discontinued Operation": -887944.0,
        "Total Expenses": 1862577.0,
        "Total Operating Income As Reported": -819929.0,
        "Diluted Average Shares": 1951638.0,
        "Basic Average Shares": 1951638.0,
        "Diluted EPS": -0.45,
        "Basic EPS": -0.45,
        "Diluted NI Availto Com Stockholders": -887944.0,
        "Net Income Common Stockholders": -887944.0,
        "Net Income": -887944.0,
        "Net Income Including Noncontrolling Interests": -887944.0,
        "Net Income Continuous Operations": -887944.0,
        "Pretax Income": -887944.0,
        "Other Income Expense": -41852.0,
        "Other Non Operating Income Expenses": -41852.0,
        "Net Non Operating Interest Income Expense": -26163.0,
        "Interest Expense Non Operating": 26163.0,
        "Operating Income": -819929.0,
        "Operating Expense": 1535271.0,
        "Other Operating Expenses": 450638.0,
        "Depreciation Amortization Depletion Income Statement": 11532.0,
        "Depreciation And Amortization In Income Statement": 11532.0,
        "Selling General And Administration": 1073101.0,
        "General And Administrative Expense": 1073101.0,
        "Other Gand A": 719107.0,
        "Salaries And Wages": 353994.0,
        "Gross Profit": 715342.0,
        "Cost Of Revenue": 327306.0,
        "Total Revenue": 1042648.0,
        "Operating Revenue": 1042648.0
    }
}