{
    "2023-05-31": {
        "Tax Effect Of Unusual Items": 0.0,
        "Tax Rate For Calcs": 0.0,
        "Normalized EBITDA": -6297000.0,
        "Total Unusual Items": 0.0,
        "Total Unusual Items Excluding Goodwill": 0.0,
        "Net Income From Continuing Operation Net Minority Interest": -6995000.0,
        "Reconciled Depreciation": 148000.0,
        "Reconciled Cost Of Revenue": 3788000.0,
        "EBITDA": -6297000.0,
        "EBIT": -6445000.0,
        "Net Interest Income": -550000.0,
        "Interest Expense": 550000.0,
        "Normalized Income": -6995000.0,
        "Net Income From Continuing And Discontinued Operation": -7455000.0,
        "Total Expenses": 10433000.0,
        "Total Operating Income As Reported": -6445000.0,
        "Diluted Average Shares": 419049.0,
        "Basic Average Shares": 419049.0,
        "Diluted EPS": -17.79,
        "Basic EPS": -17.79,
        "Diluted NI Availto Com Stockholders": -7455000.0,
        "Net Income Common Stockholders": -7455000.0,
        "Otherunder Preferred Stock Dividend": 0.0,
        "Preferred Stock Dividends": NaN,
        "Net Income": -7455000.0,
        "Minority Interests": 0.0,
        "Net Income Including Noncontrolling Interests": -7455000.0,
        "Net Income Discontinuous Operations": -460000.0,
        "Net Income Continuous Operations": -6995000.0,
        "Pretax Income": -6995000.0,
        "Other Income Expense": NaN,
        "Other Non Operating Income Expenses": NaN,
        "Special Income Charges": 0.0,
        "Other Special Charges": NaN,
        "Net Non Operating Interest Income Expense": -550000.0,
        "Interest Expense Non Operating": 550000.0,
        "Operating Income": -6445000.0,
        "Operating Expense": 6645000.0,
        "Depreciation Amortization Depletion Income Statement": 148000.0,
        "Depreciation And Amortization In Income Statement": 148000.0,
        "Research And Development": 50000.0,
        "Selling General And Administration": 6447000.0,
        "General And Administrative Expense": 6447000.0,
        "Other Gand A": 3826000.0,
        "Salaries And Wages": 2621000.0,
        "Gross Profit": 200000.0,
        "Cost Of Revenue": 3788000.0,
        "Total Revenue": 3988000.0,
        "Operating Revenue": 3988000.0
    },
    "2023-02-28": {
        "Tax Effect Of Unusual Items": NaN,
        "Tax Rate For Calcs": NaN,
        "Normalized EBITDA": NaN,
        "Total Unusual Items": 0.0,
        "Total Unusual Items Excluding Goodwill": 0.0,
        "Net Income From Continuing Operation Net Minority Interest": NaN,
        "Reconciled Depreciation": NaN,
        "Reconciled Cost Of Revenue": NaN,
        "EBITDA": NaN,
        "EBIT": NaN,
        "Net Interest Income": -239000.0,
        "Interest Expense": 239000.0,
        "Normalized Income": NaN,
        "Net Income From Continuing And Discontinued Operation": NaN,
        "Total Expenses": NaN,
        "Total Operating Income As Reported": NaN,
        "Diluted Average Shares": 404319.0,
        "Basic Average Shares": 404319.0,
        "Diluted EPS": -14.27,
        "Basic EPS": -14.27,
        "Diluted NI Availto Com Stockholders": NaN,
        "Net Income Common Stockholders": NaN,
        "Otherunder Preferred Stock Dividend": 0.0,
        "Preferred Stock Dividends": NaN,
        "Net Income": NaN,
        "Minority Interests": -540000.0,
        "Net Income Including Noncontrolling Interests": NaN,
        "Net Income Discontinuous Operations": NaN,
        "Net Income Continuous Operations": NaN,
        "Pretax Income": NaN,
        "Other Income Expense": 642000.0,
        "Other Non Operating Income Expenses": 642000.0,
        "Special Income Charges": 0.0,
        "Other Special Charges": NaN,
        "Net Non Operating Interest Income Expense": -239000.0,
        "Interest Expense Non Operating": 239000.0,
        "Operating Income": NaN,
        "Operating Expense": NaN,
        "Depreciation Amortization Depletion Income Statement": NaN,
        "Depreciation And Amortization In Income Statement": NaN,
        "Research And Development": NaN,
        "Selling General And Administration": NaN,
        "Selling And Marketing Expense": 7000.0,
        "General And Administrative Expense": NaN,
        "Other Gand A": NaN,
        "Salaries And Wages": NaN,
        "Gross Profit": NaN,
        "Cost Of Revenue": NaN,
        "Total Revenue": NaN,
        "Operating Revenue": NaN
    },
    "2022-11-30": {
        "Tax Effect Of Unusual Items": NaN,
        "Tax Rate For Calcs": NaN,
        "Normalized EBITDA": NaN,
        "Total Unusual Items": NaN,
        "Total Unusual Items Excluding Goodwill": NaN,
        "Net Income From Continuing Operation Net Minority Interest": NaN,
        "Reconciled Depreciation": NaN,
        "Reconciled Cost Of Revenue": NaN,
        "EBITDA": NaN,
        "EBIT": NaN,
        "Net Interest Income": 0.0,
        "Interest Expense": 0.0,
        "Normalized Income": NaN,
        "Net Income From Continuing And Discontinued Operation": NaN,
        "Total Expenses": NaN,
        "Total Operating Income As Reported": NaN,
        "Diluted Average Shares": NaN,
        "Basic Average Shares": NaN,
        "Diluted EPS": NaN,
        "Basic EPS": NaN,
        "Diluted NI Availto Com Stockholders": NaN,
        "Net Income Common Stockholders": NaN,
        "Otherunder Preferred Stock Dividend": NaN,
        "Preferred Stock Dividends": 127145000.0,
        "Net Income": NaN,
        "Minority Interests": NaN,
        "Net Income Including Noncontrolling Interests": NaN,
        "Net Income Discontinuous Operations": NaN,
        "Net Income Continuous Operations": NaN,
        "Pretax Income": NaN,
        "Other Income Expense": NaN,
        "Other Non Operating Income Expenses": NaN,
        "Special Income Charges": NaN,
        "Other Special Charges": NaN,
        "Net Non Operating Interest Income Expense": 0.0,
        "Interest Expense Non Operating": 0.0,
        "Operating Income": NaN,
        "Operating Expense": NaN,
        "Depreciation Amortization Depletion Income Statement": NaN,
        "Depreciation And Amortization In Income Statement": NaN,
        "Research And Development": NaN,
        "Selling General And Administration": NaN,
        "Selling And Marketing Expense": 10000.0,
        "General And Administrative Expense": NaN,
        "Other Gand A": NaN,
        "Salaries And Wages": NaN,
        "Gross Profit": NaN,
        "Cost Of Revenue": NaN,
        "Total Revenue": NaN,
        "Operating Revenue": NaN
    },
    "2022-08-31": {
        "Tax Effect Of Unusual Items": NaN,
        "Tax Rate For Calcs": NaN,
        "Normalized EBITDA": NaN,
        "Total Unusual Items": -3851000.0,
        "Total Unusual Items Excluding Goodwill": -3851000.0,
        "Net Income From Continuing Operation Net Minority Interest": NaN,
        "Reconciled Depreciation": NaN,
        "Reconciled Cost Of Revenue": NaN,
        "EBITDA": NaN,
        "EBIT": NaN,
        "Net Interest Income": 1000.0,
        "Interest Expense": -1000.0,
        "Normalized Income": NaN,
        "Net Income From Continuing And Discontinued Operation": NaN,
        "Total Expenses": NaN,
        "Total Operating Income As Reported": NaN,
        "Diluted Average Shares": NaN,
        "Basic Average Shares": NaN,
        "Diluted EPS": NaN,
        "Basic EPS": NaN,
        "Diluted NI Availto Com Stockholders": NaN,
        "Net Income Common Stockholders": NaN,
        "Otherunder Preferred Stock Dividend": 7972000.0,
        "Preferred Stock Dividends": NaN,
        "Net Income": NaN,
        "Minority Interests": NaN,
        "Net Income Including Noncontrolling Interests": NaN,
        "Net Income Discontinuous Operations": NaN,
        "Net Income Continuous Operations": NaN,
        "Pretax Income": NaN,
        "Other Income Expense": -3578000.0,
        "Other Non Operating Income Expenses": 273000.0,
        "Special Income Charges": -3851000.0,
        "Other Special Charges": NaN,
        "Impairment Of Capital Assets": 3851000.0,
        "Net Non Operating Interest Income Expense": 1000.0,
        "Interest Expense Non Operating": -1000.0,
        "Operating Income": NaN,
        "Operating Expense": NaN,
        "Depreciation Amortization Depletion Income Statement": NaN,
        "Depreciation And Amortization In Income Statement": NaN,
        "Research And Development": NaN,
        "Selling General And Administration": NaN,
        "Selling And Marketing Expense": 16000.0,
        "General And Administrative Expense": NaN,
        "Other Gand A": NaN,
        "Salaries And Wages": NaN,
        "Gross Profit": NaN,
        "Cost Of Revenue": NaN,
        "Total Revenue": NaN,
        "Operating Revenue": NaN
    },
    "2022-05-31": {
        "Tax Effect Of Unusual Items": 0.0,
        "Tax Rate For Calcs": 0.0,
        "Normalized EBITDA": -8557000.0,
        "Total Unusual Items": -4004000.0,
        "Total Unusual Items Excluding Goodwill": -4004000.0,
        "Net Income From Continuing Operation Net Minority Interest": -12695000.0,
        "Reconciled Depreciation": 133000.0,
        "Reconciled Cost Of Revenue": 9039000.0,
        "EBIT": -12694000.0,
        "Net Interest Income": -1000.0,
        "Interest Expense": 1000.0,
        "Normalized Income": -8691000.0,
        "Net Income From Continuing And Discontinued Operation": -12827000.0,
        "Total Expenses": 18360000.0,
        "Total Operating Income As Reported": -12721000.0,
        "Diluted Average Shares": 383726.0,
        "Basic Average Shares": 383726.0,
        "Diluted EPS": -33.42,
        "Basic EPS": -33.42,
        "Diluted NI Availto Com Stockholders": -12827000.0,
        "Net Income Common Stockholders": -12827000.0,
        "Otherunder Preferred Stock Dividend": 0.0,
        "Preferred Stock Dividends": NaN,
        "Net Income": -12827000.0,
        "Minority Interests": NaN,
        "Net Income Including Noncontrolling Interests": -12827000.0,
        "Net Income Discontinuous Operations": -132000.0,
        "Net Income Continuous Operations": -12695000.0,
        "Pretax Income": -12695000.0,
        "Other Income Expense": -3977000.0,
        "Other Non Operating Income Expenses": 27000.0,
        "Special Income Charges": -4004000.0,
        "Impairment Of Capital Assets": 4004000.0,
        "Net Non Operating Interest Income Expense": -1000.0,
        "Interest Expense Non Operating": 1000.0,
        "Operating Income": -8717000.0,
        "Operating Expense": 9321000.0,
        "Depreciation Amortization Depletion Income Statement": 133000.0,
        "Depreciation And Amortization In Income Statement": 133000.0,
        "Research And Development": 287000.0,
        "Selling General And Administration": 8901000.0,
        "Selling And Marketing Expense": 17000.0,
        "General And Administrative Expense": 8884000.0,
        "Other Gand A": 5310000.0,
        "Salaries And Wages": 3574000.0,
        "Gross Profit": 604000.0,
        "Cost Of Revenue": 9039000.0,
        "Total Revenue": 9643000.0,
        "Operating Revenue": 9643000.0
    },
    "2022-02-28": {
        "Diluted EPS": -55.19,
        "Total Revenue": 10,
        "Gross Profit": 0,
        "Operating Income": -9,
        "EBIT": -9,
        "Net Income": -17
    },
    "2021-11-30": {
        "Diluted EPS": -24.0,
        "Total Revenue": 9,
        "Gross Profit": 1,
        "Operating Income": -9,
        "EBIT": -8,
        "Net Income": -9
    },
    "2021-08-31": {
        "Diluted EPS": -25.67,
        "Total Revenue": 9,
        "Gross Profit": 0,
        "Operating Income": -8,
        "EBIT": -8,
        "Net Income": -9
    },
    "2021-05-31": {
        "Diluted EPS": -22.0,
        "Total Revenue": 9,
        "Gross Profit": 0,
        "Operating Income": -8,
        "EBIT": -7,
        "Net Income": -8
    },
    "2021-02-28": {
        "Diluted EPS": -19.0,
        "Total Revenue": 2,
        "Gross Profit": 0,
        "Operating Income": -6,
        "EBIT": -6,
        "Net Income": -6
    },
    "2020-11-30": {
        "Diluted EPS": -22.0,
        "Total Revenue": 3,
        "Gross Profit": 1,
        "Operating Income": -6,
        "EBIT": -6,
        "Net Income": -7
    },
    "2020-08-31": {
        "Diluted EPS": 76.0,
        "Total Revenue": 2,
        "Gross Profit": 1,
        "Operating Income": -9,
        "EBIT": -9,
        "Net Income": -10
    },
    "2020-05-31": {
        "Diluted EPS": -278.0,
        "Total Revenue": 2,
        "Gross Profit": 0,
        "Operating Income": -4,
        "EBIT": 0,
        "Net Income": -73
    },
    "2020-02-29": {
        "Diluted EPS": 57.0,
        "Total Revenue": 2,
        "Gross Profit": 0,
        "Operating Income": -4,
        "EBIT": -3,
        "Net Income": 10
    },
    "2019-11-30": {
        "Diluted EPS": -268.0,
        "Total Revenue": 2,
        "Gross Profit": 0,
        "Operating Income": -4,
        "EBIT": -3,
        "Net Income": -2
    },
    "2019-08-31": {
        "Diluted EPS": -985.0,
        "Total Revenue": -3,
        "Gross Profit": -2,
        "Operating Income": -6,
        "EBIT": -5,
        "Net Income": -9
    },
    "2019-05-31": {
        "Diluted EPS": -641.0,
        "Total Revenue": 2,
        "Gross Profit": 0,
        "Operating Income": -4,
        "EBIT": -2,
        "Net Income": -5
    },
    "2019-02-28": {
        "Diluted EPS": -274.0,
        "Total Revenue": 1,
        "Gross Profit": 0,
        "Operating Income": -4,
        "EBIT": -3,
        "Net Income": -2
    },
    "2018-11-30": {
        "Diluted EPS": -311.0,
        "Total Revenue": 11,
        "Gross Profit": 3,
        "Operating Income": -1,
        "EBIT": 0,
        "Net Income": -2
    },
    "2018-08-31": {
        "Diluted EPS": NaN,
        "Total Revenue": 11,
        "Gross Profit": 2,
        "Operating Income": -4,
        "EBIT": -3,
        "Net Income": -9
    },
    "2018-05-31": {
        "Diluted EPS": -240.0,
        "Total Revenue": 9,
        "Gross Profit": 2,
        "Operating Income": -2,
        "EBIT": -2,
        "Net Income": -2
    },
    "2018-02-28": {
        "Diluted EPS": -360.0,
        "Total Revenue": 8,
        "Gross Profit": 1,
        "Operating Income": -3,
        "EBIT": -3,
        "Net Income": -3
    },
    "2017-11-30": {
        "Diluted EPS": -480.0,
        "Total Revenue": 7,
        "Gross Profit": 1,
        "Operating Income": -3,
        "EBIT": -3,
        "Net Income": -3
    },
    "2017-08-31": {
        "Diluted EPS": -560.0,
        "Total Revenue": 5,
        "Gross Profit": 0,
        "Operating Income": -4,
        "EBIT": -4,
        "Net Income": -4
    },
    "2017-05-31": {
        "Diluted EPS": -440.0,
        "Total Revenue": 5,
        "Gross Profit": 1,
        "Operating Income": -3,
        "EBIT": -3,
        "Net Income": -3
    },
    "2017-02-28": {
        "Diluted EPS": -160.0,
        "Total Revenue": 5,
        "Gross Profit": 1,
        "Operating Income": -1,
        "EBIT": -1,
        "Net Income": -1
    },
    "2016-11-30": {
        "Diluted EPS": 40.0,
        "Total Revenue": 6,
        "Gross Profit": 2,
        "Operating Income": 0,
        "EBIT": 0,
        "Net Income": 0
    },
    "2016-08-31": {
        "Diluted EPS": 0.0,
        "Total Revenue": NaN,
        "Gross Profit": NaN,
        "Operating Income": NaN,
        "EBIT": NaN,
        "Net Income": NaN
    },
    "2016-05-31": {
        "Diluted EPS": 0.0,
        "Total Revenue": 2,
        "Gross Profit": 1,
        "Operating Income": 0,
        "EBIT": 0,
        "Net Income": 0
    },
    "2023-08-31": {
        "Tax Effect Of Unusual Items": 0.0,
        "Tax Rate For Calcs": 0.0,
        "Normalized EBITDA": -14116000.0,
        "Total Unusual Items": NaN,
        "Total Unusual Items Excluding Goodwill": NaN,
        "Net Income From Continuing Operation Net Minority Interest": -16488000.0,
        "Reconciled Depreciation": -9000.0,
        "Reconciled Cost Of Revenue": 3713000.0,
        "EBITDA": -14116000.0,
        "EBIT": -14192000.0,
        "Net Interest Income": NaN,
        "Interest Expense": NaN,
        "Normalized Income": -16488000.0,
        "Net Income From Continuing And Discontinued Operation": -14979000.0,
        "Total Expenses": 16952000.0,
        "Total Operating Income As Reported": -17588000.0,
        "Diluted Average Shares": NaN,
        "Basic Average Shares": NaN,
        "Diluted EPS": NaN,
        "Basic EPS": NaN,
        "Diluted NI Availto Com Stockholders": -14979000.0,
        "Net Income Common Stockholders": -14979000.0,
        "Otherunder Preferred Stock Dividend": 0.0,
        "Preferred Stock Dividends": 0.0,
        "Net Income": -14979000.0,
        "Minority Interests": 0.0,
        "Net Income Including Noncontrolling Interests": -14979000.0,
        "Net Income Discontinuous Operations": 1509000.0,
        "Net Income Continuous Operations": -16488000.0,
        "Pretax Income": -16475000.0,
        "Other Income Expense": -3826000.0,
        "Other Non Operating Income Expenses": 106000.0,
        "Special Income Charges": NaN,
        "Other Special Charges": NaN,
        "Net Non Operating Interest Income Expense": NaN,
        "Interest Expense Non Operating": NaN,
        "Operating Income": -13656000.0,
        "Operating Expense": 13324000.0,
        "Depreciation Amortization Depletion Income Statement": 76000.0,
        "Depreciation And Amortization In Income Statement": 76000.0,
        "Research And Development": 34000.0,
        "Selling General And Administration": 13214000.0,
        "General And Administrative Expense": 13214000.0,
        "Other Gand A": 4929000.0,
        "Salaries And Wages": 8285000.0,
        "Gross Profit": -332000.0,
        "Cost Of Revenue": 3628000.0,
        "Total Revenue": 3296000.0,
        "Operating Revenue": 3296000.0
    },
    "2023-11-30": {
        "Tax Effect Of Unusual Items": 0.0,
        "Tax Rate For Calcs": 0.0,
        "Normalized EBITDA": -10302000.0,
        "Total Unusual Items": 2500000.0,
        "Total Unusual Items Excluding Goodwill": 2500000.0,
        "Net Income From Continuing Operation Net Minority Interest": -5548000.0,
        "Reconciled Depreciation": 228000.0,
        "Reconciled Cost Of Revenue": 3237000.0,
        "EBITDA": -7802000.0,
        "EBIT": -8030000.0,
        "Net Interest Income": NaN,
        "Interest Expense": NaN,
        "Normalized Income": -8048000.0,
        "Net Income From Continuing And Discontinued Operation": -5548000.0,
        "Total Expenses": 11804000.0,
        "Total Operating Income As Reported": -8030000.0,
        "Diluted Average Shares": 121001.0,
        "Basic Average Shares": 121001.0,
        "Diluted EPS": -603.12,
        "Basic EPS": -603.12,
        "Diluted NI Availto Com Stockholders": -72992000.0,
        "Net Income Common Stockholders": -72992000.0,
        "Otherunder Preferred Stock Dividend": NaN,
        "Preferred Stock Dividends": 67444000.0,
        "Net Income": -5548000.0,
        "Minority Interests": NaN,
        "Net Income Including Noncontrolling Interests": -5548000.0,
        "Net Income Discontinuous Operations": 0.0,
        "Net Income Continuous Operations": -5548000.0,
        "Pretax Income": -5548000.0,
        "Other Income Expense": 2482000.0,
        "Other Non Operating Income Expenses": -18000.0,
        "Special Income Charges": 2500000.0,
        "Other Special Charges": -2500000.0,
        "Net Non Operating Interest Income Expense": NaN,
        "Interest Expense Non Operating": NaN,
        "Operating Income": -8030000.0,
        "Operating Expense": 8480000.0,
        "Depreciation Amortization Depletion Income Statement": 141000.0,
        "Depreciation And Amortization In Income Statement": 141000.0,
        "Research And Development": 0.0,
        "Selling General And Administration": 8339000.0,
        "General And Administrative Expense": 8339000.0,
        "Other Gand A": 5443000.0,
        "Salaries And Wages": 2896000.0,
        "Gross Profit": 450000.0,
        "Cost Of Revenue": 3324000.0,
        "Total Revenue": 3774000.0,
        "Operating Revenue": 3774000.0
    },
    "2024-02-29": {
        "Tax Effect Of Unusual Items": 0.0,
        "Tax Rate For Calcs": 0.0,
        "Normalized EBITDA": -4476000.0,
        "Total Unusual Items": 0.0,
        "Total Unusual Items Excluding Goodwill": 0.0,
        "Net Income From Continuing Operation Net Minority Interest": -4704000.0,
        "Reconciled Depreciation": 228000.0,
        "Reconciled Cost Of Revenue": 3503000.0,
        "EBITDA": -4476000.0,
        "EBIT": -4704000.0,
        "Net Interest Income": NaN,
        "Interest Expense": NaN,
        "Normalized Income": -4704000.0,
        "Net Income From Continuing And Discontinued Operation": -4704000.0,
        "Total Expenses": 8517000.0,
        "Total Operating Income As Reported": -4704000.0,
        "Diluted Average Shares": 5397698.0,
        "Basic Average Shares": 5397698.0,
        "Diluted EPS": -0.87,
        "Basic EPS": -0.87,
        "Diluted NI Availto Com Stockholders": -4704000.0,
        "Net Income Common Stockholders": -4704000.0,
        "Otherunder Preferred Stock Dividend": NaN,
        "Preferred Stock Dividends": NaN,
        "Net Income": -4704000.0,
        "Minority Interests": 0.0,
        "Net Income Including Noncontrolling Interests": -4704000.0,
        "Net Income Discontinuous Operations": 0.0,
        "Net Income Continuous Operations": -4704000.0,
        "Pretax Income": -4704000.0,
        "Other Income Expense": NaN,
        "Other Non Operating Income Expenses": NaN,
        "Special Income Charges": 0.0,
        "Other Special Charges": NaN,
        "Net Non Operating Interest Income Expense": NaN,
        "Interest Expense Non Operating": NaN,
        "Operating Income": -4704000.0,
        "Operating Expense": 4926000.0,
        "Depreciation Amortization Depletion Income Statement": 140000.0,
        "Depreciation And Amortization In Income Statement": 140000.0,
        "Research And Development": 1000.0,
        "Selling General And Administration": 4785000.0,
        "General And Administrative Expense": 4785000.0,
        "Other Gand A": 3482000.0,
        "Salaries And Wages": 1303000.0,
        "Gross Profit": 222000.0,
        "Cost Of Revenue": 3591000.0,
        "Total Revenue": 3813000.0,
        "Operating Revenue": 3813000.0
    },
    "2024-05-31": {
        "Tax Effect Of Unusual Items": 0.0,
        "Tax Rate For Calcs": 0.0,
        "Normalized EBITDA": -3774000.0,
        "Total Unusual Items": 0.0,
        "Total Unusual Items Excluding Goodwill": 0.0,
        "Net Income From Continuing Operation Net Minority Interest": -4425000.0,
        "Reconciled Depreciation": 228000.0,
        "Reconciled Cost Of Revenue": 3801000.0,
        "EBITDA": -3774000.0,
        "EBIT": -4002000.0,
        "Net Interest Income": -423000.0,
        "Interest Expense": 423000.0,
        "Normalized Income": -4425000.0,
        "Net Income From Continuing And Discontinued Operation": -4425000.0,
        "Total Expenses": 8136000.0,
        "Total Operating Income As Reported": -4002000.0,
        "Diluted Average Shares": 6429780.0,
        "Basic Average Shares": 6429780.0,
        "Diluted EPS": -0.69,
        "Basic EPS": -0.69,
        "Diluted NI Availto Com Stockholders": -4425000.0,
        "Net Income Common Stockholders": -4425000.0,
        "Otherunder Preferred Stock Dividend": NaN,
        "Preferred Stock Dividends": NaN,
        "Net Income": -4425000.0,
        "Minority Interests": 0.0,
        "Net Income Including Noncontrolling Interests": -4425000.0,
        "Net Income Discontinuous Operations": 0.0,
        "Net Income Continuous Operations": -4425000.0,
        "Pretax Income": -4425000.0,
        "Other Income Expense": NaN,
        "Other Non Operating Income Expenses": NaN,
        "Special Income Charges": 0.0,
        "Other Special Charges": NaN,
        "Net Non Operating Interest Income Expense": -423000.0,
        "Interest Expense Non Operating": 423000.0,
        "Operating Income": -4002000.0,
        "Operating Expense": 4245000.0,
        "Depreciation Amortization Depletion Income Statement": 138000.0,
        "Depreciation And Amortization In Income Statement": 138000.0,
        "Research And Development": 1000.0,
        "Selling General And Administration": 4106000.0,
        "General And Administrative Expense": 4106000.0,
        "Other Gand A": 2769000.0,
        "Salaries And Wages": 1337000.0,
        "Gross Profit": 243000.0,
        "Cost Of Revenue": 3891000.0,
        "Total Revenue": 4134000.0,
        "Operating Revenue": 4134000.0
    }
}