{
    "2023-04-30": {
        "Tax Effect Of Unusual Items": 1248450.0,
        "Tax Rate For Calcs": 0.21,
        "Normalized EBITDA": -40389000.0,
        "Total Unusual Items": 5945000.0,
        "Total Unusual Items Excluding Goodwill": 5945000.0,
        "Net Income From Continuing Operation Net Minority Interest": -34444000.0,
        "Reconciled Depreciation": 10248000.0,
        "Reconciled Cost Of Revenue": 24556000.0,
        "EBITDA": -34444000.0,
        "EBIT": -44692000.0,
        "Net Interest Income": 4506000.0,
        "Interest Expense": NaN,
        "Interest Income": 4506000.0,
        "Normalized Income": -39140550.0,
        "Net Income From Continuing And Discontinued Operation": -34444000.0,
        "Total Expenses": 97395000.0,
        "Total Operating Income As Reported": -44692000.0,
        "Diluted Average Shares": 272347977.0,
        "Basic Average Shares": 272347977.0,
        "Diluted EPS": -0.13,
        "Basic EPS": -0.13,
        "Diluted NI Availto Com Stockholders": -34444000.0,
        "Net Income Common Stockholders": -34444000.0,
        "Net Income": -34444000.0,
        "Net Income Including Noncontrolling Interests": -34444000.0,
        "Net Income Continuous Operations": -34444000.0,
        "Tax Provision": 307000.0,
        "Pretax Income": -34137000.0,
        "Other Income Expense": 6049000.0,
        "Other Non Operating Income Expenses": 104000.0,
        "Gain On Sale Of Security": 5945000.0,
        "Net Non Operating Interest Income Expense": 4506000.0,
        "Interest Expense Non Operating": NaN,
        "Interest Income Non Operating": 4506000.0,
        "Operating Income": -44692000.0,
        "Operating Expense": 72839000.0,
        "Research And Development": 28186000.0,
        "Selling General And Administration": 44653000.0,
        "Selling And Marketing Expense": 23125000.0,
        "General And Administrative Expense": 21528000.0,
        "Other Gand A": 21528000.0,
        "Gross Profit": 28147000.0,
        "Cost Of Revenue": 24556000.0,
        "Total Revenue": 52703000.0,
        "Operating Revenue": 52703000.0
    },
    "2023-01-31": {
        "Tax Effect Of Unusual Items": NaN,
        "Tax Rate For Calcs": NaN,
        "Normalized EBITDA": NaN,
        "Total Unusual Items": NaN,
        "Total Unusual Items Excluding Goodwill": NaN,
        "Net Income From Continuing Operation Net Minority Interest": NaN,
        "Reconciled Depreciation": NaN,
        "Reconciled Cost Of Revenue": NaN,
        "EBITDA": NaN,
        "EBIT": NaN,
        "Net Interest Income": NaN,
        "Interest Expense": 0.0,
        "Interest Income": NaN,
        "Normalized Income": NaN,
        "Net Income From Continuing And Discontinued Operation": NaN,
        "Total Expenses": NaN,
        "Total Operating Income As Reported": NaN,
        "Diluted Average Shares": NaN,
        "Basic Average Shares": NaN,
        "Diluted EPS": NaN,
        "Basic EPS": NaN,
        "Diluted NI Availto Com Stockholders": NaN,
        "Net Income Common Stockholders": NaN,
        "Net Income": NaN,
        "Net Income Including Noncontrolling Interests": NaN,
        "Net Income Continuous Operations": NaN,
        "Tax Provision": NaN,
        "Pretax Income": NaN,
        "Other Income Expense": NaN,
        "Other Non Operating Income Expenses": NaN,
        "Gain On Sale Of Security": NaN,
        "Net Non Operating Interest Income Expense": NaN,
        "Interest Expense Non Operating": 0.0,
        "Interest Income Non Operating": NaN,
        "Operating Income": NaN,
        "Operating Expense": NaN,
        "Research And Development": NaN,
        "Selling General And Administration": NaN,
        "Selling And Marketing Expense": NaN,
        "General And Administrative Expense": NaN,
        "Other Gand A": NaN,
        "Gross Profit": NaN,
        "Cost Of Revenue": NaN,
        "Total Revenue": NaN,
        "Operating Revenue": NaN
    },
    "2022-10-31": {
        "Tax Effect Of Unusual Items": NaN,
        "Tax Rate For Calcs": NaN,
        "Normalized EBITDA": NaN,
        "Total Unusual Items": NaN,
        "Total Unusual Items Excluding Goodwill": NaN,
        "Net Income From Continuing Operation Net Minority Interest": NaN,
        "Reconciled Depreciation": NaN,
        "Reconciled Cost Of Revenue": NaN,
        "EBITDA": NaN,
        "EBIT": NaN,
        "Net Interest Income": NaN,
        "Interest Expense": 0.0,
        "Interest Income": NaN,
        "Normalized Income": NaN,
        "Net Income From Continuing And Discontinued Operation": NaN,
        "Total Expenses": NaN,
        "Total Operating Income As Reported": NaN,
        "Diluted Average Shares": NaN,
        "Basic Average Shares": NaN,
        "Diluted EPS": NaN,
        "Basic EPS": NaN,
        "Diluted NI Availto Com Stockholders": NaN,
        "Net Income Common Stockholders": NaN,
        "Net Income": NaN,
        "Net Income Including Noncontrolling Interests": NaN,
        "Net Income Continuous Operations": NaN,
        "Tax Provision": NaN,
        "Pretax Income": NaN,
        "Other Income Expense": NaN,
        "Other Non Operating Income Expenses": NaN,
        "Gain On Sale Of Security": NaN,
        "Net Non Operating Interest Income Expense": NaN,
        "Interest Expense Non Operating": 0.0,
        "Interest Income Non Operating": NaN,
        "Operating Income": NaN,
        "Operating Expense": NaN,
        "Research And Development": NaN,
        "Selling General And Administration": NaN,
        "Selling And Marketing Expense": NaN,
        "General And Administrative Expense": NaN,
        "Other Gand A": NaN,
        "Gross Profit": NaN,
        "Cost Of Revenue": NaN,
        "Total Revenue": NaN,
        "Operating Revenue": NaN
    },
    "2022-07-31": {
        "Tax Effect Of Unusual Items": 844800.0,
        "Tax Rate For Calcs": 0.4,
        "Normalized EBITDA": -41487000.0,
        "Total Unusual Items": 2112000.0,
        "Total Unusual Items Excluding Goodwill": 2112000.0,
        "Net Income From Continuing Operation Net Minority Interest": -39529000.0,
        "Reconciled Depreciation": 11588000.0,
        "Reconciled Cost Of Revenue": 24977000.0,
        "EBITDA": -39375000.0,
        "EBIT": -39375000.0,
        "Net Interest Income": 0.0,
        "Interest Expense": 0.0,
        "Interest Income": NaN,
        "Normalized Income": -40796200.0,
        "Net Income From Continuing And Discontinued Operation": -39529000.0,
        "Total Expenses": 91090000.0,
        "Total Operating Income As Reported": -42640000.0,
        "Diluted Average Shares": 266212489.0,
        "Basic Average Shares": 266212489.0,
        "Diluted EPS": -0.15,
        "Basic EPS": -0.15,
        "Diluted NI Availto Com Stockholders": -39529000.0,
        "Net Income Common Stockholders": -39529000.0,
        "Net Income": -39529000.0,
        "Net Income Including Noncontrolling Interests": -39529000.0,
        "Net Income Continuous Operations": -39529000.0,
        "Tax Provision": 154000.0,
        "Pretax Income": -39375000.0,
        "Other Income Expense": 3265000.0,
        "Other Non Operating Income Expenses": 1153000.0,
        "Special Income Charges": 0.0,
        "Gain On Sale Of Security": 2112000.0,
        "Net Non Operating Interest Income Expense": 0.0,
        "Interest Expense Non Operating": 0.0,
        "Interest Income Non Operating": NaN,
        "Operating Income": -42640000.0,
        "Operating Expense": 66113000.0,
        "Research And Development": 26737000.0,
        "Selling General And Administration": 39376000.0,
        "Selling And Marketing Expense": 19483000.0,
        "General And Administrative Expense": 19893000.0,
        "Other Gand A": 19893000.0,
        "Gross Profit": 23473000.0,
        "Cost Of Revenue": 24977000.0,
        "Total Revenue": 48450000.0,
        "Operating Revenue": 48450000.0
    },
    "2023-07-31": {
        "Tax Effect Of Unusual Items": 257460.0,
        "Tax Rate For Calcs": 0.21,
        "Normalized EBITDA": -32346000.0,
        "Total Unusual Items": 1226000.0,
        "Total Unusual Items Excluding Goodwill": 1226000.0,
        "Net Income From Continuing Operation Net Minority Interest": -37975000.0,
        "Reconciled Depreciation": 12160000.0,
        "Reconciled Cost Of Revenue": 27469000.0,
        "EBITDA": -31120000.0,
        "EBIT": -43280000.0,
        "Net Interest Income": 3802000.0,
        "Interest Income": 3802000.0,
        "Normalized Income": -38943540.0,
        "Net Income From Continuing And Discontinued Operation": -37975000.0,
        "Total Expenses": 97041000.0,
        "Total Operating Income As Reported": -43280000.0,
        "Diluted Average Shares": 275053198.0,
        "Basic Average Shares": 275053198.0,
        "Diluted EPS": -0.14,
        "Basic EPS": -0.14,
        "Diluted NI Availto Com Stockholders": -37975000.0,
        "Net Income Common Stockholders": -37975000.0,
        "Net Income": -37975000.0,
        "Net Income Including Noncontrolling Interests": -37975000.0,
        "Net Income Continuous Operations": -37975000.0,
        "Tax Provision": 582000.0,
        "Pretax Income": -37393000.0,
        "Other Income Expense": 2085000.0,
        "Other Non Operating Income Expenses": 859000.0,
        "Gain On Sale Of Security": 1226000.0,
        "Net Non Operating Interest Income Expense": 3802000.0,
        "Interest Income Non Operating": 3802000.0,
        "Operating Income": -43280000.0,
        "Operating Expense": 69572000.0,
        "Research And Development": 26741000.0,
        "Selling General And Administration": 42831000.0,
        "Selling And Marketing Expense": 22310000.0,
        "General And Administrative Expense": 20521000.0,
        "Other Gand A": 20521000.0,
        "Gross Profit": 26292000.0,
        "Cost Of Revenue": 27469000.0,
        "Total Revenue": 53761000.0,
        "Operating Revenue": 53761000.0
    },
    "2023-10-31": {
        "Tax Effect Of Unusual Items": NaN,
        "Tax Rate For Calcs": NaN,
        "Normalized EBITDA": NaN,
        "Total Unusual Items": NaN,
        "Total Unusual Items Excluding Goodwill": NaN,
        "Net Income From Continuing Operation Net Minority Interest": NaN,
        "Reconciled Depreciation": NaN,
        "Reconciled Cost Of Revenue": NaN,
        "EBITDA": NaN,
        "EBIT": NaN,
        "Net Interest Income": NaN,
        "Interest Income": NaN,
        "Normalized Income": NaN,
        "Net Income From Continuing And Discontinued Operation": NaN,
        "Total Expenses": NaN,
        "Total Operating Income As Reported": NaN,
        "Diluted Average Shares": 284197733.0,
        "Basic Average Shares": 284197733.0,
        "Diluted EPS": -0.13,
        "Basic EPS": -0.13,
        "Diluted NI Availto Com Stockholders": NaN,
        "Net Income Common Stockholders": NaN,
        "Net Income": NaN,
        "Net Income Including Noncontrolling Interests": NaN,
        "Net Income Continuous Operations": NaN,
        "Tax Provision": NaN,
        "Pretax Income": NaN,
        "Other Income Expense": NaN,
        "Other Non Operating Income Expenses": NaN,
        "Gain On Sale Of Security": NaN,
        "Net Non Operating Interest Income Expense": NaN,
        "Interest Income Non Operating": NaN,
        "Operating Income": NaN,
        "Operating Expense": NaN,
        "Research And Development": NaN,
        "Selling General And Administration": NaN,
        "Selling And Marketing Expense": NaN,
        "General And Administrative Expense": NaN,
        "Other Gand A": NaN,
        "Gross Profit": NaN,
        "Cost Of Revenue": NaN,
        "Total Revenue": NaN,
        "Operating Revenue": NaN
    },
    "2024-01-31": {
        "Tax Effect Of Unusual Items": -4147.304604,
        "Tax Rate For Calcs": 0.014059,
        "Normalized EBITDA": 8037000.0,
        "Total Unusual Items": -295000.0,
        "Total Unusual Items Excluding Goodwill": -295000.0,
        "Net Income From Continuing Operation Net Minority Interest": -30086000.0,
        "Reconciled Depreciation": 11606000.0,
        "Reconciled Cost Of Revenue": 26371000.0,
        "EBITDA": 7742000.0,
        "EBIT": -3864000.0,
        "Net Interest Income": 3661000.0,
        "Interest Income": 3661000.0,
        "Normalized Income": -29795147.304604,
        "Net Income From Continuing And Discontinued Operation": -30086000.0,
        "Total Expenses": 92770000.0,
        "Total Operating Income As Reported": -33918000.0,
        "Diluted Average Shares": 286507870.0,
        "Basic Average Shares": 286507870.0,
        "Diluted EPS": -0.11,
        "Basic EPS": -0.11,
        "Diluted NI Availto Com Stockholders": -30086000.0,
        "Net Income Common Stockholders": -30086000.0,
        "Net Income": -30086000.0,
        "Net Income Including Noncontrolling Interests": -30086000.0,
        "Net Income Continuous Operations": -30086000.0,
        "Tax Provision": -429000.0,
        "Pretax Income": -30515000.0,
        "Other Income Expense": -258000.0,
        "Other Non Operating Income Expenses": 37000.0,
        "Gain On Sale Of Security": -295000.0,
        "Net Non Operating Interest Income Expense": 3661000.0,
        "Interest Income Non Operating": 3661000.0,
        "Operating Income": -33918000.0,
        "Operating Expense": 66399000.0,
        "Research And Development": 28410000.0,
        "Selling General And Administration": 37989000.0,
        "Selling And Marketing Expense": 20095000.0,
        "General And Administrative Expense": 17894000.0,
        "Other Gand A": 17894000.0,
        "Gross Profit": 32481000.0,
        "Cost Of Revenue": 26371000.0,
        "Total Revenue": 58852000.0,
        "Operating Revenue": 58852000.0
    },
    "2024-04-30": {
        "Tax Effect Of Unusual Items": 321300.0,
        "Tax Rate For Calcs": 0.21,
        "Normalized EBITDA": -22998000.0,
        "Total Unusual Items": 1530000.0,
        "Total Unusual Items Excluding Goodwill": 1530000.0,
        "Net Income From Continuing Operation Net Minority Interest": -29293000.0,
        "Reconciled Depreciation": 13103000.0,
        "Reconciled Cost Of Revenue": 28757000.0,
        "EBITDA": -21468000.0,
        "EBIT": -34571000.0,
        "Net Interest Income": 3107000.0,
        "Interest Income": 3107000.0,
        "Normalized Income": -30501700.0,
        "Net Income From Continuing And Discontinued Operation": -29293000.0,
        "Total Expenses": 95011000.0,
        "Total Operating Income As Reported": -34571000.0,
        "Diluted Average Shares": 288268718.0,
        "Basic Average Shares": 288268718.0,
        "Diluted EPS": -0.1,
        "Basic EPS": -0.1,
        "Diluted NI Availto Com Stockholders": -29293000.0,
        "Net Income Common Stockholders": -29293000.0,
        "Net Income": -29293000.0,
        "Net Income Including Noncontrolling Interests": -29293000.0,
        "Net Income Continuous Operations": -29293000.0,
        "Tax Provision": 442000.0,
        "Pretax Income": -28851000.0,
        "Other Income Expense": 2613000.0,
        "Other Non Operating Income Expenses": 1083000.0,
        "Gain On Sale Of Security": 1530000.0,
        "Net Non Operating Interest Income Expense": 3107000.0,
        "Interest Income Non Operating": 3107000.0,
        "Operating Income": -34571000.0,
        "Operating Expense": 66254000.0,
        "Research And Development": 25589000.0,
        "Selling General And Administration": 40665000.0,
        "Selling And Marketing Expense": 21485000.0,
        "General And Administrative Expense": 19180000.0,
        "Other Gand A": 19180000.0,
        "Gross Profit": 31683000.0,
        "Cost Of Revenue": 28757000.0,
        "Total Revenue": 60440000.0,
        "Operating Revenue": 60440000.0
    },
    "2024-07-31": {
        "Tax Effect Of Unusual Items": -126420.0,
        "Tax Rate For Calcs": 0.21,
        "Normalized EBITDA": -25830000.0,
        "Total Unusual Items": -602000.0,
        "Total Unusual Items Excluding Goodwill": -602000.0,
        "Net Income From Continuing Operation Net Minority Interest": -38668000.0,
        "Reconciled Depreciation": 13145000.0,
        "Reconciled Cost Of Revenue": 28782000.0,
        "EBITDA": -26432000.0,
        "EBIT": -39577000.0,
        "Net Interest Income": 2771000.0,
        "Interest Income": 2771000.0,
        "Normalized Income": -38192420.0,
        "Net Income From Continuing And Discontinued Operation": -38668000.0,
        "Total Expenses": 100669000.0,
        "Total Operating Income As Reported": -39577000.0,
        "Diluted Average Shares": 290364319.0,
        "Basic Average Shares": 290364319.0,
        "Diluted EPS": -0.13,
        "Basic EPS": -0.13,
        "Diluted NI Availto Com Stockholders": -38668000.0,
        "Net Income Common Stockholders": -38668000.0,
        "Net Income": -38668000.0,
        "Net Income Including Noncontrolling Interests": -38668000.0,
        "Net Income Continuous Operations": -38668000.0,
        "Tax Provision": 897000.0,
        "Pretax Income": -37771000.0,
        "Other Income Expense": -965000.0,
        "Other Non Operating Income Expenses": -363000.0,
        "Gain On Sale Of Security": -602000.0,
        "Net Non Operating Interest Income Expense": 2771000.0,
        "Interest Income Non Operating": 2771000.0,
        "Operating Income": -39577000.0,
        "Operating Expense": 71887000.0,
        "Research And Development": 27250000.0,
        "Selling General And Administration": 44637000.0,
        "Selling And Marketing Expense": 23733000.0,
        "General And Administrative Expense": 20904000.0,
        "Other Gand A": 20904000.0,
        "Gross Profit": 32310000.0,
        "Cost Of Revenue": 28782000.0,
        "Total Revenue": 61092000.0,
        "Operating Revenue": 61092000.0
    },
    "2024-10-31": {
        "Tax Effect Of Unusual Items": 41580.0,
        "Tax Rate For Calcs": 0.21,
        "Normalized EBITDA": -12689000.0,
        "Total Unusual Items": 198000.0,
        "Total Unusual Items Excluding Goodwill": 198000.0,
        "Net Income From Continuing Operation Net Minority Interest": -20081000.0,
        "Reconciled Depreciation": 10117000.0,
        "Reconciled Cost Of Revenue": 23749000.0,
        "EBITDA": -12491000.0,
        "EBIT": -22608000.0,
        "Net Interest Income": 2414000.0,
        "Interest Income": 2414000.0,
        "Normalized Income": -20237420.0,
        "Net Income From Continuing And Discontinued Operation": -20081000.0,
        "Total Expenses": 83874000.0,
        "Total Operating Income As Reported": -22608000.0,
        "Diluted Average Shares": 293338324.0,
        "Basic Average Shares": 293338324.0,
        "Diluted EPS": -0.07,
        "Basic EPS": -0.07,
        "Diluted NI Availto Com Stockholders": -20081000.0,
        "Net Income Common Stockholders": -20081000.0,
        "Net Income": -20081000.0,
        "Net Income Including Noncontrolling Interests": -20081000.0,
        "Net Income Continuous Operations": -20081000.0,
        "Tax Provision": 25000.0,
        "Pretax Income": -20056000.0,
        "Other Income Expense": 138000.0,
        "Other Non Operating Income Expenses": -60000.0,
        "Gain On Sale Of Security": 198000.0,
        "Net Non Operating Interest Income Expense": 2414000.0,
        "Interest Income Non Operating": 2414000.0,
        "Operating Income": -22608000.0,
        "Operating Expense": 60125000.0,
        "Research And Development": 25216000.0,
        "Selling General And Administration": 34909000.0,
        "Selling And Marketing Expense": 16795000.0,
        "General And Administrative Expense": 18114000.0,
        "Other Gand A": 18114000.0,
        "Gross Profit": 37517000.0,
        "Cost Of Revenue": 23749000.0,
        "Total Revenue": 61266000.0,
        "Operating Revenue": 61266000.0
    },
    "2025-01-31": {
        "Tax Effect Of Unusual Items": -6496800.0,
        "Tax Rate For Calcs": 0.4,
        "Normalized EBITDA": 6148000.0,
        "Total Unusual Items": -16242000.0,
        "Total Unusual Items Excluding Goodwill": -16242000.0,
        "Net Income From Continuing Operation Net Minority Interest": -35154000.0,
        "Reconciled Depreciation": 9272000.0,
        "Reconciled Cost Of Revenue": 23339000.0,
        "EBITDA": -10094000.0,
        "EBIT": -19366000.0,
        "Net Interest Income": 1965000.0,
        "Interest Income": 1965000.0,
        "Normalized Income": -25408800.0,
        "Net Income From Continuing And Discontinued Operation": -35154000.0,
        "Total Expenses": 80920000.0,
        "Total Operating Income As Reported": -19366000.0,
        "Diluted Average Shares": NaN,
        "Basic Average Shares": NaN,
        "Diluted EPS": NaN,
        "Basic EPS": NaN,
        "Diluted NI Availto Com Stockholders": -35154000.0,
        "Net Income Common Stockholders": -35154000.0,
        "Net Income": -35154000.0,
        "Net Income Including Noncontrolling Interests": -35154000.0,
        "Net Income Continuous Operations": -35154000.0,
        "Tax Provision": 1096000.0,
        "Pretax Income": -34058000.0,
        "Other Income Expense": -16657000.0,
        "Other Non Operating Income Expenses": -415000.0,
        "Gain On Sale Of Security": -16242000.0,
        "Net Non Operating Interest Income Expense": 1965000.0,
        "Interest Income Non Operating": 1965000.0,
        "Operating Income": -19366000.0,
        "Operating Expense": 57581000.0,
        "Research And Development": 22951000.0,
        "Selling General And Administration": 34630000.0,
        "Selling And Marketing Expense": 15681000.0,
        "General And Administrative Expense": 18949000.0,
        "Other Gand A": 18949000.0,
        "Gross Profit": 38215000.0,
        "Cost Of Revenue": 23339000.0,
        "Total Revenue": 61554000.0,
        "Operating Revenue": 61554000.0
    }
}