{
    "2023-03-31": {
        "Tax Effect Of Unusual Items": NaN,
        "Tax Rate For Calcs": NaN,
        "Normalized EBITDA": NaN,
        "Total Unusual Items": NaN,
        "Total Unusual Items Excluding Goodwill": NaN,
        "Net Income From Continuing Operation Net Minority Interest": NaN,
        "Reconciled Depreciation": NaN,
        "Reconciled Cost Of Revenue": NaN,
        "EBITDA": NaN,
        "EBIT": NaN,
        "Net Interest Income": NaN,
        "Interest Expense": NaN,
        "Interest Income": NaN,
        "Normalized Income": NaN,
        "Net Income From Continuing And Discontinued Operation": NaN,
        "Total Expenses": NaN,
        "Total Operating Income As Reported": NaN,
        "Diluted Average Shares": NaN,
        "Basic Average Shares": NaN,
        "Diluted EPS": NaN,
        "Basic EPS": NaN,
        "Diluted NI Availto Com Stockholders": NaN,
        "Net Income Common Stockholders": NaN,
        "Net Income": NaN,
        "Net Income Including Noncontrolling Interests": NaN,
        "Net Income Continuous Operations": NaN,
        "Tax Provision": NaN,
        "Pretax Income": NaN,
        "Other Income Expense": NaN,
        "Other Non Operating Income Expenses": NaN,
        "Special Income Charges": NaN,
        "Gain On Sale Of Business": NaN,
        "Restructuring And Mergern Acquisition": NaN,
        "Earnings From Equity Interest": NaN,
        "Gain On Sale Of Security": -49000.0,
        "Net Non Operating Interest Income Expense": NaN,
        "Interest Expense Non Operating": NaN,
        "Interest Income Non Operating": NaN,
        "Operating Income": NaN,
        "Operating Expense": NaN,
        "Other Operating Expenses": NaN,
        "Selling General And Administration": NaN,
        "General And Administrative Expense": 8621450.0,
        "Other Gand A": 8621450.0,
        "Gross Profit": NaN,
        "Cost Of Revenue": NaN,
        "Total Revenue": NaN,
        "Operating Revenue": NaN
    },
    "2022-12-31": {
        "Tax Effect Of Unusual Items": NaN,
        "Tax Rate For Calcs": NaN,
        "Normalized EBITDA": NaN,
        "Total Unusual Items": NaN,
        "Total Unusual Items Excluding Goodwill": NaN,
        "Net Income From Continuing Operation Net Minority Interest": NaN,
        "Reconciled Depreciation": NaN,
        "Reconciled Cost Of Revenue": NaN,
        "EBITDA": NaN,
        "EBIT": NaN,
        "Net Interest Income": NaN,
        "Interest Expense": NaN,
        "Interest Income": NaN,
        "Normalized Income": NaN,
        "Net Income From Continuing And Discontinued Operation": NaN,
        "Total Expenses": NaN,
        "Total Operating Income As Reported": NaN,
        "Diluted Average Shares": NaN,
        "Basic Average Shares": NaN,
        "Diluted EPS": NaN,
        "Basic EPS": NaN,
        "Diluted NI Availto Com Stockholders": NaN,
        "Net Income Common Stockholders": NaN,
        "Net Income": NaN,
        "Net Income Including Noncontrolling Interests": NaN,
        "Net Income Continuous Operations": NaN,
        "Tax Provision": NaN,
        "Pretax Income": NaN,
        "Other Income Expense": NaN,
        "Other Non Operating Income Expenses": NaN,
        "Special Income Charges": NaN,
        "Gain On Sale Of Business": NaN,
        "Earnings From Equity Interest": NaN,
        "Gain On Sale Of Security": NaN,
        "Net Non Operating Interest Income Expense": NaN,
        "Interest Expense Non Operating": NaN,
        "Interest Income Non Operating": NaN,
        "Operating Income": NaN,
        "Operating Expense": NaN,
        "Other Operating Expenses": NaN,
        "Selling General And Administration": NaN,
        "General And Administrative Expense": 9248715.0,
        "Other Gand A": 9248715.0,
        "Gross Profit": NaN,
        "Cost Of Revenue": NaN,
        "Total Revenue": NaN,
        "Operating Revenue": NaN
    },
    "2022-09-30": {
        "Tax Effect Of Unusual Items": NaN,
        "Tax Rate For Calcs": NaN,
        "Normalized EBITDA": NaN,
        "Total Unusual Items": NaN,
        "Total Unusual Items Excluding Goodwill": NaN,
        "Net Income From Continuing Operation Net Minority Interest": NaN,
        "Reconciled Depreciation": NaN,
        "Reconciled Cost Of Revenue": 0.0,
        "EBITDA": NaN,
        "EBIT": NaN,
        "Net Interest Income": NaN,
        "Interest Expense": NaN,
        "Interest Income": NaN,
        "Normalized Income": NaN,
        "Net Income From Continuing And Discontinued Operation": NaN,
        "Total Expenses": NaN,
        "Total Operating Income As Reported": NaN,
        "Diluted Average Shares": NaN,
        "Basic Average Shares": NaN,
        "Diluted EPS": NaN,
        "Basic EPS": NaN,
        "Diluted NI Availto Com Stockholders": NaN,
        "Net Income Common Stockholders": NaN,
        "Net Income": NaN,
        "Net Income Including Noncontrolling Interests": NaN,
        "Net Income Continuous Operations": NaN,
        "Tax Provision": NaN,
        "Pretax Income": NaN,
        "Other Income Expense": NaN,
        "Special Income Charges": 29367000.0,
        "Gain On Sale Of Business": 29367000.0,
        "Earnings From Equity Interest": NaN,
        "Gain On Sale Of Security": NaN,
        "Net Non Operating Interest Income Expense": NaN,
        "Interest Expense Non Operating": NaN,
        "Interest Income Non Operating": NaN,
        "Operating Income": NaN,
        "Operating Expense": NaN,
        "Other Operating Expenses": NaN,
        "Selling General And Administration": NaN,
        "General And Administrative Expense": 7160482.0,
        "Other Gand A": 7160482.0,
        "Gross Profit": 0.0,
        "Cost Of Revenue": 0.0,
        "Total Revenue": NaN,
        "Operating Revenue": NaN
    },
    "2022-06-30": {
        "Tax Effect Of Unusual Items": 0.0,
        "Tax Rate For Calcs": 0.0,
        "Normalized EBITDA": -8290334.0,
        "Total Unusual Items": -47759.0,
        "Total Unusual Items Excluding Goodwill": -47759.0,
        "Net Income From Continuing Operation Net Minority Interest": -9581303.0,
        "Reconciled Depreciation": 6146.0,
        "EBITDA": -8338093.0,
        "EBIT": -8344239.0,
        "Net Interest Income": -33926.0,
        "Interest Expense": NaN,
        "Interest Income": NaN,
        "Normalized Income": -9533544.0,
        "Net Income From Continuing And Discontinued Operation": -9581303.0,
        "Total Expenses": 8344239.0,
        "Total Operating Income As Reported": -8344239.0,
        "Diluted Average Shares": 17930926.0,
        "Basic Average Shares": 17930926.0,
        "Diluted EPS": -0.53,
        "Basic EPS": -0.53,
        "Diluted NI Availto Com Stockholders": -9581303.0,
        "Net Income Common Stockholders": -9581303.0,
        "Net Income": -9581303.0,
        "Net Income Including Noncontrolling Interests": -9581303.0,
        "Net Income Continuous Operations": -9581303.0,
        "Earnings From Equity Interest Net Of Tax": -1155379.0,
        "Tax Provision": 0.0,
        "Pretax Income": -8425924.0,
        "Other Income Expense": -47759.0,
        "Special Income Charges": NaN,
        "Gain On Sale Of Business": NaN,
        "Earnings From Equity Interest": NaN,
        "Gain On Sale Of Security": -47759.0,
        "Net Non Operating Interest Income Expense": -33926.0,
        "Total Other Finance Cost": 33926.0,
        "Interest Expense Non Operating": NaN,
        "Interest Income Non Operating": NaN,
        "Operating Income": -8344239.0,
        "Operating Expense": 8344239.0,
        "Other Operating Expenses": 882874.0,
        "Selling General And Administration": 7461365.0,
        "General And Administrative Expense": 7461365.0,
        "Other Gand A": 7461365.0,
        "Total Revenue": 0.0,
        "Operating Revenue": 0.0
    },
    "2022-03-31": {
        "Diluted EPS": -56.86,
        "Total Revenue": NaN,
        "Gross Profit": NaN,
        "Operating Income": -6,
        "EBIT": -6,
        "Net Income": -9
    },
    "2021-12-31": {
        "Diluted EPS": 0.0,
        "Total Revenue": NaN,
        "Gross Profit": NaN,
        "Operating Income": NaN,
        "EBIT": NaN,
        "Net Income": NaN
    },
    "2021-09-30": {
        "Diluted EPS": -68.47,
        "Total Revenue": NaN,
        "Gross Profit": NaN,
        "Operating Income": -10,
        "EBIT": -10,
        "Net Income": -11
    },
    "2021-06-30": {
        "Diluted EPS": -48.0,
        "Total Revenue": NaN,
        "Gross Profit": NaN,
        "Operating Income": -7,
        "EBIT": -7,
        "Net Income": -8
    },
    "2021-03-31": {
        "Diluted EPS": -47.0,
        "Total Revenue": NaN,
        "Gross Profit": NaN,
        "Operating Income": -7,
        "EBIT": -7,
        "Net Income": -7
    },
    "2020-12-31": {
        "Diluted EPS": 0.0,
        "Total Revenue": NaN,
        "Gross Profit": NaN,
        "Operating Income": NaN,
        "Net Income": NaN
    },
    "2020-09-30": {
        "Diluted EPS": -17.0,
        "Total Revenue": NaN,
        "Gross Profit": NaN,
        "Operating Income": -2,
        "EBIT": -2,
        "Net Income": -2
    },
    "2020-06-30": {
        "Diluted EPS": 0.0,
        "Total Revenue": NaN,
        "Gross Profit": NaN,
        "Operating Income": NaN,
        "EBIT": NaN,
        "Net Income": NaN
    },
    "2020-03-31": {
        "Diluted EPS": 0.0,
        "Total Revenue": NaN,
        "Gross Profit": NaN,
        "Operating Income": NaN,
        "EBIT": NaN,
        "Net Income": NaN
    },
    "2019-12-31": {
        "Diluted EPS": 0.0,
        "Total Revenue": NaN,
        "Gross Profit": NaN,
        "Operating Income": NaN,
        "EBIT": NaN,
        "Net Income": NaN
    },
    "2019-06-30": {
        "Diluted EPS": 0.0,
        "Total Revenue": NaN,
        "Gross Profit": NaN,
        "Operating Income": NaN,
        "EBIT": NaN,
        "Net Income": NaN
    },
    "2018-06-30": {
        "Diluted EPS": 0.0,
        "Total Revenue": NaN,
        "Gross Profit": NaN,
        "Operating Income": NaN,
        "EBIT": NaN,
        "Net Income": NaN
    },
    "2017-12-31": {
        "Diluted EPS": 0.0,
        "Total Revenue": NaN,
        "Gross Profit": NaN,
        "Operating Income": NaN,
        "EBIT": NaN,
        "Net Income": NaN
    },
    "2017-06-30": {
        "Diluted EPS": 0.0,
        "Total Revenue": NaN,
        "Gross Profit": NaN,
        "Operating Income": NaN,
        "EBIT": NaN,
        "Net Income": NaN
    },
    "2023-06-30": {
        "Tax Effect Of Unusual Items": NaN,
        "Tax Rate For Calcs": NaN,
        "Normalized EBITDA": NaN,
        "Total Unusual Items": NaN,
        "Total Unusual Items Excluding Goodwill": NaN,
        "Net Income From Continuing Operation Net Minority Interest": NaN,
        "Reconciled Depreciation": NaN,
        "Reconciled Cost Of Revenue": NaN,
        "EBITDA": NaN,
        "EBIT": NaN,
        "Net Interest Income": NaN,
        "Interest Expense": NaN,
        "Interest Income": NaN,
        "Normalized Income": NaN,
        "Net Income From Continuing And Discontinued Operation": NaN,
        "Total Expenses": NaN,
        "Total Operating Income As Reported": NaN,
        "Diluted Average Shares": NaN,
        "Basic Average Shares": NaN,
        "Diluted EPS": NaN,
        "Basic EPS": NaN,
        "Diluted NI Availto Com Stockholders": NaN,
        "Net Income Common Stockholders": NaN,
        "Net Income": NaN,
        "Net Income Including Noncontrolling Interests": NaN,
        "Net Income Continuous Operations": NaN,
        "Tax Provision": NaN,
        "Pretax Income": NaN,
        "Other Income Expense": NaN,
        "Other Non Operating Income Expenses": -17000.0,
        "Special Income Charges": NaN,
        "Gain On Sale Of Business": 3975000.0,
        "Restructuring And Mergern Acquisition": NaN,
        "Earnings From Equity Interest": NaN,
        "Gain On Sale Of Security": -17878.0,
        "Net Non Operating Interest Income Expense": NaN,
        "Interest Expense Non Operating": NaN,
        "Interest Income Non Operating": NaN,
        "Operating Income": NaN,
        "Operating Expense": NaN,
        "Other Operating Expenses": NaN,
        "Selling General And Administration": NaN,
        "General And Administrative Expense": 11986634.0,
        "Other Gand A": 11986634.0,
        "Gross Profit": NaN,
        "Cost Of Revenue": NaN,
        "Total Revenue": NaN,
        "Operating Revenue": NaN
    },
    "2023-09-30": {
        "Tax Effect Of Unusual Items": NaN,
        "Tax Rate For Calcs": NaN,
        "Normalized EBITDA": NaN,
        "Total Unusual Items": NaN,
        "Total Unusual Items Excluding Goodwill": NaN,
        "Net Income From Continuing Operation Net Minority Interest": NaN,
        "Reconciled Depreciation": NaN,
        "Reconciled Cost Of Revenue": NaN,
        "EBITDA": NaN,
        "EBIT": NaN,
        "Net Interest Income": NaN,
        "Interest Expense": NaN,
        "Interest Income": NaN,
        "Normalized Income": NaN,
        "Net Income From Continuing And Discontinued Operation": NaN,
        "Total Expenses": NaN,
        "Total Operating Income As Reported": NaN,
        "Diluted Average Shares": NaN,
        "Basic Average Shares": NaN,
        "Diluted EPS": NaN,
        "Basic EPS": NaN,
        "Diluted NI Availto Com Stockholders": NaN,
        "Net Income Common Stockholders": NaN,
        "Net Income": NaN,
        "Net Income Including Noncontrolling Interests": NaN,
        "Net Income Continuous Operations": NaN,
        "Tax Provision": NaN,
        "Pretax Income": NaN,
        "Other Income Expense": NaN,
        "Other Non Operating Income Expenses": NaN,
        "Special Income Charges": NaN,
        "Gain On Sale Of Business": 7958000.0,
        "Restructuring And Mergern Acquisition": 0.0,
        "Earnings From Equity Interest": NaN,
        "Gain On Sale Of Security": -22000.0,
        "Net Non Operating Interest Income Expense": NaN,
        "Interest Expense Non Operating": NaN,
        "Interest Income Non Operating": NaN,
        "Operating Income": NaN,
        "Operating Expense": NaN,
        "Other Operating Expenses": NaN,
        "Selling General And Administration": NaN,
        "Gross Profit": NaN,
        "Cost Of Revenue": NaN,
        "Total Revenue": NaN,
        "Operating Revenue": NaN
    },
    "2023-12-31": {
        "Tax Effect Of Unusual Items": NaN,
        "Tax Rate For Calcs": NaN,
        "Normalized EBITDA": NaN,
        "Total Unusual Items": NaN,
        "Total Unusual Items Excluding Goodwill": NaN,
        "Net Income From Continuing Operation Net Minority Interest": NaN,
        "Reconciled Depreciation": NaN,
        "Reconciled Cost Of Revenue": NaN,
        "EBITDA": NaN,
        "EBIT": NaN,
        "Net Interest Income": NaN,
        "Interest Expense": NaN,
        "Interest Income": NaN,
        "Normalized Income": NaN,
        "Net Income From Continuing And Discontinued Operation": NaN,
        "Total Expenses": NaN,
        "Total Operating Income As Reported": NaN,
        "Diluted Average Shares": NaN,
        "Basic Average Shares": NaN,
        "Diluted EPS": NaN,
        "Basic EPS": NaN,
        "Diluted NI Availto Com Stockholders": NaN,
        "Net Income Common Stockholders": NaN,
        "Net Income": NaN,
        "Net Income Including Noncontrolling Interests": NaN,
        "Net Income Continuous Operations": NaN,
        "Tax Provision": NaN,
        "Pretax Income": NaN,
        "Other Income Expense": NaN,
        "Other Non Operating Income Expenses": NaN,
        "Special Income Charges": NaN,
        "Gain On Sale Of Business": NaN,
        "Restructuring And Mergern Acquisition": NaN,
        "Earnings From Equity Interest": NaN,
        "Gain On Sale Of Security": -3000.0,
        "Net Non Operating Interest Income Expense": NaN,
        "Interest Expense Non Operating": NaN,
        "Interest Income Non Operating": NaN,
        "Operating Income": NaN,
        "Operating Expense": NaN,
        "Other Operating Expenses": 261000.0,
        "Selling General And Administration": NaN,
        "Gross Profit": NaN,
        "Cost Of Revenue": NaN,
        "Total Revenue": NaN,
        "Operating Revenue": NaN
    },
    "2024-03-31": {
        "Tax Effect Of Unusual Items": -1814519.847214,
        "Tax Rate For Calcs": 0.115825,
        "Normalized EBITDA": -10735000.0,
        "Total Unusual Items": -15666000.0,
        "Total Unusual Items Excluding Goodwill": -15666000.0,
        "Net Income From Continuing Operation Net Minority Interest": -23611000.0,
        "Reconciled Depreciation": 81000.0,
        "Reconciled Cost Of Revenue": 12710000.0,
        "EBITDA": -26401000.0,
        "EBIT": -26482000.0,
        "Net Interest Income": 605000.0,
        "Interest Expense": 222000.0,
        "Interest Income": 827000.0,
        "Normalized Income": -9759519.847214,
        "Net Income From Continuing And Discontinued Operation": -23611000.0,
        "Total Expenses": 20857000.0,
        "Total Operating Income As Reported": -14676000.0,
        "Diluted Average Shares": 19326000.0,
        "Basic Average Shares": 19326000.0,
        "Diluted EPS": -1.22,
        "Basic EPS": -1.22,
        "Diluted NI Availto Com Stockholders": -23611000.0,
        "Net Income Common Stockholders": -23611000.0,
        "Net Income": -23611000.0,
        "Net Income Including Noncontrolling Interests": -23611000.0,
        "Net Income Continuous Operations": -23611000.0,
        "Tax Provision": -3093000.0,
        "Pretax Income": -26704000.0,
        "Other Income Expense": -19853000.0,
        "Other Non Operating Income Expenses": 1253000.0,
        "Special Income Charges": -15666000.0,
        "Gain On Sale Of Business": -13886000.0,
        "Restructuring And Mergern Acquisition": 1780000.0,
        "Earnings From Equity Interest": -5440000.0,
        "Gain On Sale Of Security": 1253000.0,
        "Net Non Operating Interest Income Expense": 605000.0,
        "Interest Expense Non Operating": 222000.0,
        "Interest Income Non Operating": 827000.0,
        "Operating Income": -7456000.0,
        "Operating Expense": 8147000.0,
        "Other Operating Expenses": 53000.0,
        "Selling General And Administration": 8094000.0,
        "Gross Profit": 691000.0,
        "Cost Of Revenue": 12710000.0,
        "Total Revenue": 13401000.0,
        "Operating Revenue": 13401000.0
    },
    "2024-06-30": {
        "Tax Effect Of Unusual Items": 0.0,
        "Tax Rate For Calcs": 0.0,
        "Normalized EBITDA": -13183000.0,
        "Total Unusual Items": 0.0,
        "Total Unusual Items Excluding Goodwill": 0.0,
        "Net Income From Continuing Operation Net Minority Interest": -13332000.0,
        "Reconciled Depreciation": 75000.0,
        "Reconciled Cost Of Revenue": 12601000.0,
        "EBITDA": -13183000.0,
        "EBIT": -13258000.0,
        "Net Interest Income": 577000.0,
        "Interest Expense": 76000.0,
        "Interest Income": 653000.0,
        "Normalized Income": -13332000.0,
        "Net Income From Continuing And Discontinued Operation": -13332000.0,
        "Total Expenses": 21940000.0,
        "Total Operating Income As Reported": -13623000.0,
        "Diluted Average Shares": 19370000.0,
        "Basic Average Shares": 19370000.0,
        "Diluted EPS": -0.69,
        "Basic EPS": -0.69,
        "Diluted NI Availto Com Stockholders": -13332000.0,
        "Net Income Common Stockholders": -13332000.0,
        "Net Income": -13332000.0,
        "Net Income Including Noncontrolling Interests": -13332000.0,
        "Net Income Continuous Operations": -13332000.0,
        "Tax Provision": -2000.0,
        "Pretax Income": -13334000.0,
        "Other Income Expense": -5198000.0,
        "Other Non Operating Income Expenses": -288000.0,
        "Special Income Charges": 0.0,
        "Gain On Sale Of Business": 0.0,
        "Restructuring And Mergern Acquisition": NaN,
        "Earnings From Equity Interest": -4910000.0,
        "Gain On Sale Of Security": NaN,
        "Net Non Operating Interest Income Expense": 577000.0,
        "Interest Expense Non Operating": 76000.0,
        "Interest Income Non Operating": 653000.0,
        "Operating Income": -8713000.0,
        "Operating Expense": 9339000.0,
        "Other Operating Expenses": 9000.0,
        "Selling General And Administration": 9330000.0,
        "Gross Profit": 626000.0,
        "Cost Of Revenue": 12601000.0,
        "Total Revenue": 13227000.0,
        "Operating Revenue": 13227000.0
    },
    "2024-09-30": {
        "Tax Effect Of Unusual Items": 0.0,
        "Tax Rate For Calcs": 0.0,
        "Normalized EBITDA": -11890000.0,
        "Total Unusual Items": -4563000.0,
        "Total Unusual Items Excluding Goodwill": -4563000.0,
        "Net Income From Continuing Operation Net Minority Interest": -16687000.0,
        "Reconciled Depreciation": 65000.0,
        "Reconciled Cost Of Revenue": 25010000.0,
        "EBITDA": -16453000.0,
        "EBIT": -16518000.0,
        "Net Interest Income": 637000.0,
        "Interest Expense": 169000.0,
        "Interest Income": 806000.0,
        "Normalized Income": -12124000.0,
        "Net Income From Continuing And Discontinued Operation": -16687000.0,
        "Total Expenses": 34511000.0,
        "Total Operating Income As Reported": -14925000.0,
        "Diluted Average Shares": 19401000.0,
        "Basic Average Shares": 19401000.0,
        "Diluted EPS": -0.86,
        "Basic EPS": -0.86,
        "Diluted NI Availto Com Stockholders": -16687000.0,
        "Net Income Common Stockholders": -16687000.0,
        "Net Income": -16687000.0,
        "Net Income Including Noncontrolling Interests": -16687000.0,
        "Net Income Continuous Operations": -16687000.0,
        "Tax Provision": 0.0,
        "Pretax Income": -16687000.0,
        "Other Income Expense": -10476000.0,
        "Other Non Operating Income Expenses": -2399000.0,
        "Special Income Charges": -4563000.0,
        "Gain On Sale Of Business": 0.0,
        "Restructuring And Mergern Acquisition": 4563000.0,
        "Earnings From Equity Interest": -3514000.0,
        "Gain On Sale Of Security": NaN,
        "Net Non Operating Interest Income Expense": 637000.0,
        "Interest Expense Non Operating": 169000.0,
        "Interest Income Non Operating": 806000.0,
        "Operating Income": -6848000.0,
        "Operating Expense": 9501000.0,
        "Other Operating Expenses": 35000.0,
        "Selling General And Administration": 9466000.0,
        "Gross Profit": 2653000.0,
        "Cost Of Revenue": 25010000.0,
        "Total Revenue": 27663000.0,
        "Operating Revenue": 27663000.0
    },
    "2024-12-31": {
        "Tax Effect Of Unusual Items": 35422.994269,
        "Tax Rate For Calcs": 0.003313,
        "Normalized EBITDA": -21260000.0,
        "Total Unusual Items": 10692000.0,
        "Total Unusual Items Excluding Goodwill": 10692000.0,
        "Net Income From Continuing Operation Net Minority Interest": -11131000.0,
        "Reconciled Depreciation": 63000.0,
        "Reconciled Cost Of Revenue": 38761000.0,
        "EBITDA": -10568000.0,
        "EBIT": -10631000.0,
        "Net Interest Income": 189000.0,
        "Interest Expense": 537000.0,
        "Interest Income": 726000.0,
        "Normalized Income": -21787577.005731,
        "Net Income From Continuing And Discontinued Operation": -11131000.0,
        "Total Expenses": 50888000.0,
        "Total Operating Income As Reported": -12452000.0,
        "Diluted Average Shares": 20369000.0,
        "Basic Average Shares": 20369000.0,
        "Diluted EPS": -0.55,
        "Basic EPS": -0.55,
        "Diluted NI Availto Com Stockholders": -11131000.0,
        "Net Income Common Stockholders": -11131000.0,
        "Net Income": -11131000.0,
        "Net Income Including Noncontrolling Interests": -11131000.0,
        "Net Income Continuous Operations": -11131000.0,
        "Tax Provision": -37000.0,
        "Pretax Income": -11168000.0,
        "Other Income Expense": -6055000.0,
        "Other Non Operating Income Expenses": 1095000.0,
        "Special Income Charges": 10692000.0,
        "Gain On Sale Of Business": NaN,
        "Restructuring And Mergern Acquisition": 3194000.0,
        "Earnings From Equity Interest": -17842000.0,
        "Gain On Sale Of Security": NaN,
        "Net Non Operating Interest Income Expense": 189000.0,
        "Interest Expense Non Operating": 537000.0,
        "Interest Income Non Operating": 726000.0,
        "Operating Income": -5302000.0,
        "Operating Expense": 12127000.0,
        "Other Operating Expenses": 0.0,
        "Selling General And Administration": 12127000.0,
        "Gross Profit": 6825000.0,
        "Cost Of Revenue": 38761000.0,
        "Total Revenue": 45586000.0,
        "Operating Revenue": 45586000.0
    },
    "2025-03-31": {
        "Tax Effect Of Unusual Items": 0.0,
        "Tax Rate For Calcs": 0.0,
        "Normalized EBITDA": -14725000.0,
        "Total Unusual Items": -283000.0,
        "Total Unusual Items Excluding Goodwill": -283000.0,
        "Net Income From Continuing Operation Net Minority Interest": -15631000.0,
        "Reconciled Depreciation": 63000.0,
        "Reconciled Cost Of Revenue": 19862000.0,
        "EBITDA": -15008000.0,
        "EBIT": -15071000.0,
        "Net Interest Income": 139000.0,
        "Interest Expense": 560000.0,
        "Interest Income": 699000.0,
        "Normalized Income": -15348000.0,
        "Net Income From Continuing And Discontinued Operation": -15631000.0,
        "Total Expenses": 26633000.0,
        "Total Operating Income As Reported": -11855000.0,
        "Diluted Average Shares": 21939000.0,
        "Basic Average Shares": 21939000.0,
        "Diluted EPS": -0.71,
        "Basic EPS": -0.71,
        "Diluted NI Availto Com Stockholders": -15631000.0,
        "Net Income Common Stockholders": -15631000.0,
        "Net Income": -15631000.0,
        "Net Income Including Noncontrolling Interests": -15631000.0,
        "Net Income Continuous Operations": -15631000.0,
        "Tax Provision": 0.0,
        "Pretax Income": -15631000.0,
        "Other Income Expense": -9133000.0,
        "Other Non Operating Income Expenses": -3915000.0,
        "Special Income Charges": -283000.0,
        "Gain On Sale Of Business": 0.0,
        "Restructuring And Mergern Acquisition": 283000.0,
        "Earnings From Equity Interest": -4935000.0,
        "Gain On Sale Of Security": NaN,
        "Net Non Operating Interest Income Expense": 139000.0,
        "Interest Expense Non Operating": 560000.0,
        "Interest Income Non Operating": 699000.0,
        "Operating Income": -6637000.0,
        "Operating Expense": 6771000.0,
        "Other Operating Expenses": NaN,
        "Selling General And Administration": 6771000.0,
        "Gross Profit": 134000.0,
        "Cost Of Revenue": 19862000.0,
        "Total Revenue": 19996000.0,
        "Operating Revenue": 19996000.0
    }
}