{
    "2023-03-31": {
        "Tax Effect Of Unusual Items": NaN,
        "Tax Rate For Calcs": NaN,
        "Normalized EBITDA": NaN,
        "Net Income From Continuing Operation Net Minority Interest": NaN,
        "Reconciled Depreciation": NaN,
        "Reconciled Cost Of Revenue": 0.0,
        "EBITDA": NaN,
        "EBIT": NaN,
        "Net Interest Income": NaN,
        "Interest Income": NaN,
        "Normalized Income": NaN,
        "Net Income From Continuing And Discontinued Operation": NaN,
        "Total Expenses": NaN,
        "Total Operating Income As Reported": NaN,
        "Diluted Average Shares": NaN,
        "Basic Average Shares": NaN,
        "Diluted EPS": NaN,
        "Basic EPS": NaN,
        "Diluted NI Availto Com Stockholders": NaN,
        "Net Income Common Stockholders": NaN,
        "Net Income": NaN,
        "Net Income Including Noncontrolling Interests": NaN,
        "Net Income Continuous Operations": NaN,
        "Tax Provision": NaN,
        "Pretax Income": NaN,
        "Net Non Operating Interest Income Expense": NaN,
        "Total Other Finance Cost": 239000.0,
        "Interest Income Non Operating": NaN,
        "Operating Income": NaN,
        "Operating Expense": NaN,
        "Research And Development": NaN,
        "Selling General And Administration": NaN,
        "Selling And Marketing Expense": 0.0,
        "General And Administrative Expense": NaN,
        "Other Gand A": NaN,
        "Gross Profit": 0.0,
        "Cost Of Revenue": 0.0,
        "Total Revenue": NaN,
        "Operating Revenue": NaN
    },
    "2022-12-31": {
        "Tax Effect Of Unusual Items": NaN,
        "Tax Rate For Calcs": NaN,
        "Normalized EBITDA": NaN,
        "Net Income From Continuing Operation Net Minority Interest": NaN,
        "Reconciled Depreciation": NaN,
        "Reconciled Cost Of Revenue": 1291000.0,
        "EBITDA": NaN,
        "EBIT": NaN,
        "Net Interest Income": NaN,
        "Interest Income": NaN,
        "Normalized Income": NaN,
        "Net Income From Continuing And Discontinued Operation": NaN,
        "Total Expenses": NaN,
        "Total Operating Income As Reported": NaN,
        "Diluted Average Shares": NaN,
        "Basic Average Shares": NaN,
        "Diluted EPS": NaN,
        "Basic EPS": NaN,
        "Diluted NI Availto Com Stockholders": NaN,
        "Net Income Common Stockholders": NaN,
        "Net Income": NaN,
        "Net Income Including Noncontrolling Interests": NaN,
        "Net Income Continuous Operations": NaN,
        "Tax Provision": NaN,
        "Pretax Income": NaN,
        "Net Non Operating Interest Income Expense": NaN,
        "Total Other Finance Cost": 452000.0,
        "Interest Income Non Operating": NaN,
        "Operating Income": NaN,
        "Operating Expense": NaN,
        "Research And Development": NaN,
        "Selling General And Administration": NaN,
        "Selling And Marketing Expense": 768000.0,
        "General And Administrative Expense": NaN,
        "Other Gand A": NaN,
        "Gross Profit": -1300000.0,
        "Cost Of Revenue": 1291000.0,
        "Total Revenue": NaN,
        "Operating Revenue": NaN
    },
    "2022-09-30": {
        "Tax Effect Of Unusual Items": 0.0,
        "Tax Rate For Calcs": 0.0,
        "Normalized EBITDA": -17686000.0,
        "Net Income From Continuing Operation Net Minority Interest": -18039000.0,
        "Reconciled Depreciation": 339000.0,
        "Reconciled Cost Of Revenue": 8400000.0,
        "EBITDA": -17686000.0,
        "EBIT": -18025000.0,
        "Net Interest Income": -14000.0,
        "Interest Expense": NaN,
        "Interest Income": NaN,
        "Normalized Income": -18039000.0,
        "Net Income From Continuing And Discontinued Operation": -18039000.0,
        "Total Expenses": 18025000.0,
        "Total Operating Income As Reported": -18025000.0,
        "Diluted Average Shares": 37158000.0,
        "Basic Average Shares": 37158000.0,
        "Diluted EPS": -0.49,
        "Basic EPS": -0.49,
        "Diluted NI Availto Com Stockholders": -18039000.0,
        "Net Income Common Stockholders": -18039000.0,
        "Net Income": -18039000.0,
        "Net Income Including Noncontrolling Interests": -18039000.0,
        "Net Income Continuous Operations": -18039000.0,
        "Tax Provision": NaN,
        "Pretax Income": -18039000.0,
        "Net Non Operating Interest Income Expense": -14000.0,
        "Total Other Finance Cost": 14000.0,
        "Interest Expense Non Operating": NaN,
        "Interest Income Non Operating": NaN,
        "Operating Income": -18025000.0,
        "Operating Expense": 9625000.0,
        "Research And Development": 4517000.0,
        "Selling General And Administration": 5108000.0,
        "Selling And Marketing Expense": 2020000.0,
        "General And Administrative Expense": 3088000.0,
        "Other Gand A": 3088000.0,
        "Gross Profit": -8400000.0,
        "Cost Of Revenue": 8400000.0,
        "Total Revenue": 0.0,
        "Operating Revenue": 0.0
    },
    "2022-06-30": {
        "Tax Effect Of Unusual Items": 0.0,
        "Tax Rate For Calcs": 0.0,
        "Normalized EBITDA": -13660000.0,
        "Net Income From Continuing Operation Net Minority Interest": -13996000.0,
        "Reconciled Depreciation": 354000.0,
        "Reconciled Cost Of Revenue": 1344000.0,
        "EBITDA": -13660000.0,
        "EBIT": -14014000.0,
        "Net Interest Income": 18000.0,
        "Interest Expense": NaN,
        "Interest Income": NaN,
        "Normalized Income": -13996000.0,
        "Net Income From Continuing And Discontinued Operation": -13996000.0,
        "Total Expenses": 14279000.0,
        "Total Operating Income As Reported": -14014000.0,
        "Diluted Average Shares": 31492000.0,
        "Basic Average Shares": 31492000.0,
        "Diluted EPS": -0.44,
        "Basic EPS": -0.44,
        "Diluted NI Availto Com Stockholders": -13996000.0,
        "Net Income Common Stockholders": -13996000.0,
        "Net Income": -13996000.0,
        "Net Income Including Noncontrolling Interests": -13996000.0,
        "Net Income Continuous Operations": -13996000.0,
        "Tax Provision": NaN,
        "Pretax Income": -13996000.0,
        "Net Non Operating Interest Income Expense": 18000.0,
        "Total Other Finance Cost": -18000.0,
        "Interest Expense Non Operating": NaN,
        "Interest Income Non Operating": NaN,
        "Operating Income": -14014000.0,
        "Operating Expense": 12935000.0,
        "Research And Development": 5458000.0,
        "Selling General And Administration": 7477000.0,
        "Selling And Marketing Expense": 3690000.0,
        "General And Administrative Expense": 3787000.0,
        "Other Gand A": 3787000.0,
        "Gross Profit": -1079000.0,
        "Cost Of Revenue": 1344000.0,
        "Total Revenue": 265000.0,
        "Operating Revenue": 265000.0
    },
    "2022-03-31": {
        "Diluted EPS": -0.58,
        "Total Revenue": 0,
        "Gross Profit": 0,
        "Operating Income": -17,
        "EBIT": -17,
        "Net Income": -17
    },
    "2021-12-31": {
        "Diluted EPS": -0.51,
        "Total Revenue": 1,
        "Gross Profit": 0,
        "Operating Income": -15,
        "EBIT": -15,
        "Net Income": -15
    },
    "2021-09-30": {
        "Diluted EPS": -0.48,
        "Total Revenue": 1,
        "Gross Profit": 0,
        "Operating Income": -14,
        "EBIT": -14,
        "Net Income": -14
    },
    "2021-06-30": {
        "Diluted EPS": -0.58,
        "Total Revenue": NaN,
        "Gross Profit": NaN,
        "Operating Income": -15,
        "EBIT": -15,
        "Net Income": -15
    },
    "2021-03-31": {
        "Diluted EPS": -0.71,
        "Total Revenue": NaN,
        "Gross Profit": NaN,
        "Operating Income": -19,
        "EBIT": -18,
        "Net Income": -19
    },
    "2020-12-31": {
        "Diluted EPS": -0.53,
        "Total Revenue": NaN,
        "Gross Profit": NaN,
        "Operating Income": -14,
        "EBIT": -13,
        "Net Income": -14
    },
    "2020-09-30": {
        "Diluted EPS": -0.51,
        "Total Revenue": NaN,
        "Gross Profit": NaN,
        "Operating Income": -13,
        "EBIT": -13,
        "Net Income": -13
    },
    "2020-06-30": {
        "Diluted EPS": -0.53,
        "Total Revenue": NaN,
        "Gross Profit": NaN,
        "Operating Income": -11,
        "EBIT": -11,
        "Net Income": -11
    },
    "2020-03-31": {
        "Diluted EPS": -0.57,
        "Total Revenue": NaN,
        "Gross Profit": NaN,
        "Operating Income": -12,
        "EBIT": -12,
        "Net Income": -12
    },
    "2019-12-31": {
        "Diluted EPS": -0.65,
        "Total Revenue": NaN,
        "Gross Profit": NaN,
        "Operating Income": -14,
        "EBIT": -14,
        "Net Income": -14
    },
    "2019-09-30": {
        "Diluted EPS": -0.57,
        "Total Revenue": NaN,
        "Gross Profit": NaN,
        "Operating Income": -12,
        "EBIT": -12,
        "Net Income": -12
    },
    "2019-06-30": {
        "Diluted EPS": -0.55,
        "Total Revenue": NaN,
        "Gross Profit": NaN,
        "Operating Income": -12,
        "EBIT": -12,
        "Net Income": -11
    },
    "2019-03-31": {
        "Diluted EPS": -0.49,
        "Total Revenue": NaN,
        "Gross Profit": NaN,
        "Operating Income": -10,
        "EBIT": -10,
        "Net Income": -10
    },
    "2018-12-31": {
        "Diluted EPS": -0.51,
        "Total Revenue": NaN,
        "Gross Profit": NaN,
        "Operating Income": -9,
        "EBIT": -9,
        "Net Income": -9
    },
    "2018-09-30": {
        "Diluted EPS": -0.64,
        "Total Revenue": NaN,
        "Gross Profit": NaN,
        "Operating Income": -11,
        "EBIT": -11,
        "Net Income": -11
    },
    "2018-06-30": {
        "Diluted EPS": -0.54,
        "Total Revenue": NaN,
        "Gross Profit": NaN,
        "Operating Income": -9,
        "EBIT": -9,
        "Net Income": -9
    },
    "2018-03-31": {
        "Diluted EPS": -0.51,
        "Total Revenue": NaN,
        "Gross Profit": NaN,
        "Operating Income": -9,
        "EBIT": -8,
        "Net Income": -9
    },
    "2017-12-31": {
        "Diluted EPS": -0.55,
        "Total Revenue": NaN,
        "Gross Profit": NaN,
        "Operating Income": -9,
        "EBIT": -9,
        "Net Income": -9
    },
    "2017-09-30": {
        "Diluted EPS": -0.52,
        "Total Revenue": NaN,
        "Gross Profit": NaN,
        "Operating Income": -8,
        "EBIT": -7,
        "Net Income": -7
    },
    "2017-06-30": {
        "Diluted EPS": -0.43,
        "Total Revenue": NaN,
        "Gross Profit": NaN,
        "Operating Income": -6,
        "EBIT": -6,
        "Net Income": -6
    },
    "2017-03-31": {
        "Diluted EPS": -0.23,
        "Total Revenue": NaN,
        "Gross Profit": NaN,
        "Operating Income": -3,
        "EBIT": -3,
        "Net Income": -3
    },
    "2016-12-31": {
        "Diluted EPS": -0.2,
        "Total Revenue": NaN,
        "Gross Profit": NaN,
        "Operating Income": -3,
        "EBIT": -3,
        "Net Income": -3
    },
    "2016-09-30": {
        "Diluted EPS": -0.21,
        "Total Revenue": NaN,
        "Gross Profit": NaN,
        "Operating Income": -3,
        "EBIT": -3,
        "Net Income": -3
    },
    "2016-06-30": {
        "Diluted EPS": -0.23,
        "Total Revenue": NaN,
        "Gross Profit": NaN,
        "Operating Income": -2,
        "EBIT": -2,
        "Net Income": -2
    },
    "2016-03-31": {
        "Diluted EPS": -0.22,
        "Total Revenue": NaN,
        "Gross Profit": NaN,
        "Operating Income": -2,
        "EBIT": -1,
        "Net Income": -2
    },
    "2015-12-31": {
        "Diluted EPS": -0.13,
        "Total Revenue": NaN,
        "Gross Profit": NaN,
        "Operating Income": -2,
        "EBIT": -2,
        "Net Income": -1
    },
    "2015-09-30": {
        "Diluted EPS": -0.1,
        "Total Revenue": NaN,
        "Gross Profit": NaN,
        "Operating Income": -1,
        "EBIT": -1,
        "Net Income": -1
    },
    "2015-06-30": {
        "Diluted EPS": -0.08,
        "Total Revenue": NaN,
        "Gross Profit": NaN,
        "Operating Income": -1,
        "EBIT": -1,
        "Net Income": -1
    },
    "2015-03-31": {
        "Diluted EPS": -0.06,
        "Total Revenue": NaN,
        "Gross Profit": NaN,
        "Operating Income": -1,
        "EBIT": -1,
        "Net Income": 0
    },
    "2023-06-30": {
        "Tax Effect Of Unusual Items": NaN,
        "Tax Rate For Calcs": NaN,
        "Normalized EBITDA": NaN,
        "Net Income From Continuing Operation Net Minority Interest": NaN,
        "Reconciled Depreciation": NaN,
        "Reconciled Cost Of Revenue": 0.0,
        "EBITDA": NaN,
        "EBIT": NaN,
        "Net Interest Income": NaN,
        "Interest Income": 317000.0,
        "Normalized Income": NaN,
        "Net Income From Continuing And Discontinued Operation": NaN,
        "Total Expenses": NaN,
        "Total Operating Income As Reported": NaN,
        "Diluted Average Shares": 46086000.0,
        "Basic Average Shares": 46086000.0,
        "Diluted EPS": -0.22,
        "Basic EPS": -0.22,
        "Diluted NI Availto Com Stockholders": NaN,
        "Net Income Common Stockholders": NaN,
        "Net Income": NaN,
        "Net Income Including Noncontrolling Interests": NaN,
        "Net Income Continuous Operations": NaN,
        "Tax Provision": NaN,
        "Pretax Income": NaN,
        "Net Non Operating Interest Income Expense": NaN,
        "Total Other Finance Cost": NaN,
        "Interest Income Non Operating": 317000.0,
        "Operating Income": NaN,
        "Operating Expense": NaN,
        "Research And Development": NaN,
        "Selling General And Administration": NaN,
        "Selling And Marketing Expense": 0.0,
        "General And Administrative Expense": NaN,
        "Other Gand A": NaN,
        "Gross Profit": 0.0,
        "Cost Of Revenue": 0.0,
        "Total Revenue": NaN,
        "Operating Revenue": NaN
    },
    "2023-09-30": {
        "Tax Effect Of Unusual Items": NaN,
        "Tax Rate For Calcs": NaN,
        "Normalized EBITDA": NaN,
        "Net Income From Continuing Operation Net Minority Interest": NaN,
        "Reconciled Depreciation": NaN,
        "Reconciled Cost Of Revenue": 0.0,
        "EBITDA": NaN,
        "EBIT": NaN,
        "Net Interest Income": NaN,
        "Interest Income": 686000.0,
        "Normalized Income": NaN,
        "Net Income From Continuing And Discontinued Operation": NaN,
        "Total Expenses": NaN,
        "Total Operating Income As Reported": NaN,
        "Diluted Average Shares": NaN,
        "Basic Average Shares": NaN,
        "Diluted EPS": NaN,
        "Basic EPS": NaN,
        "Diluted NI Availto Com Stockholders": NaN,
        "Net Income Common Stockholders": NaN,
        "Net Income": NaN,
        "Net Income Including Noncontrolling Interests": NaN,
        "Net Income Continuous Operations": NaN,
        "Tax Provision": NaN,
        "Pretax Income": NaN,
        "Net Non Operating Interest Income Expense": NaN,
        "Total Other Finance Cost": -686000.0,
        "Interest Income Non Operating": 686000.0,
        "Operating Income": NaN,
        "Operating Expense": NaN,
        "Research And Development": NaN,
        "Selling General And Administration": NaN,
        "Selling And Marketing Expense": 0.0,
        "General And Administrative Expense": NaN,
        "Other Gand A": NaN,
        "Gross Profit": 0.0,
        "Cost Of Revenue": 0.0,
        "Total Revenue": NaN,
        "Operating Revenue": NaN
    },
    "2023-12-31": {
        "Tax Effect Of Unusual Items": NaN,
        "Tax Rate For Calcs": NaN,
        "Normalized EBITDA": NaN,
        "Net Income From Continuing Operation Net Minority Interest": NaN,
        "Reconciled Depreciation": NaN,
        "Reconciled Cost Of Revenue": 0.0,
        "EBITDA": NaN,
        "EBIT": NaN,
        "Net Interest Income": NaN,
        "Interest Income": NaN,
        "Normalized Income": NaN,
        "Net Income From Continuing And Discontinued Operation": NaN,
        "Total Expenses": NaN,
        "Total Operating Income As Reported": NaN,
        "Diluted Average Shares": NaN,
        "Basic Average Shares": NaN,
        "Diluted EPS": NaN,
        "Basic EPS": NaN,
        "Diluted NI Availto Com Stockholders": NaN,
        "Net Income Common Stockholders": NaN,
        "Net Income": NaN,
        "Net Income Including Noncontrolling Interests": NaN,
        "Net Income Continuous Operations": NaN,
        "Tax Provision": NaN,
        "Pretax Income": NaN,
        "Net Non Operating Interest Income Expense": NaN,
        "Total Other Finance Cost": -600000.0,
        "Interest Income Non Operating": NaN,
        "Operating Income": NaN,
        "Operating Expense": NaN,
        "Research And Development": NaN,
        "Selling General And Administration": NaN,
        "Selling And Marketing Expense": 0.0,
        "General And Administrative Expense": NaN,
        "Other Gand A": NaN,
        "Gross Profit": 0.0,
        "Cost Of Revenue": 0.0,
        "Total Revenue": NaN,
        "Operating Revenue": NaN
    },
    "2024-03-31": {
        "Tax Effect Of Unusual Items": NaN,
        "Tax Rate For Calcs": NaN,
        "Normalized EBITDA": NaN,
        "Net Income From Continuing Operation Net Minority Interest": NaN,
        "Reconciled Depreciation": NaN,
        "Reconciled Cost Of Revenue": NaN,
        "EBITDA": NaN,
        "EBIT": NaN,
        "Net Interest Income": NaN,
        "Interest Income": NaN,
        "Normalized Income": NaN,
        "Net Income From Continuing And Discontinued Operation": NaN,
        "Total Expenses": NaN,
        "Total Operating Income As Reported": NaN,
        "Diluted Average Shares": NaN,
        "Basic Average Shares": NaN,
        "Diluted EPS": NaN,
        "Basic EPS": NaN,
        "Diluted NI Availto Com Stockholders": NaN,
        "Net Income Common Stockholders": NaN,
        "Net Income": NaN,
        "Net Income Including Noncontrolling Interests": NaN,
        "Net Income Continuous Operations": NaN,
        "Tax Provision": NaN,
        "Pretax Income": NaN,
        "Other Income Expense": NaN,
        "Other Non Operating Income Expenses": NaN,
        "Net Non Operating Interest Income Expense": NaN,
        "Total Other Finance Cost": -478000.0,
        "Interest Income Non Operating": NaN,
        "Operating Income": NaN,
        "Operating Expense": NaN,
        "Research And Development": NaN,
        "Selling General And Administration": NaN,
        "General And Administrative Expense": NaN,
        "Other Gand A": NaN,
        "Gross Profit": NaN,
        "Cost Of Revenue": NaN,
        "Total Revenue": NaN,
        "Operating Revenue": NaN
    },
    "2024-06-30": {
        "Tax Effect Of Unusual Items": NaN,
        "Tax Rate For Calcs": NaN,
        "Normalized EBITDA": NaN,
        "Net Income From Continuing Operation Net Minority Interest": NaN,
        "Reconciled Depreciation": NaN,
        "Reconciled Cost Of Revenue": NaN,
        "EBITDA": NaN,
        "EBIT": NaN,
        "Net Interest Income": NaN,
        "Interest Income": 343000.0,
        "Normalized Income": NaN,
        "Net Income From Continuing And Discontinued Operation": NaN,
        "Total Expenses": NaN,
        "Total Operating Income As Reported": NaN,
        "Diluted Average Shares": NaN,
        "Basic Average Shares": NaN,
        "Diluted EPS": NaN,
        "Basic EPS": NaN,
        "Diluted NI Availto Com Stockholders": NaN,
        "Net Income Common Stockholders": NaN,
        "Net Income": NaN,
        "Net Income Including Noncontrolling Interests": NaN,
        "Net Income Continuous Operations": NaN,
        "Tax Provision": 0.0,
        "Pretax Income": NaN,
        "Other Income Expense": NaN,
        "Other Non Operating Income Expenses": NaN,
        "Net Non Operating Interest Income Expense": NaN,
        "Total Other Finance Cost": NaN,
        "Interest Income Non Operating": 343000.0,
        "Operating Income": NaN,
        "Operating Expense": NaN,
        "Research And Development": NaN,
        "Selling General And Administration": NaN,
        "General And Administrative Expense": 4496000.0,
        "Other Gand A": 4496000.0,
        "Gross Profit": NaN,
        "Cost Of Revenue": NaN,
        "Total Revenue": NaN,
        "Operating Revenue": NaN
    },
    "2024-09-30": {
        "Tax Effect Of Unusual Items": 0.0,
        "Tax Rate For Calcs": 0.0,
        "Normalized EBITDA": -13361000.0,
        "Net Income From Continuing Operation Net Minority Interest": -12680000.0,
        "Reconciled Depreciation": 294000.0,
        "Reconciled Cost Of Revenue": NaN,
        "EBITDA": -13361000.0,
        "EBIT": -13655000.0,
        "Net Interest Income": 975000.0,
        "Interest Income": 975000.0,
        "Normalized Income": -12680000.0,
        "Net Income From Continuing And Discontinued Operation": -12680000.0,
        "Total Expenses": 13655000.0,
        "Total Operating Income As Reported": -13655000.0,
        "Diluted Average Shares": 61066000.0,
        "Basic Average Shares": 61066000.0,
        "Diluted EPS": -0.21,
        "Basic EPS": -0.21,
        "Diluted NI Availto Com Stockholders": -12680000.0,
        "Net Income Common Stockholders": -12680000.0,
        "Net Income": -12680000.0,
        "Net Income Including Noncontrolling Interests": -12680000.0,
        "Net Income Continuous Operations": -12680000.0,
        "Tax Provision": 0.0,
        "Pretax Income": -12680000.0,
        "Other Income Expense": NaN,
        "Other Non Operating Income Expenses": NaN,
        "Net Non Operating Interest Income Expense": 975000.0,
        "Total Other Finance Cost": NaN,
        "Interest Income Non Operating": 975000.0,
        "Operating Income": -13655000.0,
        "Operating Expense": 13655000.0,
        "Research And Development": 7703000.0,
        "Selling General And Administration": 5952000.0,
        "General And Administrative Expense": 5952000.0,
        "Other Gand A": 5952000.0,
        "Gross Profit": NaN,
        "Cost Of Revenue": NaN,
        "Total Revenue": 0.0,
        "Operating Revenue": 0.0
    },
    "2024-12-31": {
        "Tax Effect Of Unusual Items": 0.0,
        "Tax Rate For Calcs": 0.0,
        "Normalized EBITDA": -19974000.0,
        "Net Income From Continuing Operation Net Minority Interest": -19385000.0,
        "Reconciled Depreciation": 287000.0,
        "Reconciled Cost Of Revenue": NaN,
        "EBITDA": -19974000.0,
        "EBIT": -20261000.0,
        "Net Interest Income": 876000.0,
        "Interest Income": NaN,
        "Normalized Income": -19385000.0,
        "Net Income From Continuing And Discontinued Operation": -19385000.0,
        "Total Expenses": 20261000.0,
        "Total Operating Income As Reported": -20261000.0,
        "Diluted Average Shares": 62056000.0,
        "Basic Average Shares": 62056000.0,
        "Diluted EPS": -0.31,
        "Basic EPS": -0.31,
        "Diluted NI Availto Com Stockholders": -19385000.0,
        "Net Income Common Stockholders": -19385000.0,
        "Net Income": -19385000.0,
        "Net Income Including Noncontrolling Interests": -19385000.0,
        "Net Income Continuous Operations": -19385000.0,
        "Tax Provision": 0.0,
        "Pretax Income": -19385000.0,
        "Other Income Expense": NaN,
        "Other Non Operating Income Expenses": NaN,
        "Net Non Operating Interest Income Expense": 876000.0,
        "Total Other Finance Cost": NaN,
        "Interest Income Non Operating": NaN,
        "Operating Income": -20261000.0,
        "Operating Expense": 20261000.0,
        "Research And Development": 10662000.0,
        "Selling General And Administration": 9599000.0,
        "General And Administrative Expense": 9599000.0,
        "Other Gand A": 9599000.0,
        "Gross Profit": NaN,
        "Cost Of Revenue": NaN,
        "Total Revenue": 0.0,
        "Operating Revenue": 0.0
    },
    "2025-03-31": {
        "Tax Effect Of Unusual Items": 0.0,
        "Tax Rate For Calcs": 0.0,
        "Normalized EBITDA": -17761000.0,
        "Net Income From Continuing Operation Net Minority Interest": -16795000.0,
        "Reconciled Depreciation": 283000.0,
        "Reconciled Cost Of Revenue": NaN,
        "EBITDA": -17761000.0,
        "EBIT": -18044000.0,
        "Net Interest Income": 1249000.0,
        "Interest Income": NaN,
        "Normalized Income": -16795000.0,
        "Net Income From Continuing And Discontinued Operation": -16795000.0,
        "Total Expenses": 18044000.0,
        "Total Operating Income As Reported": -18044000.0,
        "Diluted Average Shares": 67126000.0,
        "Basic Average Shares": 67126000.0,
        "Diluted EPS": -0.25,
        "Basic EPS": -0.25,
        "Diluted NI Availto Com Stockholders": -16795000.0,
        "Net Income Common Stockholders": -16795000.0,
        "Net Income": -16795000.0,
        "Net Income Including Noncontrolling Interests": -16795000.0,
        "Net Income Continuous Operations": -16795000.0,
        "Tax Provision": 0.0,
        "Pretax Income": -16795000.0,
        "Other Income Expense": NaN,
        "Other Non Operating Income Expenses": NaN,
        "Net Non Operating Interest Income Expense": 1249000.0,
        "Total Other Finance Cost": -1249000.0,
        "Interest Income Non Operating": NaN,
        "Operating Income": -18044000.0,
        "Operating Expense": 18044000.0,
        "Research And Development": 10313000.0,
        "Selling General And Administration": 7731000.0,
        "General And Administrative Expense": 7731000.0,
        "Other Gand A": 7731000.0,
        "Gross Profit": NaN,
        "Cost Of Revenue": NaN,
        "Total Revenue": 0.0,
        "Operating Revenue": 0.0
    },
    "2025-06-30": {
        "Tax Effect Of Unusual Items": 0.0,
        "Tax Rate For Calcs": 0.0,
        "Normalized EBITDA": -20002000.0,
        "Net Income From Continuing Operation Net Minority Interest": -19168000.0,
        "Reconciled Depreciation": 273000.0,
        "Reconciled Cost Of Revenue": NaN,
        "EBITDA": -20002000.0,
        "EBIT": -20275000.0,
        "Net Interest Income": 1107000.0,
        "Interest Income": 1107000.0,
        "Normalized Income": -19168000.0,
        "Net Income From Continuing And Discontinued Operation": -19168000.0,
        "Total Expenses": 20275000.0,
        "Total Operating Income As Reported": -20275000.0,
        "Diluted Average Shares": 67276000.0,
        "Basic Average Shares": 67276000.0,
        "Diluted EPS": -0.28,
        "Basic EPS": -0.28,
        "Diluted NI Availto Com Stockholders": -19168000.0,
        "Net Income Common Stockholders": -19168000.0,
        "Net Income": -19168000.0,
        "Net Income Including Noncontrolling Interests": -19168000.0,
        "Net Income Continuous Operations": -19168000.0,
        "Tax Provision": 0.0,
        "Pretax Income": -19168000.0,
        "Other Income Expense": NaN,
        "Other Non Operating Income Expenses": NaN,
        "Net Non Operating Interest Income Expense": 1107000.0,
        "Total Other Finance Cost": NaN,
        "Interest Income Non Operating": 1107000.0,
        "Operating Income": -20275000.0,
        "Operating Expense": 20275000.0,
        "Research And Development": 12088000.0,
        "Selling General And Administration": 8187000.0,
        "General And Administrative Expense": 8187000.0,
        "Other Gand A": 8187000.0,
        "Gross Profit": NaN,
        "Cost Of Revenue": NaN,
        "Total Revenue": 0.0,
        "Operating Revenue": 0.0
    },
    "2025-09-30": {
        "Tax Effect Of Unusual Items": 0.0,
        "Tax Rate For Calcs": 0.0,
        "Normalized EBITDA": -20111000.0,
        "Net Income From Continuing Operation Net Minority Interest": -19385000.0,
        "Reconciled Depreciation": 256000.0,
        "Reconciled Cost Of Revenue": 279000.0,
        "EBITDA": -20111000.0,
        "EBIT": -20367000.0,
        "Net Interest Income": 1001000.0,
        "Interest Income": 1001000.0,
        "Normalized Income": -19385000.0,
        "Net Income From Continuing And Discontinued Operation": -19385000.0,
        "Total Expenses": 20453000.0,
        "Total Operating Income As Reported": -20367000.0,
        "Diluted Average Shares": 67385000.0,
        "Basic Average Shares": 67385000.0,
        "Diluted EPS": -0.29,
        "Basic EPS": -0.29,
        "Diluted NI Availto Com Stockholders": -19385000.0,
        "Net Income Common Stockholders": -19385000.0,
        "Net Income": -19385000.0,
        "Net Income Including Noncontrolling Interests": -19385000.0,
        "Net Income Continuous Operations": -19385000.0,
        "Tax Provision": NaN,
        "Pretax Income": -19385000.0,
        "Other Income Expense": -19000.0,
        "Other Non Operating Income Expenses": -19000.0,
        "Net Non Operating Interest Income Expense": 1001000.0,
        "Total Other Finance Cost": NaN,
        "Interest Income Non Operating": 1001000.0,
        "Operating Income": -20367000.0,
        "Operating Expense": 20174000.0,
        "Research And Development": 11393000.0,
        "Selling General And Administration": 8781000.0,
        "General And Administrative Expense": NaN,
        "Other Gand A": NaN,
        "Gross Profit": -193000.0,
        "Cost Of Revenue": 279000.0,
        "Total Revenue": 86000.0,
        "Operating Revenue": 86000.0
    }
}