{
    "2023-12-31": {
        "Tax Effect Of Unusual Items": NaN,
        "Tax Rate For Calcs": NaN,
        "Normalized EBITDA": NaN,
        "Total Unusual Items": NaN,
        "Total Unusual Items Excluding Goodwill": NaN,
        "Net Income From Continuing Operation Net Minority Interest": NaN,
        "Reconciled Depreciation": NaN,
        "Reconciled Cost Of Revenue": NaN,
        "EBITDA": NaN,
        "EBIT": NaN,
        "Net Interest Income": NaN,
        "Interest Expense": NaN,
        "Normalized Income": NaN,
        "Net Income From Continuing And Discontinued Operation": NaN,
        "Total Expenses": NaN,
        "Total Operating Income As Reported": NaN,
        "Diluted Average Shares": 15578449.0,
        "Basic Average Shares": 15578449.0,
        "Diluted EPS": 0.077286,
        "Basic EPS": 0.077286,
        "Diluted NI Availto Com Stockholders": NaN,
        "Net Income Common Stockholders": NaN,
        "Net Income": NaN,
        "Net Income Including Noncontrolling Interests": NaN,
        "Net Income Continuous Operations": NaN,
        "Pretax Income": NaN,
        "Other Income Expense": NaN,
        "Gain On Sale Of Security": NaN,
        "Net Non Operating Interest Income Expense": NaN,
        "Interest Expense Non Operating": NaN,
        "Operating Income": NaN,
        "Operating Expense": NaN,
        "Selling General And Administration": NaN,
        "Selling And Marketing Expense": NaN,
        "General And Administrative Expense": NaN,
        "Other Gand A": NaN,
        "Gross Profit": NaN,
        "Cost Of Revenue": NaN,
        "Total Revenue": NaN,
        "Operating Revenue": NaN
    },
    "2023-09-30": {
        "Tax Effect Of Unusual Items": NaN,
        "Tax Rate For Calcs": NaN,
        "Normalized EBITDA": NaN,
        "Total Unusual Items": NaN,
        "Total Unusual Items Excluding Goodwill": NaN,
        "Net Income From Continuing Operation Net Minority Interest": NaN,
        "Reconciled Depreciation": NaN,
        "Reconciled Cost Of Revenue": NaN,
        "EBITDA": NaN,
        "EBIT": NaN,
        "Net Interest Income": NaN,
        "Interest Expense": NaN,
        "Normalized Income": NaN,
        "Net Income From Continuing And Discontinued Operation": NaN,
        "Total Expenses": NaN,
        "Total Operating Income As Reported": NaN,
        "Diluted Average Shares": 15578449.0,
        "Basic Average Shares": 15578449.0,
        "Diluted EPS": -0.096993,
        "Basic EPS": -0.096993,
        "Diluted NI Availto Com Stockholders": NaN,
        "Net Income Common Stockholders": NaN,
        "Net Income": NaN,
        "Net Income Including Noncontrolling Interests": NaN,
        "Net Income Continuous Operations": NaN,
        "Pretax Income": NaN,
        "Other Income Expense": NaN,
        "Gain On Sale Of Security": NaN,
        "Net Non Operating Interest Income Expense": NaN,
        "Interest Expense Non Operating": NaN,
        "Operating Income": NaN,
        "Operating Expense": NaN,
        "Depreciation Amortization Depletion Income Statement": 156000.0,
        "Depreciation And Amortization In Income Statement": 156000.0,
        "Selling General And Administration": NaN,
        "Selling And Marketing Expense": NaN,
        "General And Administrative Expense": NaN,
        "Other Gand A": NaN,
        "Salaries And Wages": 1377000.0,
        "Gross Profit": NaN,
        "Cost Of Revenue": NaN,
        "Total Revenue": NaN,
        "Operating Revenue": NaN
    },
    "2023-06-30": {
        "Tax Effect Of Unusual Items": NaN,
        "Tax Rate For Calcs": NaN,
        "Normalized EBITDA": NaN,
        "Total Unusual Items": NaN,
        "Total Unusual Items Excluding Goodwill": NaN,
        "Net Income From Continuing Operation Net Minority Interest": NaN,
        "Reconciled Depreciation": NaN,
        "Reconciled Cost Of Revenue": NaN,
        "EBITDA": NaN,
        "EBIT": NaN,
        "Net Interest Income": NaN,
        "Interest Expense": NaN,
        "Normalized Income": NaN,
        "Net Income From Continuing And Discontinued Operation": NaN,
        "Total Expenses": NaN,
        "Total Operating Income As Reported": NaN,
        "Diluted Average Shares": NaN,
        "Basic Average Shares": NaN,
        "Diluted EPS": NaN,
        "Basic EPS": NaN,
        "Diluted NI Availto Com Stockholders": NaN,
        "Net Income Common Stockholders": NaN,
        "Net Income": NaN,
        "Net Income Including Noncontrolling Interests": NaN,
        "Net Income Continuous Operations": NaN,
        "Tax Provision": 0.0,
        "Pretax Income": NaN,
        "Other Income Expense": NaN,
        "Gain On Sale Of Security": NaN,
        "Net Non Operating Interest Income Expense": NaN,
        "Interest Expense Non Operating": NaN,
        "Operating Income": NaN,
        "Operating Expense": NaN,
        "Depreciation Amortization Depletion Income Statement": 143000.0,
        "Depreciation And Amortization In Income Statement": 143000.0,
        "Selling General And Administration": NaN,
        "Selling And Marketing Expense": NaN,
        "General And Administrative Expense": NaN,
        "Other Gand A": NaN,
        "Salaries And Wages": 1119000.0,
        "Gross Profit": NaN,
        "Cost Of Revenue": NaN,
        "Total Revenue": NaN,
        "Operating Revenue": NaN
    },
    "2023-03-31": {
        "Tax Effect Of Unusual Items": 0.0,
        "Tax Rate For Calcs": 0.0,
        "Normalized EBITDA": -2516000.0,
        "Total Unusual Items": 496000.0,
        "Total Unusual Items Excluding Goodwill": 496000.0,
        "Net Income From Continuing Operation Net Minority Interest": -2467000.0,
        "Reconciled Depreciation": 139000.0,
        "Reconciled Cost Of Revenue": 3044000.0,
        "EBITDA": -2020000.0,
        "EBIT": -2159000.0,
        "Net Interest Income": -429000.0,
        "Interest Expense": 429000.0,
        "Normalized Income": -2963000.0,
        "Net Income From Continuing And Discontinued Operation": -2467000.0,
        "Total Expenses": 6667000.0,
        "Total Operating Income As Reported": -2655000.0,
        "Diluted Average Shares": NaN,
        "Basic Average Shares": NaN,
        "Diluted EPS": NaN,
        "Basic EPS": NaN,
        "Diluted NI Availto Com Stockholders": -2467000.0,
        "Net Income Common Stockholders": -2467000.0,
        "Net Income": -2467000.0,
        "Net Income Including Noncontrolling Interests": -2467000.0,
        "Net Income Continuous Operations": -2467000.0,
        "Tax Provision": NaN,
        "Pretax Income": -2588000.0,
        "Other Income Expense": 496000.0,
        "Gain On Sale Of Security": 496000.0,
        "Net Non Operating Interest Income Expense": -429000.0,
        "Interest Expense Non Operating": 429000.0,
        "Operating Income": -2655000.0,
        "Operating Expense": 3623000.0,
        "Depreciation Amortization Depletion Income Statement": NaN,
        "Depreciation And Amortization In Income Statement": NaN,
        "Selling General And Administration": 3076000.0,
        "Selling And Marketing Expense": 1703000.0,
        "General And Administrative Expense": 1373000.0,
        "Other Gand A": -8490000.0,
        "Salaries And Wages": NaN,
        "Gross Profit": 968000.0,
        "Cost Of Revenue": 3044000.0,
        "Total Revenue": 4012000.0,
        "Operating Revenue": 4012000.0
    },
    "2022-12-31": {
        "Tax Effect Of Unusual Items": NaN,
        "Tax Rate For Calcs": NaN,
        "Normalized EBITDA": NaN,
        "Total Unusual Items": NaN,
        "Total Unusual Items Excluding Goodwill": NaN,
        "Net Income From Continuing Operation Net Minority Interest": NaN,
        "Reconciled Depreciation": NaN,
        "Reconciled Cost Of Revenue": NaN,
        "EBITDA": NaN,
        "EBIT": NaN,
        "Net Interest Income": NaN,
        "Interest Expense": NaN,
        "Normalized Income": NaN,
        "Net Income From Continuing And Discontinued Operation": NaN,
        "Total Expenses": NaN,
        "Total Operating Income As Reported": NaN,
        "Diluted Average Shares": 15578449.0,
        "Basic Average Shares": 15578449.0,
        "Diluted EPS": 0.209713,
        "Basic EPS": 0.209713,
        "Diluted NI Availto Com Stockholders": NaN,
        "Net Income Common Stockholders": NaN,
        "Net Income": NaN,
        "Net Income Including Noncontrolling Interests": NaN,
        "Net Income Continuous Operations": NaN,
        "Tax Provision": NaN,
        "Pretax Income": NaN,
        "Other Income Expense": NaN,
        "Gain On Sale Of Security": NaN,
        "Net Non Operating Interest Income Expense": NaN,
        "Interest Expense Non Operating": NaN,
        "Operating Income": NaN,
        "Operating Expense": NaN,
        "Depreciation Amortization Depletion Income Statement": NaN,
        "Depreciation And Amortization In Income Statement": NaN,
        "Selling General And Administration": NaN,
        "Selling And Marketing Expense": NaN,
        "General And Administrative Expense": NaN,
        "Other Gand A": NaN,
        "Salaries And Wages": NaN,
        "Gross Profit": NaN,
        "Cost Of Revenue": NaN,
        "Total Revenue": NaN,
        "Operating Revenue": NaN
    },
    "2022-09-30": {
        "Tax Effect Of Unusual Items": NaN,
        "Tax Rate For Calcs": NaN,
        "Normalized EBITDA": NaN,
        "Total Unusual Items": NaN,
        "Total Unusual Items Excluding Goodwill": NaN,
        "Net Income From Continuing Operation Net Minority Interest": NaN,
        "Reconciled Depreciation": NaN,
        "Reconciled Cost Of Revenue": NaN,
        "EBITDA": NaN,
        "EBIT": NaN,
        "Net Interest Income": NaN,
        "Interest Expense": NaN,
        "Normalized Income": NaN,
        "Net Income From Continuing And Discontinued Operation": NaN,
        "Total Expenses": NaN,
        "Total Operating Income As Reported": NaN,
        "Diluted Average Shares": NaN,
        "Basic Average Shares": NaN,
        "Diluted EPS": NaN,
        "Basic EPS": NaN,
        "Diluted NI Availto Com Stockholders": NaN,
        "Net Income Common Stockholders": NaN,
        "Net Income": NaN,
        "Net Income Including Noncontrolling Interests": NaN,
        "Net Income Continuous Operations": NaN,
        "Tax Provision": NaN,
        "Pretax Income": NaN,
        "Other Income Expense": NaN,
        "Gain On Sale Of Security": NaN,
        "Net Non Operating Interest Income Expense": NaN,
        "Interest Expense Non Operating": NaN,
        "Operating Income": NaN,
        "Operating Expense": NaN,
        "Depreciation Amortization Depletion Income Statement": 125000.0,
        "Depreciation And Amortization In Income Statement": 125000.0,
        "Selling General And Administration": NaN,
        "Selling And Marketing Expense": NaN,
        "General And Administrative Expense": NaN,
        "Other Gand A": NaN,
        "Salaries And Wages": 1882000.0,
        "Gross Profit": NaN,
        "Cost Of Revenue": NaN,
        "Total Revenue": NaN,
        "Operating Revenue": NaN
    },
    "2024-03-31": {
        "Tax Effect Of Unusual Items": 0.0,
        "Tax Rate For Calcs": 0.0,
        "Normalized EBITDA": -5273000.0,
        "Total Unusual Items": -209000.0,
        "Total Unusual Items Excluding Goodwill": -209000.0,
        "Net Income From Continuing Operation Net Minority Interest": -5742000.0,
        "Reconciled Depreciation": 118000.0,
        "Reconciled Cost Of Revenue": 3246000.0,
        "EBITDA": -5482000.0,
        "EBIT": -5600000.0,
        "Net Interest Income": -142000.0,
        "Interest Expense": 142000.0,
        "Normalized Income": -5533000.0,
        "Net Income From Continuing And Discontinued Operation": -5742000.0,
        "Total Expenses": 10232000.0,
        "Total Operating Income As Reported": -5391000.0,
        "Diluted Average Shares": NaN,
        "Basic Average Shares": NaN,
        "Diluted EPS": NaN,
        "Basic EPS": NaN,
        "Diluted NI Availto Com Stockholders": -5742000.0,
        "Net Income Common Stockholders": -5742000.0,
        "Net Income": -5742000.0,
        "Net Income Including Noncontrolling Interests": -5742000.0,
        "Net Income Continuous Operations": -5742000.0,
        "Pretax Income": -5742000.0,
        "Other Income Expense": -209000.0,
        "Gain On Sale Of Security": -209000.0,
        "Net Non Operating Interest Income Expense": -142000.0,
        "Interest Expense Non Operating": 142000.0,
        "Operating Income": -5391000.0,
        "Operating Expense": 6986000.0,
        "Selling General And Administration": 6986000.0,
        "Selling And Marketing Expense": 1703000.0,
        "General And Administrative Expense": 5283000.0,
        "Other Gand A": 5283000.0,
        "Gross Profit": 1595000.0,
        "Cost Of Revenue": 3246000.0,
        "Total Revenue": 4841000.0,
        "Operating Revenue": 4841000.0
    },
    "2024-06-30": {
        "Tax Effect Of Unusual Items": NaN,
        "Tax Rate For Calcs": NaN,
        "Normalized EBITDA": NaN,
        "Total Unusual Items": NaN,
        "Total Unusual Items Excluding Goodwill": NaN,
        "Net Income From Continuing Operation Net Minority Interest": NaN,
        "Reconciled Depreciation": NaN,
        "Reconciled Cost Of Revenue": NaN,
        "EBITDA": NaN,
        "EBIT": NaN,
        "Net Interest Income": NaN,
        "Interest Expense": NaN,
        "Normalized Income": NaN,
        "Net Income From Continuing And Discontinued Operation": NaN,
        "Total Expenses": NaN,
        "Total Operating Income As Reported": NaN,
        "Diluted Average Shares": 15653449.0,
        "Basic Average Shares": 15653449.0,
        "Diluted EPS": -0.22,
        "Basic EPS": -0.22,
        "Diluted NI Availto Com Stockholders": NaN,
        "Net Income Common Stockholders": NaN,
        "Preferred Stock Dividends": NaN,
        "Net Income": NaN,
        "Net Income Including Noncontrolling Interests": NaN,
        "Net Income Continuous Operations": NaN,
        "Pretax Income": NaN,
        "Other Income Expense": NaN,
        "Gain On Sale Of Security": NaN,
        "Net Non Operating Interest Income Expense": NaN,
        "Interest Expense Non Operating": NaN,
        "Operating Income": NaN,
        "Operating Expense": NaN,
        "Selling General And Administration": NaN,
        "Selling And Marketing Expense": NaN,
        "General And Administrative Expense": NaN,
        "Other Gand A": NaN,
        "Gross Profit": NaN,
        "Cost Of Revenue": NaN,
        "Total Revenue": NaN,
        "Operating Revenue": NaN
    },
    "2024-09-30": {
        "Tax Effect Of Unusual Items": 0.0,
        "Tax Rate For Calcs": 0.0,
        "Normalized EBITDA": -2446000.0,
        "Total Unusual Items": 1000.0,
        "Total Unusual Items Excluding Goodwill": 1000.0,
        "Net Income From Continuing Operation Net Minority Interest": -2744000.0,
        "Reconciled Depreciation": 111000.0,
        "Reconciled Cost Of Revenue": 1762000.0,
        "EBITDA": -2445000.0,
        "EBIT": -2556000.0,
        "Net Interest Income": -188000.0,
        "Interest Expense": 188000.0,
        "Normalized Income": -2745000.0,
        "Net Income From Continuing And Discontinued Operation": -2744000.0,
        "Total Expenses": 6390000.0,
        "Total Operating Income As Reported": -2557000.0,
        "Diluted Average Shares": 15781264.0,
        "Basic Average Shares": 15781264.0,
        "Diluted EPS": -0.17,
        "Basic EPS": -0.17,
        "Diluted NI Availto Com Stockholders": -2744000.0,
        "Net Income Common Stockholders": -2744000.0,
        "Preferred Stock Dividends": NaN,
        "Net Income": -2744000.0,
        "Net Income Including Noncontrolling Interests": -2744000.0,
        "Net Income Continuous Operations": -2744000.0,
        "Pretax Income": -2744000.0,
        "Other Income Expense": 1000.0,
        "Gain On Sale Of Security": 1000.0,
        "Net Non Operating Interest Income Expense": -188000.0,
        "Interest Expense Non Operating": 188000.0,
        "Operating Income": -2557000.0,
        "Operating Expense": 4628000.0,
        "Selling General And Administration": 4628000.0,
        "Selling And Marketing Expense": 705000.0,
        "General And Administrative Expense": 3923000.0,
        "Other Gand A": 3923000.0,
        "Gross Profit": 2071000.0,
        "Cost Of Revenue": 1762000.0,
        "Total Revenue": 3833000.0,
        "Operating Revenue": 3833000.0
    },
    "2024-12-31": {
        "Tax Effect Of Unusual Items": 0.0,
        "Tax Rate For Calcs": 0.0,
        "Normalized EBITDA": -1221000.0,
        "Total Unusual Items": -142000.0,
        "Total Unusual Items Excluding Goodwill": -142000.0,
        "Net Income From Continuing Operation Net Minority Interest": -2482000.0,
        "Reconciled Depreciation": 73000.0,
        "Reconciled Cost Of Revenue": 5269000.0,
        "EBITDA": -1363000.0,
        "EBIT": -1436000.0,
        "Net Interest Income": -1046000.0,
        "Interest Expense": 1046000.0,
        "Normalized Income": -2340000.0,
        "Net Income From Continuing And Discontinued Operation": -2482000.0,
        "Total Expenses": 12952000.0,
        "Total Operating Income As Reported": -1294000.0,
        "Diluted Average Shares": 16177559.0,
        "Basic Average Shares": 16177559.0,
        "Diluted EPS": -0.15,
        "Basic EPS": -0.15,
        "Diluted NI Availto Com Stockholders": -2482000.0,
        "Net Income Common Stockholders": -2482000.0,
        "Preferred Stock Dividends": NaN,
        "Net Income": -2482000.0,
        "Net Income Including Noncontrolling Interests": -2482000.0,
        "Net Income Continuous Operations": -2482000.0,
        "Pretax Income": -2482000.0,
        "Other Income Expense": -142000.0,
        "Gain On Sale Of Security": -142000.0,
        "Net Non Operating Interest Income Expense": -1046000.0,
        "Interest Expense Non Operating": 1046000.0,
        "Operating Income": -1294000.0,
        "Operating Expense": 7683000.0,
        "Selling General And Administration": 7683000.0,
        "Selling And Marketing Expense": 1034000.0,
        "General And Administrative Expense": 6649000.0,
        "Other Gand A": 6649000.0,
        "Gross Profit": 6389000.0,
        "Cost Of Revenue": 5269000.0,
        "Total Revenue": 11658000.0,
        "Operating Revenue": 11658000.0
    },
    "2025-03-31": {
        "Tax Effect Of Unusual Items": 0.0,
        "Tax Rate For Calcs": 0.0,
        "Normalized EBITDA": -6490000.0,
        "Total Unusual Items": 22000.0,
        "Total Unusual Items Excluding Goodwill": 22000.0,
        "Net Income From Continuing Operation Net Minority Interest": -7325000.0,
        "Reconciled Depreciation": 52000.0,
        "Reconciled Cost Of Revenue": 3425000.0,
        "EBITDA": -6468000.0,
        "EBIT": -6520000.0,
        "Net Interest Income": -805000.0,
        "Interest Expense": 805000.0,
        "Normalized Income": -7347000.0,
        "Net Income From Continuing And Discontinued Operation": -7325000.0,
        "Total Expenses": 11587000.0,
        "Total Operating Income As Reported": -6552000.0,
        "Diluted Average Shares": NaN,
        "Basic Average Shares": NaN,
        "Diluted EPS": NaN,
        "Basic EPS": NaN,
        "Diluted NI Availto Com Stockholders": -7325000.0,
        "Net Income Common Stockholders": -7325000.0,
        "Preferred Stock Dividends": NaN,
        "Net Income": -7325000.0,
        "Net Income Including Noncontrolling Interests": -7325000.0,
        "Net Income Continuous Operations": -7325000.0,
        "Pretax Income": -7325000.0,
        "Other Income Expense": 32000.0,
        "Gain On Sale Of Security": 22000.0,
        "Net Non Operating Interest Income Expense": -805000.0,
        "Interest Expense Non Operating": 805000.0,
        "Operating Income": -6552000.0,
        "Operating Expense": 8162000.0,
        "Selling General And Administration": 8162000.0,
        "Selling And Marketing Expense": 1348000.0,
        "General And Administrative Expense": 6814000.0,
        "Other Gand A": 6814000.0,
        "Gross Profit": 1610000.0,
        "Cost Of Revenue": 3425000.0,
        "Total Revenue": 5035000.0,
        "Operating Revenue": 5035000.0
    },
    "2025-06-30": {
        "Tax Effect Of Unusual Items": 0.0,
        "Tax Rate For Calcs": 0.0,
        "Normalized EBITDA": -2924000.0,
        "Total Unusual Items": 15000.0,
        "Total Unusual Items Excluding Goodwill": 15000.0,
        "Net Income From Continuing Operation Net Minority Interest": -3819000.0,
        "Reconciled Depreciation": 131000.0,
        "Reconciled Cost Of Revenue": 583000.0,
        "EBITDA": -2909000.0,
        "EBIT": -3040000.0,
        "Net Interest Income": -779000.0,
        "Interest Expense": 779000.0,
        "Normalized Income": -3834000.0,
        "Net Income From Continuing And Discontinued Operation": -3819000.0,
        "Total Expenses": 4527000.0,
        "Total Operating Income As Reported": -3055000.0,
        "Diluted Average Shares": 19328778.0,
        "Basic Average Shares": 19328778.0,
        "Diluted EPS": -0.21,
        "Basic EPS": -0.21,
        "Diluted NI Availto Com Stockholders": -3819000.0,
        "Net Income Common Stockholders": -3819000.0,
        "Preferred Stock Dividends": NaN,
        "Net Income": -3819000.0,
        "Net Income Including Noncontrolling Interests": -3819000.0,
        "Net Income Continuous Operations": -3819000.0,
        "Pretax Income": -3819000.0,
        "Other Income Expense": 15000.0,
        "Gain On Sale Of Security": 15000.0,
        "Net Non Operating Interest Income Expense": -779000.0,
        "Interest Expense Non Operating": 779000.0,
        "Operating Income": -3055000.0,
        "Operating Expense": 3944000.0,
        "Selling General And Administration": 3944000.0,
        "Selling And Marketing Expense": 529000.0,
        "General And Administrative Expense": 3415000.0,
        "Other Gand A": 3415000.0,
        "Gross Profit": 889000.0,
        "Cost Of Revenue": 583000.0,
        "Total Revenue": 1472000.0,
        "Operating Revenue": 1472000.0
    },
    "2025-09-30": {
        "Tax Effect Of Unusual Items": 0.0,
        "Tax Rate For Calcs": 0.0,
        "Normalized EBITDA": -1069000.0,
        "Total Unusual Items": 25000.0,
        "Total Unusual Items Excluding Goodwill": 25000.0,
        "Net Income From Continuing Operation Net Minority Interest": -1840000.0,
        "Reconciled Depreciation": 68000.0,
        "Reconciled Cost Of Revenue": 1901000.0,
        "EBITDA": -1044000.0,
        "EBIT": -1112000.0,
        "Net Interest Income": -728000.0,
        "Interest Expense": 728000.0,
        "Normalized Income": -1865000.0,
        "Net Income From Continuing And Discontinued Operation": -1840000.0,
        "Total Expenses": 5900000.0,
        "Total Operating Income As Reported": -1137000.0,
        "Diluted Average Shares": 32764333.0,
        "Basic Average Shares": 32764333.0,
        "Diluted EPS": -0.06,
        "Basic EPS": -0.06,
        "Diluted NI Availto Com Stockholders": -2001000.0,
        "Net Income Common Stockholders": -2001000.0,
        "Preferred Stock Dividends": 161000.0,
        "Net Income": -1840000.0,
        "Net Income Including Noncontrolling Interests": -1840000.0,
        "Net Income Continuous Operations": -1840000.0,
        "Pretax Income": -1840000.0,
        "Other Income Expense": 25000.0,
        "Gain On Sale Of Security": 25000.0,
        "Net Non Operating Interest Income Expense": -728000.0,
        "Interest Expense Non Operating": 728000.0,
        "Operating Income": -1137000.0,
        "Operating Expense": 3999000.0,
        "Selling General And Administration": 3999000.0,
        "Selling And Marketing Expense": 362000.0,
        "General And Administrative Expense": 3637000.0,
        "Other Gand A": 3637000.0,
        "Gross Profit": 2862000.0,
        "Cost Of Revenue": 1901000.0,
        "Total Revenue": 4763000.0,
        "Operating Revenue": 4763000.0
    }
}