{
    "2023-03-31": {
        "Tax Effect Of Unusual Items": NaN,
        "Tax Rate For Calcs": NaN,
        "Normalized EBITDA": NaN,
        "Net Income From Continuing Operation Net Minority Interest": NaN,
        "Reconciled Depreciation": NaN,
        "EBITDA": NaN,
        "EBIT": NaN,
        "Net Interest Income": NaN,
        "Interest Income": NaN,
        "Normalized Income": NaN,
        "Net Income From Continuing And Discontinued Operation": NaN,
        "Total Expenses": NaN,
        "Total Operating Income As Reported": NaN,
        "Diluted Average Shares": 45773357.0,
        "Basic Average Shares": 45773357.0,
        "Diluted EPS": -0.42,
        "Basic EPS": -0.42,
        "Diluted NI Availto Com Stockholders": NaN,
        "Net Income Common Stockholders": NaN,
        "Net Income": NaN,
        "Net Income Including Noncontrolling Interests": NaN,
        "Net Income Continuous Operations": NaN,
        "Tax Provision": NaN,
        "Pretax Income": NaN,
        "Other Income Expense": NaN,
        "Other Non Operating Income Expenses": NaN,
        "Net Non Operating Interest Income Expense": NaN,
        "Interest Income Non Operating": NaN,
        "Operating Income": NaN,
        "Operating Expense": NaN,
        "Research And Development": NaN,
        "Selling General And Administration": NaN,
        "General And Administrative Expense": NaN,
        "Other Gand A": NaN,
        "Total Revenue": NaN,
        "Operating Revenue": NaN
    },
    "2022-12-31": {
        "Tax Effect Of Unusual Items": 0.0,
        "Tax Rate For Calcs": 0.0,
        "Normalized EBITDA": -21087000.0,
        "Net Income From Continuing Operation Net Minority Interest": -19345000.0,
        "Reconciled Depreciation": 75000.0,
        "EBITDA": -21087000.0,
        "EBIT": -21162000.0,
        "Net Interest Income": 1797000.0,
        "Interest Income": 1797000.0,
        "Normalized Income": -19345000.0,
        "Net Income From Continuing And Discontinued Operation": -19345000.0,
        "Total Expenses": 21162000.0,
        "Total Operating Income As Reported": -21162000.0,
        "Diluted Average Shares": NaN,
        "Basic Average Shares": NaN,
        "Diluted EPS": NaN,
        "Basic EPS": NaN,
        "Diluted NI Availto Com Stockholders": -19345000.0,
        "Net Income Common Stockholders": -19345000.0,
        "Net Income": -19345000.0,
        "Net Income Including Noncontrolling Interests": -19345000.0,
        "Net Income Continuous Operations": -19345000.0,
        "Tax Provision": 0.0,
        "Pretax Income": -19345000.0,
        "Other Income Expense": 20000.0,
        "Other Non Operating Income Expenses": 20000.0,
        "Net Non Operating Interest Income Expense": 1797000.0,
        "Interest Income Non Operating": 1797000.0,
        "Operating Income": -21162000.0,
        "Operating Expense": 21162000.0,
        "Research And Development": 15025000.0,
        "Selling General And Administration": 6137000.0,
        "General And Administrative Expense": 6137000.0,
        "Other Gand A": 6137000.0,
        "Total Revenue": 0.0,
        "Operating Revenue": 0.0
    },
    "2022-09-30": {
        "Tax Effect Of Unusual Items": NaN,
        "Tax Rate For Calcs": NaN,
        "Normalized EBITDA": NaN,
        "Net Income From Continuing Operation Net Minority Interest": NaN,
        "Reconciled Depreciation": NaN,
        "EBITDA": NaN,
        "EBIT": NaN,
        "Net Interest Income": NaN,
        "Interest Income": NaN,
        "Normalized Income": NaN,
        "Net Income From Continuing And Discontinued Operation": NaN,
        "Total Expenses": NaN,
        "Total Operating Income As Reported": NaN,
        "Diluted Average Shares": 45622957.0,
        "Basic Average Shares": 45622957.0,
        "Diluted EPS": -0.4,
        "Basic EPS": -0.4,
        "Diluted NI Availto Com Stockholders": NaN,
        "Net Income Common Stockholders": NaN,
        "Net Income": NaN,
        "Net Income Including Noncontrolling Interests": NaN,
        "Net Income Continuous Operations": NaN,
        "Tax Provision": NaN,
        "Pretax Income": NaN,
        "Other Income Expense": NaN,
        "Other Non Operating Income Expenses": NaN,
        "Net Non Operating Interest Income Expense": NaN,
        "Interest Income Non Operating": NaN,
        "Operating Income": NaN,
        "Operating Expense": NaN,
        "Research And Development": NaN,
        "Selling General And Administration": NaN,
        "General And Administrative Expense": NaN,
        "Other Gand A": NaN,
        "Total Revenue": NaN,
        "Operating Revenue": NaN
    },
    "2022-06-30": {
        "Tax Effect Of Unusual Items": 0.0,
        "Tax Rate For Calcs": 0.000116,
        "Normalized EBITDA": -17803000.0,
        "Net Income From Continuing Operation Net Minority Interest": -17310000.0,
        "Reconciled Depreciation": 82000.0,
        "EBITDA": -17803000.0,
        "EBIT": -17885000.0,
        "Net Interest Income": 604000.0,
        "Interest Income": 604000.0,
        "Normalized Income": -17310000.0,
        "Net Income From Continuing And Discontinued Operation": -17310000.0,
        "Total Expenses": 17885000.0,
        "Total Operating Income As Reported": -17885000.0,
        "Diluted Average Shares": 45571067.0,
        "Basic Average Shares": 45571067.0,
        "Diluted EPS": -0.38,
        "Basic EPS": -0.38,
        "Diluted NI Availto Com Stockholders": -17310000.0,
        "Net Income Common Stockholders": -17310000.0,
        "Net Income": -17310000.0,
        "Net Income Including Noncontrolling Interests": -17310000.0,
        "Net Income Continuous Operations": -17310000.0,
        "Tax Provision": -2000.0,
        "Pretax Income": -17312000.0,
        "Other Income Expense": -31000.0,
        "Other Non Operating Income Expenses": -31000.0,
        "Net Non Operating Interest Income Expense": 604000.0,
        "Interest Income Non Operating": 604000.0,
        "Operating Income": -17885000.0,
        "Operating Expense": 17885000.0,
        "Research And Development": 11462000.0,
        "Selling General And Administration": 6423000.0,
        "General And Administrative Expense": 6423000.0,
        "Other Gand A": 6423000.0,
        "Total Revenue": 0.0,
        "Operating Revenue": 0.0
    },
    "2022-03-31": {
        "Diluted EPS": -0.41,
        "Total Revenue": NaN,
        "Gross Profit": NaN,
        "Operating Income": -19,
        "EBIT": -18,
        "Net Income": -18
    },
    "2021-12-31": {
        "Diluted EPS": -0.4,
        "Total Revenue": NaN,
        "Gross Profit": NaN,
        "Operating Income": -18,
        "EBIT": -18,
        "Net Income": -18
    },
    "2021-09-30": {
        "Diluted EPS": -0.33,
        "Total Revenue": NaN,
        "Gross Profit": NaN,
        "Operating Income": -15,
        "EBIT": -15,
        "Net Income": -15
    },
    "2021-06-30": {
        "Diluted EPS": -0.29,
        "Total Revenue": NaN,
        "Gross Profit": NaN,
        "Operating Income": -13,
        "EBIT": -13,
        "Net Income": -13
    },
    "2021-03-31": {
        "Diluted EPS": -0.26,
        "Total Revenue": NaN,
        "Gross Profit": NaN,
        "Operating Income": -12,
        "EBIT": -11,
        "Net Income": -12
    },
    "2020-12-31": {
        "Diluted EPS": 3.53,
        "Total Revenue": NaN,
        "Gross Profit": NaN,
        "Operating Income": -11,
        "EBIT": -10,
        "Net Income": -10
    },
    "2020-09-30": {
        "Diluted EPS": -1.46,
        "Total Revenue": NaN,
        "Gross Profit": NaN,
        "Operating Income": -9,
        "EBIT": -9,
        "Net Income": -9
    },
    "2020-06-30": {
        "Diluted EPS": -2.62,
        "Total Revenue": NaN,
        "Gross Profit": NaN,
        "Operating Income": -8,
        "EBIT": -8,
        "Net Income": -8
    },
    "2020-03-31": {
        "Diluted EPS": -2.38,
        "Total Revenue": NaN,
        "Gross Profit": NaN,
        "Operating Income": -8,
        "EBIT": -7,
        "Net Income": -7
    },
    "2019-12-31": {
        "Diluted EPS": 0.0,
        "Total Revenue": NaN,
        "Gross Profit": NaN,
        "Operating Income": NaN,
        "EBIT": NaN,
        "Net Income": NaN
    },
    "2018-12-31": {
        "Diluted EPS": 0.0,
        "Total Revenue": NaN,
        "Gross Profit": NaN,
        "Operating Income": NaN,
        "EBIT": NaN,
        "Net Income": NaN
    },
    "2023-06-30": {
        "Tax Effect Of Unusual Items": NaN,
        "Tax Rate For Calcs": NaN,
        "Normalized EBITDA": NaN,
        "Net Income From Continuing Operation Net Minority Interest": NaN,
        "Reconciled Depreciation": NaN,
        "EBITDA": NaN,
        "EBIT": NaN,
        "Net Interest Income": NaN,
        "Interest Income": NaN,
        "Normalized Income": NaN,
        "Net Income From Continuing And Discontinued Operation": NaN,
        "Total Expenses": NaN,
        "Total Operating Income As Reported": NaN,
        "Diluted Average Shares": 45813132.0,
        "Basic Average Shares": 45813132.0,
        "Diluted EPS": -0.38,
        "Basic EPS": -0.38,
        "Diluted NI Availto Com Stockholders": NaN,
        "Net Income Common Stockholders": NaN,
        "Net Income": NaN,
        "Net Income Including Noncontrolling Interests": NaN,
        "Net Income Continuous Operations": NaN,
        "Tax Provision": NaN,
        "Pretax Income": NaN,
        "Other Income Expense": NaN,
        "Other Non Operating Income Expenses": NaN,
        "Net Non Operating Interest Income Expense": NaN,
        "Interest Income Non Operating": NaN,
        "Operating Income": NaN,
        "Operating Expense": NaN,
        "Research And Development": NaN,
        "Selling General And Administration": NaN,
        "General And Administrative Expense": NaN,
        "Other Gand A": NaN,
        "Total Revenue": NaN,
        "Operating Revenue": NaN
    },
    "2023-09-30": {
        "Tax Effect Of Unusual Items": NaN,
        "Tax Rate For Calcs": NaN,
        "Normalized EBITDA": NaN,
        "Net Income From Continuing Operation Net Minority Interest": NaN,
        "Reconciled Depreciation": NaN,
        "EBITDA": NaN,
        "EBIT": NaN,
        "Net Interest Income": NaN,
        "Interest Income": NaN,
        "Normalized Income": NaN,
        "Net Income From Continuing And Discontinued Operation": NaN,
        "Total Expenses": NaN,
        "Total Operating Income As Reported": NaN,
        "Diluted Average Shares": 49047296.0,
        "Basic Average Shares": 49047296.0,
        "Diluted EPS": -0.34,
        "Basic EPS": -0.34,
        "Diluted NI Availto Com Stockholders": NaN,
        "Net Income Common Stockholders": NaN,
        "Net Income": NaN,
        "Net Income Including Noncontrolling Interests": NaN,
        "Net Income Continuous Operations": NaN,
        "Tax Provision": NaN,
        "Pretax Income": NaN,
        "Other Income Expense": NaN,
        "Other Non Operating Income Expenses": NaN,
        "Net Non Operating Interest Income Expense": NaN,
        "Interest Income Non Operating": NaN,
        "Operating Income": NaN,
        "Operating Expense": NaN,
        "Research And Development": NaN,
        "Selling General And Administration": NaN,
        "General And Administrative Expense": NaN,
        "Other Gand A": NaN,
        "Total Revenue": NaN,
        "Operating Revenue": NaN
    },
    "2023-12-31": {
        "Tax Effect Of Unusual Items": 0.0,
        "Tax Rate For Calcs": 6.3e-05,
        "Normalized EBITDA": -18543000.0,
        "Net Income From Continuing Operation Net Minority Interest": -15756000.0,
        "Reconciled Depreciation": 359000.0,
        "EBITDA": -18543000.0,
        "EBIT": -18902000.0,
        "Net Interest Income": 3166000.0,
        "Interest Income": 3166000.0,
        "Normalized Income": -15756000.0,
        "Net Income From Continuing And Discontinued Operation": -15756000.0,
        "Total Expenses": 18902000.0,
        "Total Operating Income As Reported": -18902000.0,
        "Diluted Average Shares": NaN,
        "Basic Average Shares": NaN,
        "Diluted EPS": NaN,
        "Basic EPS": NaN,
        "Diluted NI Availto Com Stockholders": -15756000.0,
        "Net Income Common Stockholders": -15756000.0,
        "Net Income": -15756000.0,
        "Net Income Including Noncontrolling Interests": -15756000.0,
        "Net Income Continuous Operations": -15756000.0,
        "Tax Provision": -1000.0,
        "Pretax Income": -15757000.0,
        "Other Income Expense": -21000.0,
        "Other Non Operating Income Expenses": -21000.0,
        "Net Non Operating Interest Income Expense": 3166000.0,
        "Interest Income Non Operating": 3166000.0,
        "Operating Income": -18902000.0,
        "Operating Expense": 18902000.0,
        "Research And Development": 13382000.0,
        "Selling General And Administration": 5520000.0,
        "General And Administrative Expense": 5520000.0,
        "Other Gand A": 5520000.0,
        "Total Revenue": 0.0,
        "Operating Revenue": 0.0
    },
    "2024-03-31": {
        "Tax Effect Of Unusual Items": 0.0,
        "Tax Rate For Calcs": 0.0,
        "Normalized EBITDA": -17859000.0,
        "Net Income From Continuing Operation Net Minority Interest": -15270000.0,
        "Reconciled Depreciation": 362000.0,
        "EBITDA": -17859000.0,
        "EBIT": -18221000.0,
        "Net Interest Income": 2952000.0,
        "Interest Income": 2952000.0,
        "Normalized Income": -15270000.0,
        "Net Income From Continuing And Discontinued Operation": -15270000.0,
        "Total Expenses": 18221000.0,
        "Total Operating Income As Reported": -18221000.0,
        "Diluted Average Shares": 51445862.0,
        "Basic Average Shares": 51445862.0,
        "Diluted EPS": -0.3,
        "Basic EPS": -0.3,
        "Diluted NI Availto Com Stockholders": -15270000.0,
        "Net Income Common Stockholders": -15270000.0,
        "Net Income": -15270000.0,
        "Net Income Including Noncontrolling Interests": -15270000.0,
        "Net Income Continuous Operations": -15270000.0,
        "Tax Provision": 0.0,
        "Pretax Income": -15270000.0,
        "Other Income Expense": -1000.0,
        "Other Non Operating Income Expenses": -1000.0,
        "Net Non Operating Interest Income Expense": 2952000.0,
        "Interest Income Non Operating": 2952000.0,
        "Operating Income": -18221000.0,
        "Operating Expense": 18221000.0,
        "Research And Development": 13186000.0,
        "Selling General And Administration": 5035000.0,
        "General And Administrative Expense": 5035000.0,
        "Other Gand A": 5035000.0,
        "Total Revenue": 0.0,
        "Operating Revenue": 0.0
    },
    "2024-06-30": {
        "Tax Effect Of Unusual Items": 0.0,
        "Tax Rate For Calcs": 0.21,
        "Normalized EBITDA": -19798000.0,
        "Net Income From Continuing Operation Net Minority Interest": -1213000.0,
        "Reconciled Depreciation": 372000.0,
        "EBITDA": -19798000.0,
        "EBIT": -20170000.0,
        "Net Interest Income": 2801000.0,
        "Interest Income": 2801000.0,
        "Normalized Income": -1213000.0,
        "Net Income From Continuing And Discontinued Operation": -1213000.0,
        "Total Expenses": 20170000.0,
        "Total Operating Income As Reported": -20170000.0,
        "Diluted Average Shares": 51478751.0,
        "Basic Average Shares": 51478751.0,
        "Diluted EPS": -0.02,
        "Basic EPS": -0.02,
        "Diluted NI Availto Com Stockholders": -1213000.0,
        "Net Income Common Stockholders": -1213000.0,
        "Net Income": -1213000.0,
        "Net Income Including Noncontrolling Interests": -1213000.0,
        "Net Income Continuous Operations": -1213000.0,
        "Tax Provision": -16173000.0,
        "Pretax Income": -17386000.0,
        "Other Income Expense": -17000.0,
        "Other Non Operating Income Expenses": -17000.0,
        "Net Non Operating Interest Income Expense": 2801000.0,
        "Interest Income Non Operating": 2801000.0,
        "Operating Income": -20170000.0,
        "Operating Expense": 20170000.0,
        "Research And Development": 14628000.0,
        "Selling General And Administration": 5542000.0,
        "General And Administrative Expense": 5542000.0,
        "Other Gand A": 5542000.0,
        "Total Revenue": 0.0,
        "Operating Revenue": 0.0
    },
    "2024-09-30": {
        "Tax Effect Of Unusual Items": 0.0,
        "Tax Rate For Calcs": 0.21,
        "Normalized EBITDA": -21517000.0,
        "Net Income From Continuing Operation Net Minority Interest": -19226000.0,
        "Reconciled Depreciation": 371000.0,
        "EBITDA": -21517000.0,
        "EBIT": -21888000.0,
        "Net Interest Income": 2615000.0,
        "Interest Income": 2615000.0,
        "Normalized Income": -19226000.0,
        "Net Income From Continuing And Discontinued Operation": -19226000.0,
        "Total Expenses": 21888000.0,
        "Total Operating Income As Reported": -21888000.0,
        "Diluted Average Shares": 51574027.0,
        "Basic Average Shares": 51574027.0,
        "Diluted EPS": -0.37,
        "Basic EPS": -0.37,
        "Diluted NI Availto Com Stockholders": -19226000.0,
        "Net Income Common Stockholders": -19226000.0,
        "Net Income": -19226000.0,
        "Net Income Including Noncontrolling Interests": -19226000.0,
        "Net Income Continuous Operations": -19226000.0,
        "Tax Provision": 74000.0,
        "Pretax Income": -19152000.0,
        "Other Income Expense": 121000.0,
        "Other Non Operating Income Expenses": 121000.0,
        "Net Non Operating Interest Income Expense": 2615000.0,
        "Interest Income Non Operating": 2615000.0,
        "Operating Income": -21888000.0,
        "Operating Expense": 21888000.0,
        "Research And Development": 16947000.0,
        "Selling General And Administration": 4941000.0,
        "General And Administrative Expense": 4941000.0,
        "Other Gand A": 4941000.0,
        "Total Revenue": 0.0,
        "Operating Revenue": 0.0
    },
    "2024-12-31": {
        "Tax Effect Of Unusual Items": 0.0,
        "Tax Rate For Calcs": 0.0,
        "Normalized EBITDA": -25129000.0,
        "Net Income From Continuing Operation Net Minority Interest": -23000000.0,
        "Reconciled Depreciation": 39000.0,
        "EBITDA": -25129000.0,
        "EBIT": -25168000.0,
        "Net Interest Income": 2287000.0,
        "Interest Income": 2287000.0,
        "Normalized Income": -23000000.0,
        "Net Income From Continuing And Discontinued Operation": -23000000.0,
        "Total Expenses": 25168000.0,
        "Total Operating Income As Reported": -25168000.0,
        "Diluted Average Shares": NaN,
        "Basic Average Shares": NaN,
        "Diluted EPS": NaN,
        "Basic EPS": NaN,
        "Diluted NI Availto Com Stockholders": -23000000.0,
        "Net Income Common Stockholders": -23000000.0,
        "Net Income": -23000000.0,
        "Net Income Including Noncontrolling Interests": -23000000.0,
        "Net Income Continuous Operations": -23000000.0,
        "Tax Provision": 0.0,
        "Pretax Income": -23000000.0,
        "Other Income Expense": -119000.0,
        "Other Non Operating Income Expenses": -119000.0,
        "Net Non Operating Interest Income Expense": 2287000.0,
        "Interest Income Non Operating": 2287000.0,
        "Operating Income": -25168000.0,
        "Operating Expense": 25168000.0,
        "Research And Development": 13767000.0,
        "Selling General And Administration": 11401000.0,
        "General And Administrative Expense": 11401000.0,
        "Other Gand A": 11401000.0,
        "Total Revenue": 0.0,
        "Operating Revenue": 0.0
    },
    "2025-03-31": {
        "Tax Effect Of Unusual Items": 0.0,
        "Tax Rate For Calcs": 0.111903,
        "Normalized EBITDA": -21527000.0,
        "Net Income From Continuing Operation Net Minority Interest": -17436000.0,
        "Reconciled Depreciation": 37000.0,
        "EBITDA": -21527000.0,
        "EBIT": -21564000.0,
        "Net Interest Income": 1935000.0,
        "Interest Income": 1935000.0,
        "Normalized Income": -17436000.0,
        "Net Income From Continuing And Discontinued Operation": -17436000.0,
        "Total Expenses": 21564000.0,
        "Total Operating Income As Reported": -21564000.0,
        "Diluted Average Shares": 51952062.0,
        "Basic Average Shares": 51952062.0,
        "Diluted EPS": -0.34,
        "Basic EPS": -0.34,
        "Diluted NI Availto Com Stockholders": -17436000.0,
        "Net Income Common Stockholders": -17436000.0,
        "Net Income": -17436000.0,
        "Net Income Including Noncontrolling Interests": -17436000.0,
        "Net Income Continuous Operations": -17436000.0,
        "Tax Provision": -2197000.0,
        "Pretax Income": -19633000.0,
        "Other Income Expense": -4000.0,
        "Other Non Operating Income Expenses": -4000.0,
        "Net Non Operating Interest Income Expense": 1935000.0,
        "Interest Income Non Operating": 1935000.0,
        "Operating Income": -21564000.0,
        "Operating Expense": 21564000.0,
        "Research And Development": 17441000.0,
        "Selling General And Administration": 4123000.0,
        "General And Administrative Expense": 4123000.0,
        "Other Gand A": 4123000.0,
        "Total Revenue": 0.0,
        "Operating Revenue": 0.0
    }
}