{
    "2023-06-30": {
        "Tax Effect Of Unusual Items": NaN,
        "Tax Rate For Calcs": NaN,
        "Normalized EBITDA": NaN,
        "Total Unusual Items": NaN,
        "Total Unusual Items Excluding Goodwill": NaN,
        "Net Income From Continuing Operation Net Minority Interest": NaN,
        "Reconciled Depreciation": NaN,
        "Reconciled Cost Of Revenue": NaN,
        "EBITDA": NaN,
        "EBIT": NaN,
        "Net Interest Income": NaN,
        "Interest Expense": NaN,
        "Normalized Income": NaN,
        "Net Income From Continuing And Discontinued Operation": NaN,
        "Total Expenses": NaN,
        "Total Operating Income As Reported": NaN,
        "Diluted Average Shares": NaN,
        "Basic Average Shares": NaN,
        "Diluted EPS": NaN,
        "Basic EPS": NaN,
        "Diluted NI Availto Com Stockholders": NaN,
        "Net Income Common Stockholders": NaN,
        "Net Income": NaN,
        "Net Income Including Noncontrolling Interests": NaN,
        "Net Income Continuous Operations": NaN,
        "Tax Provision": NaN,
        "Pretax Income": NaN,
        "Other Income Expense": 1190000.0,
        "Special Income Charges": 0.0,
        "Other Special Charges": 914000.0,
        "Impairment Of Capital Assets": 0.0,
        "Gain On Sale Of Security": 1190000.0,
        "Net Non Operating Interest Income Expense": NaN,
        "Interest Expense Non Operating": NaN,
        "Operating Income": NaN,
        "Operating Expense": NaN,
        "Depreciation Amortization Depletion Income Statement": NaN,
        "Depreciation And Amortization In Income Statement": NaN,
        "Amortization": NaN,
        "Amortization Of Intangibles Income Statement": NaN,
        "Depreciation Income Statement": 25000.0,
        "Research And Development": NaN,
        "Selling General And Administration": NaN,
        "Selling And Marketing Expense": NaN,
        "General And Administrative Expense": NaN,
        "Other Gand A": NaN,
        "Salaries And Wages": 31000.0,
        "Gross Profit": NaN,
        "Cost Of Revenue": NaN,
        "Total Revenue": NaN,
        "Operating Revenue": NaN
    },
    "2022-06-30": {
        "Tax Effect Of Unusual Items": 0.0,
        "Tax Rate For Calcs": 0.0,
        "Normalized EBITDA": 393000.0,
        "Total Unusual Items": -799000.0,
        "Total Unusual Items Excluding Goodwill": -799000.0,
        "Net Income From Continuing Operation Net Minority Interest": -481000.0,
        "Reconciled Depreciation": 75000.0,
        "Reconciled Cost Of Revenue": 6556000.0,
        "EBITDA": -406000.0,
        "EBIT": -481000.0,
        "Net Interest Income": 0.0,
        "Interest Expense": 0.0,
        "Normalized Income": 318000.0,
        "Net Income From Continuing And Discontinued Operation": -481000.0,
        "Total Expenses": 8398000.0,
        "Total Operating Income As Reported": -481000.0,
        "Diluted Average Shares": 22860736.0,
        "Basic Average Shares": 22860736.0,
        "Diluted EPS": -0.02104,
        "Basic EPS": -0.02104,
        "Diluted NI Availto Com Stockholders": -481000.0,
        "Net Income Common Stockholders": -481000.0,
        "Net Income": -481000.0,
        "Net Income Including Noncontrolling Interests": -481000.0,
        "Net Income Continuous Operations": -481000.0,
        "Tax Provision": 0.0,
        "Pretax Income": -481000.0,
        "Other Income Expense": -799000.0,
        "Special Income Charges": -799000.0,
        "Other Special Charges": 799000.0,
        "Gain On Sale Of Security": NaN,
        "Net Non Operating Interest Income Expense": 0.0,
        "Interest Expense Non Operating": 0.0,
        "Operating Income": 318000.0,
        "Operating Expense": 1817000.0,
        "Depreciation Amortization Depletion Income Statement": 50000.0,
        "Depreciation And Amortization In Income Statement": 50000.0,
        "Amortization": 25000.0,
        "Amortization Of Intangibles Income Statement": 25000.0,
        "Depreciation Income Statement": 25000.0,
        "Research And Development": 65000.0,
        "Selling General And Administration": 1702000.0,
        "Selling And Marketing Expense": 1494000.0,
        "General And Administrative Expense": 208000.0,
        "Other Gand A": NaN,
        "Salaries And Wages": 208000.0,
        "Gross Profit": 2135000.0,
        "Cost Of Revenue": 6581000.0,
        "Total Revenue": 8716000.0,
        "Operating Revenue": 8716000.0
    },
    "2022-12-31": {
        "Tax Effect Of Unusual Items": NaN,
        "Tax Rate For Calcs": NaN,
        "Normalized EBITDA": NaN,
        "Total Unusual Items": NaN,
        "Total Unusual Items Excluding Goodwill": NaN,
        "Net Income From Continuing Operation Net Minority Interest": NaN,
        "Reconciled Depreciation": NaN,
        "Reconciled Cost Of Revenue": NaN,
        "EBITDA": NaN,
        "EBIT": NaN,
        "Net Interest Income": NaN,
        "Interest Expense": NaN,
        "Normalized Income": NaN,
        "Net Income From Continuing And Discontinued Operation": NaN,
        "Total Expenses": NaN,
        "Total Operating Income As Reported": NaN,
        "Diluted Average Shares": 110816207.0,
        "Basic Average Shares": 110816207.0,
        "Diluted EPS": -0.018752,
        "Basic EPS": -0.018752,
        "Diluted NI Availto Com Stockholders": NaN,
        "Net Income Common Stockholders": NaN,
        "Net Income": NaN,
        "Net Income Including Noncontrolling Interests": NaN,
        "Net Income Continuous Operations": NaN,
        "Tax Provision": NaN,
        "Pretax Income": NaN,
        "Other Income Expense": NaN,
        "Other Non Operating Income Expenses": 138000.0,
        "Special Income Charges": 0.0,
        "Other Special Charges": NaN,
        "Impairment Of Capital Assets": NaN,
        "Gain On Sale Of Security": 178000.0,
        "Net Non Operating Interest Income Expense": NaN,
        "Interest Expense Non Operating": NaN,
        "Operating Income": NaN,
        "Operating Expense": NaN,
        "Depreciation Amortization Depletion Income Statement": NaN,
        "Depreciation And Amortization In Income Statement": NaN,
        "Amortization": NaN,
        "Amortization Of Intangibles Income Statement": NaN,
        "Depreciation Income Statement": NaN,
        "Research And Development": NaN,
        "Selling General And Administration": NaN,
        "Selling And Marketing Expense": NaN,
        "General And Administrative Expense": NaN,
        "Other Gand A": NaN,
        "Salaries And Wages": NaN,
        "Gross Profit": NaN,
        "Cost Of Revenue": NaN,
        "Total Revenue": NaN,
        "Operating Revenue": NaN
    },
    "2022-09-30": {
        "Tax Effect Of Unusual Items": 0.0,
        "Tax Rate For Calcs": 0.0,
        "Normalized EBITDA": 141000.0,
        "Total Unusual Items": 865000.0,
        "Total Unusual Items Excluding Goodwill": 865000.0,
        "Net Income From Continuing Operation Net Minority Interest": -457000.0,
        "Reconciled Depreciation": 81000.0,
        "Reconciled Cost Of Revenue": 6273000.0,
        "EBITDA": 1006000.0,
        "EBIT": 925000.0,
        "Net Interest Income": -1382000.0,
        "Interest Expense": 1382000.0,
        "Normalized Income": -1322000.0,
        "Net Income From Continuing And Discontinued Operation": -457000.0,
        "Total Expenses": 8299000.0,
        "Total Operating Income As Reported": 198000.0,
        "Diluted Average Shares": 22860736.0,
        "Basic Average Shares": 22860736.0,
        "Diluted EPS": -0.019991,
        "Basic EPS": -0.019991,
        "Diluted NI Availto Com Stockholders": -457000.0,
        "Net Income Common Stockholders": -457000.0,
        "Net Income": -457000.0,
        "Net Income Including Noncontrolling Interests": -457000.0,
        "Net Income Continuous Operations": -457000.0,
        "Tax Provision": 0.0,
        "Pretax Income": -457000.0,
        "Other Income Expense": 727000.0,
        "Other Non Operating Income Expenses": -138000.0,
        "Special Income Charges": 799000.0,
        "Other Special Charges": NaN,
        "Gain On Sale Of Security": 865000.0,
        "Net Non Operating Interest Income Expense": -1382000.0,
        "Interest Expense Non Operating": 1382000.0,
        "Operating Income": 198000.0,
        "Operating Expense": 1971000.0,
        "Depreciation Amortization Depletion Income Statement": 26000.0,
        "Depreciation And Amortization In Income Statement": 26000.0,
        "Amortization": 26000.0,
        "Amortization Of Intangibles Income Statement": 26000.0,
        "Depreciation Income Statement": NaN,
        "Research And Development": 43000.0,
        "Selling General And Administration": 1902000.0,
        "Selling And Marketing Expense": 1226000.0,
        "General And Administrative Expense": 676000.0,
        "Other Gand A": 676000.0,
        "Salaries And Wages": NaN,
        "Gross Profit": 2169000.0,
        "Cost Of Revenue": 6328000.0,
        "Total Revenue": 8497000.0,
        "Operating Revenue": 8497000.0
    },
    "2023-09-30": {
        "Tax Effect Of Unusual Items": NaN,
        "Tax Rate For Calcs": NaN,
        "Normalized EBITDA": NaN,
        "Total Unusual Items": -8793000.0,
        "Total Unusual Items Excluding Goodwill": -8793000.0,
        "Net Income From Continuing Operation Net Minority Interest": NaN,
        "Reconciled Depreciation": NaN,
        "Reconciled Cost Of Revenue": NaN,
        "EBITDA": NaN,
        "EBIT": NaN,
        "Net Interest Income": NaN,
        "Interest Expense": NaN,
        "Normalized Income": NaN,
        "Net Income From Continuing And Discontinued Operation": NaN,
        "Total Expenses": NaN,
        "Total Operating Income As Reported": NaN,
        "Diluted Average Shares": 20714161.0,
        "Basic Average Shares": 20714161.0,
        "Diluted EPS": -0.52,
        "Basic EPS": -0.52,
        "Diluted NI Availto Com Stockholders": NaN,
        "Net Income Common Stockholders": NaN,
        "Net Income": NaN,
        "Net Income Including Noncontrolling Interests": NaN,
        "Net Income Continuous Operations": NaN,
        "Tax Provision": NaN,
        "Pretax Income": NaN,
        "Other Income Expense": -8793000.0,
        "Special Income Charges": 0.0,
        "Impairment Of Capital Assets": 0.0,
        "Gain On Sale Of Security": -8793000.0,
        "Net Non Operating Interest Income Expense": NaN,
        "Interest Expense Non Operating": NaN,
        "Operating Income": NaN,
        "Operating Expense": NaN,
        "Depreciation Amortization Depletion Income Statement": NaN,
        "Depreciation And Amortization In Income Statement": NaN,
        "Amortization": NaN,
        "Amortization Of Intangibles Income Statement": NaN,
        "Research And Development": NaN,
        "Selling General And Administration": NaN,
        "Selling And Marketing Expense": NaN,
        "General And Administrative Expense": NaN,
        "Other Gand A": NaN,
        "Gross Profit": NaN,
        "Cost Of Revenue": NaN,
        "Total Revenue": NaN,
        "Operating Revenue": NaN
    },
    "2023-12-31": {
        "Tax Effect Of Unusual Items": NaN,
        "Tax Rate For Calcs": NaN,
        "Normalized EBITDA": NaN,
        "Total Unusual Items": NaN,
        "Total Unusual Items Excluding Goodwill": NaN,
        "Net Income From Continuing Operation Net Minority Interest": NaN,
        "Reconciled Depreciation": NaN,
        "Reconciled Cost Of Revenue": NaN,
        "EBITDA": NaN,
        "EBIT": NaN,
        "Net Interest Income": NaN,
        "Interest Expense": NaN,
        "Normalized Income": NaN,
        "Net Income From Continuing And Discontinued Operation": NaN,
        "Total Expenses": NaN,
        "Total Operating Income As Reported": NaN,
        "Diluted Average Shares": 23072179.0,
        "Basic Average Shares": 23072179.0,
        "Diluted EPS": -0.11,
        "Basic EPS": -0.11,
        "Diluted NI Availto Com Stockholders": NaN,
        "Net Income Common Stockholders": NaN,
        "Net Income": NaN,
        "Net Income Including Noncontrolling Interests": NaN,
        "Net Income Continuous Operations": NaN,
        "Tax Provision": NaN,
        "Pretax Income": NaN,
        "Other Income Expense": NaN,
        "Special Income Charges": 0.0,
        "Impairment Of Capital Assets": 0.0,
        "Gain On Sale Of Security": NaN,
        "Net Non Operating Interest Income Expense": NaN,
        "Interest Expense Non Operating": NaN,
        "Operating Income": NaN,
        "Operating Expense": NaN,
        "Depreciation Amortization Depletion Income Statement": NaN,
        "Depreciation And Amortization In Income Statement": NaN,
        "Amortization": NaN,
        "Amortization Of Intangibles Income Statement": NaN,
        "Research And Development": NaN,
        "Selling General And Administration": NaN,
        "Selling And Marketing Expense": NaN,
        "General And Administrative Expense": NaN,
        "Other Gand A": NaN,
        "Gross Profit": NaN,
        "Cost Of Revenue": NaN,
        "Total Revenue": NaN,
        "Operating Revenue": NaN
    },
    "2024-03-31": {
        "Tax Effect Of Unusual Items": NaN,
        "Tax Rate For Calcs": NaN,
        "Normalized EBITDA": NaN,
        "Total Unusual Items": NaN,
        "Total Unusual Items Excluding Goodwill": NaN,
        "Net Income From Continuing Operation Net Minority Interest": NaN,
        "Reconciled Depreciation": NaN,
        "Reconciled Cost Of Revenue": NaN,
        "EBITDA": NaN,
        "EBIT": NaN,
        "Net Interest Income": 0.0,
        "Interest Expense": 0.0,
        "Normalized Income": NaN,
        "Net Income From Continuing And Discontinued Operation": NaN,
        "Total Expenses": NaN,
        "Total Operating Income As Reported": NaN,
        "Diluted Average Shares": NaN,
        "Basic Average Shares": NaN,
        "Diluted EPS": NaN,
        "Basic EPS": NaN,
        "Diluted NI Availto Com Stockholders": NaN,
        "Net Income Common Stockholders": NaN,
        "Net Income": NaN,
        "Net Income Including Noncontrolling Interests": NaN,
        "Net Income Continuous Operations": NaN,
        "Tax Provision": NaN,
        "Pretax Income": NaN,
        "Other Income Expense": 184000.0,
        "Special Income Charges": NaN,
        "Impairment Of Capital Assets": NaN,
        "Gain On Sale Of Security": 0.0,
        "Net Non Operating Interest Income Expense": 0.0,
        "Interest Expense Non Operating": 0.0,
        "Operating Income": NaN,
        "Operating Expense": NaN,
        "Depreciation Amortization Depletion Income Statement": NaN,
        "Depreciation And Amortization In Income Statement": NaN,
        "Amortization": NaN,
        "Amortization Of Intangibles Income Statement": NaN,
        "Depreciation Income Statement": NaN,
        "Research And Development": NaN,
        "Selling General And Administration": NaN,
        "Selling And Marketing Expense": NaN,
        "General And Administrative Expense": NaN,
        "Other Gand A": NaN,
        "Gross Profit": NaN,
        "Cost Of Revenue": NaN,
        "Total Revenue": NaN,
        "Operating Revenue": NaN
    },
    "2023-03-31": {
        "Tax Effect Of Unusual Items": NaN,
        "Tax Rate For Calcs": NaN,
        "Normalized EBITDA": NaN,
        "Total Unusual Items": NaN,
        "Total Unusual Items Excluding Goodwill": NaN,
        "Net Income From Continuing Operation Net Minority Interest": NaN,
        "Reconciled Depreciation": NaN,
        "Reconciled Cost Of Revenue": NaN,
        "EBITDA": NaN,
        "EBIT": NaN,
        "Net Interest Income": NaN,
        "Interest Expense": NaN,
        "Normalized Income": NaN,
        "Net Income From Continuing And Discontinued Operation": NaN,
        "Total Expenses": NaN,
        "Total Operating Income As Reported": NaN,
        "Diluted Average Shares": NaN,
        "Basic Average Shares": NaN,
        "Diluted EPS": NaN,
        "Basic EPS": NaN,
        "Diluted NI Availto Com Stockholders": NaN,
        "Net Income Common Stockholders": NaN,
        "Net Income": NaN,
        "Net Income Including Noncontrolling Interests": NaN,
        "Net Income Continuous Operations": NaN,
        "Tax Provision": NaN,
        "Pretax Income": NaN,
        "Other Income Expense": -1501000.0,
        "Special Income Charges": NaN,
        "Other Special Charges": NaN,
        "Impairment Of Capital Assets": NaN,
        "Gain On Sale Of Security": -1502000.0,
        "Net Non Operating Interest Income Expense": NaN,
        "Interest Expense Non Operating": NaN,
        "Operating Income": NaN,
        "Operating Expense": NaN,
        "Depreciation Amortization Depletion Income Statement": NaN,
        "Depreciation And Amortization In Income Statement": NaN,
        "Amortization": NaN,
        "Amortization Of Intangibles Income Statement": NaN,
        "Depreciation Income Statement": NaN,
        "Research And Development": NaN,
        "Selling General And Administration": NaN,
        "Selling And Marketing Expense": NaN,
        "General And Administrative Expense": NaN,
        "Other Gand A": NaN,
        "Salaries And Wages": NaN,
        "Gross Profit": NaN,
        "Cost Of Revenue": NaN,
        "Total Revenue": NaN,
        "Operating Revenue": NaN
    },
    "2024-06-30": {
        "Tax Effect Of Unusual Items": 0.0,
        "Tax Rate For Calcs": 0.0,
        "Normalized EBITDA": -571000.0,
        "Total Unusual Items": -176000.0,
        "Total Unusual Items Excluding Goodwill": -176000.0,
        "Net Income From Continuing Operation Net Minority Interest": -1366000.0,
        "Reconciled Depreciation": 443000.0,
        "Reconciled Cost Of Revenue": 11672000.0,
        "EBITDA": -747000.0,
        "EBIT": -1190000.0,
        "Net Interest Income": 0.0,
        "Interest Expense": 0.0,
        "Normalized Income": -1190000.0,
        "Net Income From Continuing And Discontinued Operation": -1366000.0,
        "Total Expenses": 14349000.0,
        "Total Operating Income As Reported": -1366000.0,
        "Diluted Average Shares": 23712530.0,
        "Basic Average Shares": 23712530.0,
        "Diluted EPS": -0.06,
        "Basic EPS": -0.06,
        "Diluted NI Availto Com Stockholders": -1366000.0,
        "Net Income Common Stockholders": -1366000.0,
        "Net Income": -1366000.0,
        "Net Income Including Noncontrolling Interests": -1366000.0,
        "Net Income Continuous Operations": -1366000.0,
        "Tax Provision": 0.0,
        "Pretax Income": -1366000.0,
        "Other Income Expense": -176000.0,
        "Special Income Charges": -176000.0,
        "Impairment Of Capital Assets": 176000.0,
        "Gain On Sale Of Security": NaN,
        "Net Non Operating Interest Income Expense": 0.0,
        "Interest Expense Non Operating": 0.0,
        "Operating Income": -1190000.0,
        "Operating Expense": 2640000.0,
        "Depreciation Amortization Depletion Income Statement": 406000.0,
        "Depreciation And Amortization In Income Statement": 406000.0,
        "Amortization": 377000.0,
        "Amortization Of Intangibles Income Statement": 377000.0,
        "Depreciation Income Statement": 29000.0,
        "Research And Development": 18000.0,
        "Selling General And Administration": 2216000.0,
        "Selling And Marketing Expense": 823000.0,
        "General And Administrative Expense": 1393000.0,
        "Other Gand A": 1393000.0,
        "Gross Profit": 1450000.0,
        "Cost Of Revenue": 11709000.0,
        "Total Revenue": 13159000.0,
        "Operating Revenue": 13159000.0
    },
    "2024-09-30": {
        "Tax Effect Of Unusual Items": 0.0,
        "Tax Rate For Calcs": 0.21,
        "Normalized EBITDA": -1264000.0,
        "Total Unusual Items": 0.0,
        "Total Unusual Items Excluding Goodwill": 0.0,
        "Net Income From Continuing Operation Net Minority Interest": -1669000.0,
        "Reconciled Depreciation": 394000.0,
        "Reconciled Cost Of Revenue": 11076000.0,
        "EBITDA": -1264000.0,
        "EBIT": -1658000.0,
        "Net Interest Income": 0.0,
        "Interest Expense": 0.0,
        "Normalized Income": -1669000.0,
        "Net Income From Continuing And Discontinued Operation": -1669000.0,
        "Total Expenses": 13812000.0,
        "Total Operating Income As Reported": -1658000.0,
        "Diluted Average Shares": 24162612.0,
        "Basic Average Shares": 24162612.0,
        "Diluted EPS": -0.07,
        "Basic EPS": -0.07,
        "Diluted NI Availto Com Stockholders": -1669000.0,
        "Net Income Common Stockholders": -1669000.0,
        "Net Income": -1669000.0,
        "Net Income Including Noncontrolling Interests": -1669000.0,
        "Net Income Continuous Operations": -1669000.0,
        "Tax Provision": 11000.0,
        "Pretax Income": -1658000.0,
        "Other Income Expense": NaN,
        "Special Income Charges": 0.0,
        "Impairment Of Capital Assets": 0.0,
        "Gain On Sale Of Security": NaN,
        "Net Non Operating Interest Income Expense": 0.0,
        "Interest Expense Non Operating": 0.0,
        "Operating Income": -1658000.0,
        "Operating Expense": 2670000.0,
        "Depreciation Amortization Depletion Income Statement": 328000.0,
        "Depreciation And Amortization In Income Statement": 328000.0,
        "Amortization": 328000.0,
        "Amortization Of Intangibles Income Statement": 328000.0,
        "Depreciation Income Statement": NaN,
        "Research And Development": 13000.0,
        "Selling General And Administration": 2329000.0,
        "Selling And Marketing Expense": 877000.0,
        "General And Administrative Expense": 1452000.0,
        "Other Gand A": 1452000.0,
        "Gross Profit": 1012000.0,
        "Cost Of Revenue": 11142000.0,
        "Total Revenue": 12154000.0,
        "Operating Revenue": 12154000.0
    },
    "2024-12-31": {
        "Tax Effect Of Unusual Items": 0.0,
        "Tax Rate For Calcs": 0.21,
        "Normalized EBITDA": -1394000.0,
        "Total Unusual Items": 0.0,
        "Total Unusual Items Excluding Goodwill": 0.0,
        "Net Income From Continuing Operation Net Minority Interest": -1583000.0,
        "Reconciled Depreciation": 188000.0,
        "Reconciled Cost Of Revenue": 11920000.0,
        "EBITDA": -1394000.0,
        "EBIT": -1582000.0,
        "Net Interest Income": 0.0,
        "Interest Expense": 0.0,
        "Normalized Income": -1583000.0,
        "Net Income From Continuing And Discontinued Operation": -1583000.0,
        "Total Expenses": 14292000.0,
        "Total Operating Income As Reported": -1582000.0,
        "Diluted Average Shares": 24535258.0,
        "Basic Average Shares": 24535258.0,
        "Diluted EPS": -0.06,
        "Basic EPS": -0.06,
        "Diluted NI Availto Com Stockholders": -1583000.0,
        "Net Income Common Stockholders": -1583000.0,
        "Net Income": -1583000.0,
        "Net Income Including Noncontrolling Interests": -1583000.0,
        "Net Income Continuous Operations": -1583000.0,
        "Tax Provision": 1000.0,
        "Pretax Income": -1582000.0,
        "Other Income Expense": NaN,
        "Special Income Charges": 0.0,
        "Impairment Of Capital Assets": 0.0,
        "Gain On Sale Of Security": NaN,
        "Net Non Operating Interest Income Expense": 0.0,
        "Interest Expense Non Operating": 0.0,
        "Operating Income": -1582000.0,
        "Operating Expense": 2309000.0,
        "Depreciation Amortization Depletion Income Statement": 125000.0,
        "Depreciation And Amortization In Income Statement": 125000.0,
        "Amortization": 125000.0,
        "Amortization Of Intangibles Income Statement": 125000.0,
        "Depreciation Income Statement": NaN,
        "Research And Development": 9000.0,
        "Selling General And Administration": 2175000.0,
        "Selling And Marketing Expense": 894000.0,
        "General And Administrative Expense": 1281000.0,
        "Other Gand A": 1281000.0,
        "Gross Profit": 727000.0,
        "Cost Of Revenue": 11983000.0,
        "Total Revenue": 12710000.0,
        "Operating Revenue": 12710000.0
    },
    "2025-03-31": {
        "Tax Effect Of Unusual Items": -33180.0,
        "Tax Rate For Calcs": 0.21,
        "Normalized EBITDA": -1357000.0,
        "Total Unusual Items": -158000.0,
        "Total Unusual Items Excluding Goodwill": -158000.0,
        "Net Income From Continuing Operation Net Minority Interest": -1840000.0,
        "Reconciled Depreciation": 313000.0,
        "Reconciled Cost Of Revenue": 12506000.0,
        "EBITDA": -1515000.0,
        "EBIT": -1828000.0,
        "Net Interest Income": 0.0,
        "Interest Expense": 0.0,
        "Normalized Income": -1715180.0,
        "Net Income From Continuing And Discontinued Operation": -1840000.0,
        "Total Expenses": 15767000.0,
        "Total Operating Income As Reported": -1828000.0,
        "Diluted Average Shares": 25110498.0,
        "Basic Average Shares": 25110498.0,
        "Diluted EPS": -0.06,
        "Basic EPS": -0.06,
        "Diluted NI Availto Com Stockholders": -1840000.0,
        "Net Income Common Stockholders": -1840000.0,
        "Net Income": -1840000.0,
        "Net Income Including Noncontrolling Interests": -1840000.0,
        "Net Income Continuous Operations": -1840000.0,
        "Tax Provision": 12000.0,
        "Pretax Income": -1828000.0,
        "Other Income Expense": -158000.0,
        "Special Income Charges": -158000.0,
        "Impairment Of Capital Assets": 158000.0,
        "Gain On Sale Of Security": NaN,
        "Net Non Operating Interest Income Expense": 0.0,
        "Interest Expense Non Operating": 0.0,
        "Operating Income": -1670000.0,
        "Operating Expense": 3207000.0,
        "Depreciation Amortization Depletion Income Statement": 259000.0,
        "Depreciation And Amortization In Income Statement": 259000.0,
        "Amortization": 259000.0,
        "Amortization Of Intangibles Income Statement": 259000.0,
        "Depreciation Income Statement": NaN,
        "Research And Development": 12000.0,
        "Selling General And Administration": 2936000.0,
        "Selling And Marketing Expense": 861000.0,
        "General And Administrative Expense": 2075000.0,
        "Other Gand A": 2075000.0,
        "Gross Profit": 1537000.0,
        "Cost Of Revenue": 12560000.0,
        "Total Revenue": 14097000.0,
        "Operating Revenue": 14097000.0
    },
    "2025-06-30": {
        "Tax Effect Of Unusual Items": 0.0,
        "Tax Rate For Calcs": 0.0,
        "Normalized EBITDA": -813000.0,
        "Total Unusual Items": 0.0,
        "Total Unusual Items Excluding Goodwill": 0.0,
        "Net Income From Continuing Operation Net Minority Interest": -1054000.0,
        "Reconciled Depreciation": 241000.0,
        "Reconciled Cost Of Revenue": 13441000.0,
        "EBITDA": -813000.0,
        "EBIT": -1054000.0,
        "Net Interest Income": NaN,
        "Interest Expense": NaN,
        "Normalized Income": -1054000.0,
        "Net Income From Continuing And Discontinued Operation": -1054000.0,
        "Total Expenses": 16048000.0,
        "Total Operating Income As Reported": -1054000.0,
        "Diluted Average Shares": 24133630.0,
        "Basic Average Shares": 24133630.0,
        "Diluted EPS": -0.04,
        "Basic EPS": -0.04,
        "Diluted NI Availto Com Stockholders": -1054000.0,
        "Net Income Common Stockholders": -1054000.0,
        "Net Income": -1054000.0,
        "Net Income Including Noncontrolling Interests": -1054000.0,
        "Net Income Continuous Operations": -1054000.0,
        "Tax Provision": 0.0,
        "Pretax Income": -1054000.0,
        "Other Income Expense": NaN,
        "Special Income Charges": 0.0,
        "Impairment Of Capital Assets": 0.0,
        "Gain On Sale Of Security": NaN,
        "Net Non Operating Interest Income Expense": NaN,
        "Interest Expense Non Operating": NaN,
        "Operating Income": -1054000.0,
        "Operating Expense": 2493000.0,
        "Depreciation Amortization Depletion Income Statement": 127000.0,
        "Depreciation And Amortization In Income Statement": 127000.0,
        "Amortization": 125000.0,
        "Amortization Of Intangibles Income Statement": 125000.0,
        "Depreciation Income Statement": 2000.0,
        "Research And Development": 12000.0,
        "Selling General And Administration": 2354000.0,
        "Selling And Marketing Expense": 866000.0,
        "General And Administrative Expense": 1488000.0,
        "Other Gand A": 1488000.0,
        "Gross Profit": 1439000.0,
        "Cost Of Revenue": 13555000.0,
        "Total Revenue": 14994000.0,
        "Operating Revenue": 14994000.0
    }
}