{
    "2023-03-31": {
        "Tax Effect Of Unusual Items": NaN,
        "Tax Rate For Calcs": NaN,
        "Normalized EBITDA": NaN,
        "Net Income From Continuing Operation Net Minority Interest": NaN,
        "Reconciled Depreciation": NaN,
        "Reconciled Cost Of Revenue": NaN,
        "EBITDA": NaN,
        "EBIT": NaN,
        "Net Interest Income": NaN,
        "Interest Expense": NaN,
        "Interest Income": NaN,
        "Normalized Income": NaN,
        "Net Income From Continuing And Discontinued Operation": NaN,
        "Total Expenses": NaN,
        "Total Operating Income As Reported": NaN,
        "Diluted Average Shares": 12949550.0,
        "Basic Average Shares": 12949550.0,
        "Diluted EPS": -0.09,
        "Basic EPS": -0.09,
        "Diluted NI Availto Com Stockholders": NaN,
        "Net Income Common Stockholders": NaN,
        "Net Income": NaN,
        "Net Income Including Noncontrolling Interests": NaN,
        "Net Income Continuous Operations": NaN,
        "Pretax Income": NaN,
        "Net Non Operating Interest Income Expense": NaN,
        "Interest Expense Non Operating": NaN,
        "Interest Income Non Operating": NaN,
        "Operating Income": NaN,
        "Operating Expense": NaN,
        "Research And Development": NaN,
        "Selling General And Administration": NaN,
        "Selling And Marketing Expense": NaN,
        "General And Administrative Expense": NaN,
        "Other Gand A": NaN,
        "Gross Profit": NaN,
        "Cost Of Revenue": NaN,
        "Total Revenue": NaN,
        "Operating Revenue": NaN
    },
    "2022-12-31": {
        "Tax Effect Of Unusual Items": NaN,
        "Tax Rate For Calcs": NaN,
        "Normalized EBITDA": NaN,
        "Net Income From Continuing Operation Net Minority Interest": NaN,
        "Reconciled Depreciation": NaN,
        "Reconciled Cost Of Revenue": NaN,
        "EBITDA": NaN,
        "EBIT": NaN,
        "Net Interest Income": NaN,
        "Interest Expense": NaN,
        "Interest Income": NaN,
        "Normalized Income": NaN,
        "Net Income From Continuing And Discontinued Operation": NaN,
        "Total Expenses": NaN,
        "Total Operating Income As Reported": NaN,
        "Diluted Average Shares": NaN,
        "Basic Average Shares": NaN,
        "Diluted EPS": NaN,
        "Basic EPS": NaN,
        "Diluted NI Availto Com Stockholders": NaN,
        "Net Income Common Stockholders": NaN,
        "Net Income": NaN,
        "Net Income Including Noncontrolling Interests": NaN,
        "Net Income Continuous Operations": NaN,
        "Pretax Income": NaN,
        "Other Income Expense": 0.0,
        "Other Non Operating Income Expenses": 0.0,
        "Net Non Operating Interest Income Expense": NaN,
        "Interest Expense Non Operating": NaN,
        "Interest Income Non Operating": NaN,
        "Operating Income": NaN,
        "Operating Expense": NaN,
        "Research And Development": NaN,
        "Selling General And Administration": NaN,
        "Selling And Marketing Expense": NaN,
        "General And Administrative Expense": NaN,
        "Other Gand A": NaN,
        "Gross Profit": NaN,
        "Cost Of Revenue": NaN,
        "Total Revenue": NaN,
        "Operating Revenue": NaN
    },
    "2022-09-30": {
        "Tax Effect Of Unusual Items": NaN,
        "Tax Rate For Calcs": NaN,
        "Normalized EBITDA": NaN,
        "Net Income From Continuing Operation Net Minority Interest": NaN,
        "Reconciled Depreciation": NaN,
        "Reconciled Cost Of Revenue": NaN,
        "EBITDA": NaN,
        "EBIT": NaN,
        "Net Interest Income": NaN,
        "Interest Expense": NaN,
        "Normalized Income": NaN,
        "Net Income From Continuing And Discontinued Operation": NaN,
        "Total Expenses": NaN,
        "Total Operating Income As Reported": NaN,
        "Diluted Average Shares": 12848466.0,
        "Basic Average Shares": 12848466.0,
        "Diluted EPS": -0.19,
        "Basic EPS": -0.19,
        "Diluted NI Availto Com Stockholders": NaN,
        "Net Income Common Stockholders": NaN,
        "Net Income": NaN,
        "Net Income Including Noncontrolling Interests": NaN,
        "Net Income Continuous Operations": NaN,
        "Pretax Income": NaN,
        "Other Income Expense": 7000.0,
        "Other Non Operating Income Expenses": 7000.0,
        "Net Non Operating Interest Income Expense": NaN,
        "Interest Expense Non Operating": NaN,
        "Operating Income": NaN,
        "Operating Expense": NaN,
        "Research And Development": NaN,
        "Selling General And Administration": NaN,
        "Selling And Marketing Expense": NaN,
        "General And Administrative Expense": NaN,
        "Other Gand A": NaN,
        "Gross Profit": NaN,
        "Cost Of Revenue": NaN,
        "Total Revenue": NaN,
        "Operating Revenue": NaN
    },
    "2022-06-30": {
        "Tax Effect Of Unusual Items": 0.0,
        "Tax Rate For Calcs": 0.0,
        "Normalized EBITDA": -725000.0,
        "Net Income From Continuing Operation Net Minority Interest": -739000.0,
        "Reconciled Depreciation": -37000.0,
        "Reconciled Cost Of Revenue": 3213000.0,
        "EBITDA": -725000.0,
        "EBIT": -725000.0,
        "Net Interest Income": -14000.0,
        "Interest Expense": 14000.0,
        "Normalized Income": -739000.0,
        "Net Income From Continuing And Discontinued Operation": -739000.0,
        "Total Expenses": 4999000.0,
        "Total Operating Income As Reported": -725000.0,
        "Diluted Average Shares": 12788203.0,
        "Basic Average Shares": 12788203.0,
        "Diluted EPS": -0.06,
        "Basic EPS": -0.06,
        "Diluted NI Availto Com Stockholders": -739000.0,
        "Net Income Common Stockholders": -739000.0,
        "Net Income": -739000.0,
        "Net Income Including Noncontrolling Interests": -739000.0,
        "Net Income Continuous Operations": -739000.0,
        "Pretax Income": -739000.0,
        "Other Income Expense": NaN,
        "Other Non Operating Income Expenses": NaN,
        "Net Non Operating Interest Income Expense": -14000.0,
        "Interest Expense Non Operating": 14000.0,
        "Operating Income": -725000.0,
        "Operating Expense": 1786000.0,
        "Research And Development": 350000.0,
        "Selling General And Administration": 1436000.0,
        "Selling And Marketing Expense": 400000.0,
        "General And Administrative Expense": 1036000.0,
        "Other Gand A": 1036000.0,
        "Gross Profit": 1061000.0,
        "Cost Of Revenue": 3213000.0,
        "Total Revenue": 4274000.0,
        "Operating Revenue": 4274000.0
    },
    "2022-03-31": {
        "Diluted EPS": -0.1,
        "Total Revenue": 4,
        "Gross Profit": 1,
        "Operating Income": -1,
        "EBIT": -1,
        "Net Income": -1
    },
    "2021-12-31": {
        "Diluted EPS": 0.04,
        "Total Revenue": 5,
        "Gross Profit": 2,
        "Operating Income": 0,
        "EBIT": 1,
        "Net Income": 0
    },
    "2021-09-30": {
        "Diluted EPS": 0.07,
        "Total Revenue": 4,
        "Gross Profit": 1,
        "Operating Income": -1,
        "EBIT": -1,
        "Net Income": 1
    },
    "2021-06-30": {
        "Diluted EPS": -0.07,
        "Total Revenue": 5,
        "Gross Profit": 1,
        "Operating Income": -1,
        "EBIT": -1,
        "Net Income": -1
    },
    "2021-03-31": {
        "Diluted EPS": -0.15,
        "Total Revenue": 3,
        "Gross Profit": 0,
        "Operating Income": -2,
        "EBIT": -2,
        "Net Income": -2
    },
    "2020-12-31": {
        "Diluted EPS": -0.34,
        "Total Revenue": 3,
        "Gross Profit": -2,
        "Operating Income": -4,
        "EBIT": -4,
        "Net Income": -4
    },
    "2020-09-30": {
        "Diluted EPS": -0.42,
        "Total Revenue": 3,
        "Gross Profit": -3,
        "Operating Income": -5,
        "EBIT": -4,
        "Net Income": -5
    },
    "2020-06-30": {
        "Diluted EPS": -0.23,
        "Total Revenue": 1,
        "Gross Profit": -1,
        "Operating Income": -2,
        "EBIT": -2,
        "Net Income": -2
    },
    "2020-03-31": {
        "Diluted EPS": -0.02,
        "Total Revenue": 3,
        "Gross Profit": 0,
        "Operating Income": -2,
        "EBIT": -2,
        "Net Income": 0
    },
    "2019-12-31": {
        "Diluted EPS": -0.47,
        "Total Revenue": 1,
        "Gross Profit": -3,
        "Operating Income": -5,
        "EBIT": -4,
        "Net Income": -5
    },
    "2019-09-30": {
        "Diluted EPS": 0.0,
        "Total Revenue": 7,
        "Gross Profit": 2,
        "Operating Income": 0,
        "EBIT": 0,
        "Net Income": 0
    },
    "2019-06-30": {
        "Diluted EPS": 0.06,
        "Total Revenue": 9,
        "Gross Profit": 3,
        "Operating Income": 1,
        "EBIT": 1,
        "Net Income": 1
    },
    "2019-03-31": {
        "Diluted EPS": 0.01,
        "Total Revenue": 8,
        "Gross Profit": 2,
        "Operating Income": 0,
        "EBIT": 0,
        "Net Income": 0
    },
    "2018-12-31": {
        "Diluted EPS": 0.0,
        "Total Revenue": 8,
        "Gross Profit": 2,
        "Operating Income": 0,
        "EBIT": 0,
        "Net Income": 0
    },
    "2018-09-30": {
        "Diluted EPS": -0.07,
        "Total Revenue": 5,
        "Gross Profit": 2,
        "Operating Income": -1,
        "EBIT": -1,
        "Net Income": -1
    },
    "2018-06-30": {
        "Diluted EPS": 0.02,
        "Total Revenue": 6,
        "Gross Profit": 2,
        "Operating Income": 0,
        "EBIT": 0,
        "Net Income": 0
    },
    "2018-03-31": {
        "Diluted EPS": -0.03,
        "Total Revenue": 5,
        "Gross Profit": 1,
        "Operating Income": 0,
        "EBIT": 0,
        "Net Income": 0
    },
    "2017-12-31": {
        "Diluted EPS": -0.06,
        "Total Revenue": 4,
        "Gross Profit": 1,
        "Operating Income": 0,
        "EBIT": 0,
        "Net Income": -1
    },
    "2017-09-30": {
        "Diluted EPS": -0.04,
        "Total Revenue": 3,
        "Gross Profit": 1,
        "Operating Income": -1,
        "EBIT": -1,
        "Net Income": 0
    },
    "2017-06-30": {
        "Diluted EPS": -0.03,
        "Total Revenue": 2,
        "Gross Profit": 1,
        "Operating Income": -1,
        "EBIT": -1,
        "Net Income": 0
    },
    "2017-03-31": {
        "Diluted EPS": 0.06,
        "Total Revenue": 5,
        "Gross Profit": 2,
        "Operating Income": 1,
        "EBIT": 1,
        "Net Income": 1
    },
    "2016-12-31": {
        "Diluted EPS": 0.21,
        "Total Revenue": 7,
        "Gross Profit": 4,
        "Operating Income": 3,
        "EBIT": 3,
        "Net Income": 2
    },
    "2016-09-30": {
        "Diluted EPS": 0.24,
        "Total Revenue": 7,
        "Gross Profit": 3,
        "Operating Income": 3,
        "EBIT": 3,
        "Net Income": 2
    },
    "2016-06-30": {
        "Diluted EPS": 0.05,
        "Total Revenue": 5,
        "Gross Profit": 1,
        "Operating Income": 1,
        "EBIT": 1,
        "Net Income": 0
    },
    "2016-03-31": {
        "Diluted EPS": 0.08,
        "Total Revenue": 3,
        "Gross Profit": 1,
        "Operating Income": 1,
        "EBIT": 1,
        "Net Income": 1
    },
    "2015-12-31": {
        "Diluted EPS": 0.0,
        "Total Revenue": NaN,
        "Gross Profit": NaN,
        "Operating Income": NaN,
        "EBIT": NaN,
        "Net Income": NaN
    },
    "2015-09-30": {
        "Diluted EPS": 0.0,
        "Total Revenue": NaN,
        "Gross Profit": NaN,
        "Operating Income": NaN,
        "EBIT": NaN,
        "Net Income": NaN
    },
    "2014-12-31": {
        "Diluted EPS": 0.0,
        "Total Revenue": NaN,
        "Gross Profit": NaN,
        "Operating Income": NaN,
        "EBIT": NaN,
        "Net Income": NaN
    },
    "2023-06-30": {
        "Tax Effect Of Unusual Items": NaN,
        "Tax Rate For Calcs": NaN,
        "Normalized EBITDA": NaN,
        "Net Income From Continuing Operation Net Minority Interest": NaN,
        "Reconciled Depreciation": NaN,
        "Reconciled Cost Of Revenue": NaN,
        "EBITDA": NaN,
        "EBIT": NaN,
        "Net Interest Income": NaN,
        "Interest Expense": NaN,
        "Interest Income": 0.0,
        "Normalized Income": NaN,
        "Net Income From Continuing And Discontinued Operation": NaN,
        "Total Expenses": NaN,
        "Total Operating Income As Reported": NaN,
        "Diluted Average Shares": 1849935.0,
        "Basic Average Shares": 1849935.0,
        "Diluted EPS": -0.21,
        "Basic EPS": -0.21,
        "Diluted NI Availto Com Stockholders": NaN,
        "Net Income Common Stockholders": NaN,
        "Net Income": NaN,
        "Net Income Including Noncontrolling Interests": NaN,
        "Net Income Continuous Operations": NaN,
        "Pretax Income": NaN,
        "Other Income Expense": NaN,
        "Other Non Operating Income Expenses": NaN,
        "Net Non Operating Interest Income Expense": NaN,
        "Interest Expense Non Operating": NaN,
        "Interest Income Non Operating": 0.0,
        "Operating Income": NaN,
        "Operating Expense": NaN,
        "Research And Development": NaN,
        "Selling General And Administration": NaN,
        "Selling And Marketing Expense": NaN,
        "General And Administrative Expense": NaN,
        "Other Gand A": NaN,
        "Gross Profit": NaN,
        "Cost Of Revenue": NaN,
        "Total Revenue": NaN,
        "Operating Revenue": NaN
    },
    "2023-09-30": {
        "Tax Effect Of Unusual Items": NaN,
        "Tax Rate For Calcs": NaN,
        "Normalized EBITDA": NaN,
        "Net Income From Continuing Operation Net Minority Interest": NaN,
        "Reconciled Depreciation": NaN,
        "Reconciled Cost Of Revenue": NaN,
        "EBITDA": NaN,
        "EBIT": NaN,
        "Net Interest Income": NaN,
        "Interest Expense": NaN,
        "Interest Income": NaN,
        "Normalized Income": NaN,
        "Net Income From Continuing And Discontinued Operation": NaN,
        "Total Expenses": NaN,
        "Total Operating Income As Reported": NaN,
        "Diluted Average Shares": 1849935.0,
        "Basic Average Shares": 1849935.0,
        "Diluted EPS": -0.98,
        "Basic EPS": -0.98,
        "Diluted NI Availto Com Stockholders": NaN,
        "Net Income Common Stockholders": NaN,
        "Net Income": NaN,
        "Net Income Including Noncontrolling Interests": NaN,
        "Net Income Continuous Operations": NaN,
        "Pretax Income": NaN,
        "Other Income Expense": NaN,
        "Other Non Operating Income Expenses": NaN,
        "Net Non Operating Interest Income Expense": NaN,
        "Interest Expense Non Operating": NaN,
        "Interest Income Non Operating": NaN,
        "Operating Income": NaN,
        "Operating Expense": NaN,
        "Research And Development": NaN,
        "Selling General And Administration": NaN,
        "Selling And Marketing Expense": NaN,
        "General And Administrative Expense": NaN,
        "Other Gand A": NaN,
        "Gross Profit": NaN,
        "Cost Of Revenue": NaN,
        "Total Revenue": NaN,
        "Operating Revenue": NaN
    },
    "2023-12-31": {
        "Tax Effect Of Unusual Items": 0.0,
        "Tax Rate For Calcs": 0.0,
        "Normalized EBITDA": -2893000.0,
        "Net Income From Continuing Operation Net Minority Interest": -3155000.0,
        "Reconciled Depreciation": 78000.0,
        "Reconciled Cost Of Revenue": 5032000.0,
        "EBITDA": -2893000.0,
        "EBIT": -2971000.0,
        "Net Interest Income": -184000.0,
        "Interest Expense": 184000.0,
        "Interest Income": NaN,
        "Normalized Income": -3155000.0,
        "Net Income From Continuing And Discontinued Operation": -3155000.0,
        "Total Expenses": 6577000.0,
        "Total Operating Income As Reported": -2972000.0,
        "Diluted Average Shares": NaN,
        "Basic Average Shares": NaN,
        "Diluted EPS": NaN,
        "Basic EPS": NaN,
        "Diluted NI Availto Com Stockholders": -3155000.0,
        "Net Income Common Stockholders": -3155000.0,
        "Net Income": -3155000.0,
        "Net Income Including Noncontrolling Interests": -3155000.0,
        "Net Income Continuous Operations": -3155000.0,
        "Pretax Income": -3155000.0,
        "Other Income Expense": NaN,
        "Other Non Operating Income Expenses": NaN,
        "Net Non Operating Interest Income Expense": -184000.0,
        "Interest Expense Non Operating": 184000.0,
        "Interest Income Non Operating": NaN,
        "Operating Income": -2972000.0,
        "Operating Expense": 1545000.0,
        "Research And Development": 239000.0,
        "Selling General And Administration": 1306000.0,
        "Selling And Marketing Expense": 255000.0,
        "General And Administrative Expense": 1051000.0,
        "Other Gand A": 1051000.0,
        "Gross Profit": -1427000.0,
        "Cost Of Revenue": 5032000.0,
        "Total Revenue": 3605000.0,
        "Operating Revenue": 3605000.0
    },
    "2024-03-31": {
        "Tax Effect Of Unusual Items": 0.0,
        "Tax Rate For Calcs": 0.0,
        "Normalized EBITDA": -1913000.0,
        "Net Income From Continuing Operation Net Minority Interest": -2142000.0,
        "Reconciled Depreciation": 66000.0,
        "Reconciled Cost Of Revenue": 2177000.0,
        "EBITDA": -1913000.0,
        "EBIT": -1979000.0,
        "Net Interest Income": -163000.0,
        "Interest Expense": 163000.0,
        "Interest Income": NaN,
        "Normalized Income": -2142000.0,
        "Net Income From Continuing And Discontinued Operation": -2142000.0,
        "Total Expenses": 3754000.0,
        "Total Operating Income As Reported": -1979000.0,
        "Diluted Average Shares": 2508802.0,
        "Basic Average Shares": 2508802.0,
        "Diluted EPS": -0.85,
        "Basic EPS": -0.85,
        "Diluted NI Availto Com Stockholders": -2142000.0,
        "Net Income Common Stockholders": -2142000.0,
        "Net Income": -2142000.0,
        "Net Income Including Noncontrolling Interests": -2142000.0,
        "Net Income Continuous Operations": -2142000.0,
        "Pretax Income": -2142000.0,
        "Other Income Expense": NaN,
        "Other Non Operating Income Expenses": NaN,
        "Net Non Operating Interest Income Expense": -163000.0,
        "Interest Expense Non Operating": 163000.0,
        "Interest Income Non Operating": NaN,
        "Operating Income": -1979000.0,
        "Operating Expense": 1577000.0,
        "Research And Development": 220000.0,
        "Selling General And Administration": 1357000.0,
        "Selling And Marketing Expense": 231000.0,
        "General And Administrative Expense": 1126000.0,
        "Other Gand A": 1126000.0,
        "Gross Profit": -402000.0,
        "Cost Of Revenue": 2177000.0,
        "Total Revenue": 1775000.0,
        "Operating Revenue": 1775000.0
    },
    "2024-06-30": {
        "Tax Effect Of Unusual Items": 0.0,
        "Tax Rate For Calcs": 0.21,
        "Normalized EBITDA": 735000.0,
        "Net Income From Continuing Operation Net Minority Interest": 501000.0,
        "Reconciled Depreciation": 55000.0,
        "Reconciled Cost Of Revenue": 2828000.0,
        "EBITDA": 735000.0,
        "EBIT": 680000.0,
        "Net Interest Income": 41000.0,
        "Interest Expense": 179000.0,
        "Interest Income": 220000.0,
        "Normalized Income": 501000.0,
        "Net Income From Continuing And Discontinued Operation": 501000.0,
        "Total Expenses": 4200000.0,
        "Total Operating Income As Reported": 460000.0,
        "Diluted Average Shares": 2508801.0,
        "Basic Average Shares": 2508801.0,
        "Diluted EPS": 0.21,
        "Basic EPS": 0.21,
        "Diluted NI Availto Com Stockholders": 501000.0,
        "Net Income Common Stockholders": 501000.0,
        "Net Income": 501000.0,
        "Net Income Including Noncontrolling Interests": 501000.0,
        "Net Income Continuous Operations": 501000.0,
        "Pretax Income": 501000.0,
        "Other Income Expense": NaN,
        "Other Non Operating Income Expenses": NaN,
        "Net Non Operating Interest Income Expense": 41000.0,
        "Interest Expense Non Operating": 179000.0,
        "Interest Income Non Operating": 220000.0,
        "Operating Income": 460000.0,
        "Operating Expense": 1372000.0,
        "Research And Development": 195000.0,
        "Selling General And Administration": 1177000.0,
        "Selling And Marketing Expense": 264000.0,
        "General And Administrative Expense": 913000.0,
        "Other Gand A": 913000.0,
        "Gross Profit": 1832000.0,
        "Cost Of Revenue": 2828000.0,
        "Total Revenue": 4660000.0,
        "Operating Revenue": 4660000.0
    },
    "2024-09-30": {
        "Tax Effect Of Unusual Items": 0.0,
        "Tax Rate For Calcs": 0.21,
        "Normalized EBITDA": 191000.0,
        "Net Income From Continuing Operation Net Minority Interest": 13000.0,
        "Reconciled Depreciation": 25000.0,
        "Reconciled Cost Of Revenue": 3490000.0,
        "EBITDA": 191000.0,
        "EBIT": 166000.0,
        "Net Interest Income": -153000.0,
        "Interest Expense": 153000.0,
        "Interest Income": NaN,
        "Normalized Income": 13000.0,
        "Net Income From Continuing And Discontinued Operation": 13000.0,
        "Total Expenses": 4874000.0,
        "Total Operating Income As Reported": 40000.0,
        "Diluted Average Shares": 2508801.0,
        "Basic Average Shares": 2508801.0,
        "Diluted EPS": 0.005182,
        "Basic EPS": 0.005182,
        "Diluted NI Availto Com Stockholders": 13000.0,
        "Net Income Common Stockholders": 13000.0,
        "Net Income": 13000.0,
        "Net Income Including Noncontrolling Interests": 13000.0,
        "Net Income Continuous Operations": 13000.0,
        "Pretax Income": 13000.0,
        "Other Income Expense": 126000.0,
        "Other Non Operating Income Expenses": 126000.0,
        "Net Non Operating Interest Income Expense": -153000.0,
        "Interest Expense Non Operating": 153000.0,
        "Interest Income Non Operating": NaN,
        "Operating Income": 40000.0,
        "Operating Expense": 1384000.0,
        "Research And Development": 172000.0,
        "Selling General And Administration": 1212000.0,
        "Selling And Marketing Expense": 252000.0,
        "General And Administrative Expense": 960000.0,
        "Other Gand A": 960000.0,
        "Gross Profit": 1424000.0,
        "Cost Of Revenue": 3490000.0,
        "Total Revenue": 4914000.0,
        "Operating Revenue": 4914000.0
    },
    "2024-12-31": {
        "Tax Effect Of Unusual Items": 0.0,
        "Tax Rate For Calcs": 0.0,
        "Normalized EBITDA": -2875000.0,
        "Net Income From Continuing Operation Net Minority Interest": -3049000.0,
        "Reconciled Depreciation": 21000.0,
        "Reconciled Cost Of Revenue": 4162000.0,
        "EBITDA": -2875000.0,
        "EBIT": -2896000.0,
        "Net Interest Income": 68000.0,
        "Interest Expense": 153000.0,
        "Interest Income": NaN,
        "Normalized Income": -3049000.0,
        "Net Income From Continuing And Discontinued Operation": -3049000.0,
        "Total Expenses": 5518000.0,
        "Total Operating Income As Reported": -2896000.0,
        "Diluted Average Shares": 2508853.0,
        "Basic Average Shares": 2508853.0,
        "Diluted EPS": -1.22,
        "Basic EPS": -1.22,
        "Diluted NI Availto Com Stockholders": -3049000.0,
        "Net Income Common Stockholders": -3049000.0,
        "Net Income": -3049000.0,
        "Net Income Including Noncontrolling Interests": -3049000.0,
        "Net Income Continuous Operations": -3049000.0,
        "Pretax Income": -3049000.0,
        "Other Income Expense": -221000.0,
        "Other Non Operating Income Expenses": -221000.0,
        "Net Non Operating Interest Income Expense": 68000.0,
        "Interest Expense Non Operating": 153000.0,
        "Interest Income Non Operating": NaN,
        "Operating Income": -2896000.0,
        "Operating Expense": 1356000.0,
        "Research And Development": 185000.0,
        "Selling General And Administration": 1171000.0,
        "Selling And Marketing Expense": 264000.0,
        "General And Administrative Expense": 907000.0,
        "Other Gand A": 907000.0,
        "Gross Profit": -1540000.0,
        "Cost Of Revenue": 4162000.0,
        "Total Revenue": 2622000.0,
        "Operating Revenue": 2622000.0
    },
    "2025-03-31": {
        "Tax Effect Of Unusual Items": 0.0,
        "Tax Rate For Calcs": 0.0,
        "Normalized EBITDA": -1084000.0,
        "Net Income From Continuing Operation Net Minority Interest": -1265000.0,
        "Reconciled Depreciation": 17000.0,
        "Reconciled Cost Of Revenue": 1403000.0,
        "EBITDA": -1084000.0,
        "EBIT": -1101000.0,
        "Net Interest Income": -164000.0,
        "Interest Expense": 164000.0,
        "Interest Income": NaN,
        "Normalized Income": -1265000.0,
        "Net Income From Continuing And Discontinued Operation": -1265000.0,
        "Total Expenses": 2824000.0,
        "Total Operating Income As Reported": -1101000.0,
        "Diluted Average Shares": 2510669.0,
        "Basic Average Shares": 2510669.0,
        "Diluted EPS": -0.5,
        "Basic EPS": -0.5,
        "Diluted NI Availto Com Stockholders": -1265000.0,
        "Net Income Common Stockholders": -1265000.0,
        "Net Income": -1265000.0,
        "Net Income Including Noncontrolling Interests": -1265000.0,
        "Net Income Continuous Operations": -1265000.0,
        "Pretax Income": -1265000.0,
        "Other Income Expense": NaN,
        "Other Non Operating Income Expenses": NaN,
        "Net Non Operating Interest Income Expense": -164000.0,
        "Interest Expense Non Operating": 164000.0,
        "Interest Income Non Operating": NaN,
        "Operating Income": -1101000.0,
        "Operating Expense": 1421000.0,
        "Research And Development": 160000.0,
        "Selling General And Administration": 1261000.0,
        "Selling And Marketing Expense": 260000.0,
        "General And Administrative Expense": 1001000.0,
        "Other Gand A": 1001000.0,
        "Gross Profit": 320000.0,
        "Cost Of Revenue": 1403000.0,
        "Total Revenue": 1723000.0,
        "Operating Revenue": 1723000.0
    }
}