{
    "2023-03-31": {
        "Tax Effect Of Unusual Items": NaN,
        "Tax Rate For Calcs": NaN,
        "Normalized EBITDA": NaN,
        "Total Unusual Items": NaN,
        "Total Unusual Items Excluding Goodwill": NaN,
        "Net Income From Continuing Operation Net Minority Interest": NaN,
        "Reconciled Depreciation": NaN,
        "Reconciled Cost Of Revenue": NaN,
        "EBITDA": NaN,
        "EBIT": NaN,
        "Net Interest Income": NaN,
        "Interest Expense": NaN,
        "Normalized Income": NaN,
        "Net Income From Continuing And Discontinued Operation": NaN,
        "Total Expenses": NaN,
        "Total Operating Income As Reported": NaN,
        "Diluted Average Shares": NaN,
        "Basic Average Shares": NaN,
        "Diluted EPS": NaN,
        "Basic EPS": NaN,
        "Diluted NI Availto Com Stockholders": NaN,
        "Average Dilution Earnings": 2700000.0,
        "Net Income Common Stockholders": NaN,
        "Otherunder Preferred Stock Dividend": NaN,
        "Net Income": NaN,
        "Minority Interests": NaN,
        "Net Income Including Noncontrolling Interests": NaN,
        "Net Income Discontinuous Operations": 0.0,
        "Net Income Continuous Operations": NaN,
        "Earnings From Equity Interest Net Of Tax": NaN,
        "Tax Provision": NaN,
        "Pretax Income": NaN,
        "Other Income Expense": NaN,
        "Other Non Operating Income Expenses": NaN,
        "Special Income Charges": NaN,
        "Gain On Sale Of Business": NaN,
        "Other Special Charges": NaN,
        "Restructuring And Mergern Acquisition": 0.0,
        "Earnings From Equity Interest": NaN,
        "Gain On Sale Of Security": NaN,
        "Net Non Operating Interest Income Expense": NaN,
        "Interest Expense Non Operating": NaN,
        "Operating Income": NaN,
        "Operating Expense": NaN,
        "Other Operating Expenses": NaN,
        "Depreciation Amortization Depletion Income Statement": NaN,
        "Depreciation And Amortization In Income Statement": NaN,
        "Amortization": NaN,
        "Amortization Of Intangibles Income Statement": NaN,
        "Selling General And Administration": NaN,
        "Gross Profit": NaN,
        "Cost Of Revenue": NaN,
        "Total Revenue": NaN,
        "Operating Revenue": NaN
    },
    "2022-12-31": {
        "Tax Effect Of Unusual Items": NaN,
        "Tax Rate For Calcs": NaN,
        "Normalized EBITDA": NaN,
        "Total Unusual Items": NaN,
        "Total Unusual Items Excluding Goodwill": NaN,
        "Net Income From Continuing Operation Net Minority Interest": NaN,
        "Reconciled Depreciation": NaN,
        "Reconciled Cost Of Revenue": NaN,
        "EBITDA": NaN,
        "EBIT": NaN,
        "Net Interest Income": NaN,
        "Interest Expense": NaN,
        "Normalized Income": NaN,
        "Net Income From Continuing And Discontinued Operation": NaN,
        "Total Expenses": NaN,
        "Total Operating Income As Reported": NaN,
        "Diluted Average Shares": NaN,
        "Basic Average Shares": NaN,
        "Diluted EPS": NaN,
        "Basic EPS": NaN,
        "Diluted NI Availto Com Stockholders": NaN,
        "Average Dilution Earnings": NaN,
        "Net Income Common Stockholders": NaN,
        "Otherunder Preferred Stock Dividend": NaN,
        "Net Income": NaN,
        "Minority Interests": NaN,
        "Net Income Including Noncontrolling Interests": NaN,
        "Net Income Discontinuous Operations": 0.0,
        "Net Income Continuous Operations": NaN,
        "Earnings From Equity Interest Net Of Tax": NaN,
        "Tax Provision": NaN,
        "Pretax Income": NaN,
        "Other Income Expense": NaN,
        "Other Non Operating Income Expenses": NaN,
        "Special Income Charges": NaN,
        "Gain On Sale Of Business": NaN,
        "Other Special Charges": NaN,
        "Restructuring And Mergern Acquisition": -5100000.0,
        "Earnings From Equity Interest": NaN,
        "Gain On Sale Of Security": NaN,
        "Net Non Operating Interest Income Expense": NaN,
        "Interest Expense Non Operating": NaN,
        "Operating Income": NaN,
        "Operating Expense": NaN,
        "Other Operating Expenses": NaN,
        "Depreciation Amortization Depletion Income Statement": NaN,
        "Depreciation And Amortization In Income Statement": NaN,
        "Amortization": NaN,
        "Amortization Of Intangibles Income Statement": NaN,
        "Selling General And Administration": NaN,
        "Gross Profit": NaN,
        "Cost Of Revenue": NaN,
        "Total Revenue": NaN,
        "Operating Revenue": NaN
    },
    "2022-09-30": {
        "Tax Effect Of Unusual Items": NaN,
        "Tax Rate For Calcs": NaN,
        "Normalized EBITDA": NaN,
        "Total Unusual Items": NaN,
        "Total Unusual Items Excluding Goodwill": NaN,
        "Net Income From Continuing Operation Net Minority Interest": NaN,
        "Reconciled Depreciation": NaN,
        "Reconciled Cost Of Revenue": NaN,
        "EBITDA": NaN,
        "EBIT": NaN,
        "Net Interest Income": NaN,
        "Interest Expense": NaN,
        "Normalized Income": NaN,
        "Net Income From Continuing And Discontinued Operation": NaN,
        "Total Expenses": NaN,
        "Total Operating Income As Reported": NaN,
        "Diluted Average Shares": NaN,
        "Basic Average Shares": NaN,
        "Diluted EPS": NaN,
        "Basic EPS": NaN,
        "Diluted NI Availto Com Stockholders": NaN,
        "Average Dilution Earnings": NaN,
        "Net Income Common Stockholders": NaN,
        "Otherunder Preferred Stock Dividend": NaN,
        "Net Income": NaN,
        "Minority Interests": NaN,
        "Net Income Including Noncontrolling Interests": NaN,
        "Net Income Discontinuous Operations": 0.0,
        "Net Income Continuous Operations": NaN,
        "Earnings From Equity Interest Net Of Tax": NaN,
        "Tax Provision": NaN,
        "Pretax Income": NaN,
        "Other Income Expense": NaN,
        "Other Non Operating Income Expenses": NaN,
        "Special Income Charges": NaN,
        "Gain On Sale Of Business": NaN,
        "Other Special Charges": NaN,
        "Restructuring And Mergern Acquisition": 45700000.0,
        "Earnings From Equity Interest": NaN,
        "Gain On Sale Of Security": NaN,
        "Net Non Operating Interest Income Expense": NaN,
        "Interest Expense Non Operating": NaN,
        "Operating Income": NaN,
        "Operating Expense": NaN,
        "Other Operating Expenses": NaN,
        "Depreciation Amortization Depletion Income Statement": NaN,
        "Depreciation And Amortization In Income Statement": NaN,
        "Amortization": NaN,
        "Amortization Of Intangibles Income Statement": NaN,
        "Selling General And Administration": NaN,
        "Gross Profit": NaN,
        "Cost Of Revenue": NaN,
        "Total Revenue": NaN,
        "Operating Revenue": NaN
    },
    "2022-06-30": {
        "Tax Effect Of Unusual Items": 28127100.0,
        "Tax Rate For Calcs": 0.159,
        "Normalized EBITDA": 212100000.0,
        "Total Unusual Items": 176900000.0,
        "Total Unusual Items Excluding Goodwill": 176900000.0,
        "Net Income From Continuing Operation Net Minority Interest": 170200000.0,
        "Reconciled Depreciation": 93800000.0,
        "Reconciled Cost Of Revenue": 1103000000.0,
        "EBITDA": 389000000.0,
        "EBIT": 295200000.0,
        "Net Interest Income": -75600000.0,
        "Interest Expense": 75600000.0,
        "Normalized Income": 21427100.0,
        "Net Income From Continuing And Discontinued Operation": 170200000.0,
        "Total Expenses": 1419400000.0,
        "Total Operating Income As Reported": 105500000.0,
        "Diluted Average Shares": 61600000.0,
        "Basic Average Shares": 60400000.0,
        "Diluted EPS": 2.72,
        "Basic EPS": 2.77,
        "Diluted NI Availto Com Stockholders": 167300000.0,
        "Average Dilution Earnings": 0.0,
        "Net Income Common Stockholders": 167300000.0,
        "Otherunder Preferred Stock Dividend": 2900000.0,
        "Net Income": 170200000.0,
        "Minority Interests": -2400000.0,
        "Net Income Including Noncontrolling Interests": 172600000.0,
        "Net Income Discontinuous Operations": 0.0,
        "Net Income Continuous Operations": 172600000.0,
        "Earnings From Equity Interest Net Of Tax": -12000000.0,
        "Tax Provision": 35000000.0,
        "Pretax Income": 219600000.0,
        "Other Income Expense": 189700000.0,
        "Other Non Operating Income Expenses": 12800000.0,
        "Special Income Charges": 10200000.0,
        "Other Special Charges": -10200000.0,
        "Earnings From Equity Interest": NaN,
        "Gain On Sale Of Security": 166700000.0,
        "Net Non Operating Interest Income Expense": -75600000.0,
        "Interest Expense Non Operating": 75600000.0,
        "Operating Income": 105500000.0,
        "Operating Expense": 259200000.0,
        "Other Operating Expenses": -2400000.0,
        "Depreciation Amortization Depletion Income Statement": 36600000.0,
        "Depreciation And Amortization In Income Statement": 36600000.0,
        "Amortization": 36600000.0,
        "Amortization Of Intangibles Income Statement": 36600000.0,
        "Selling General And Administration": 225000000.0,
        "Gross Profit": 364700000.0,
        "Cost Of Revenue": 1160200000.0,
        "Total Revenue": 1524900000.0,
        "Operating Revenue": 1524900000.0
    },
    "2023-06-30": {
        "Tax Effect Of Unusual Items": NaN,
        "Tax Rate For Calcs": NaN,
        "Normalized EBITDA": NaN,
        "Total Unusual Items": NaN,
        "Total Unusual Items Excluding Goodwill": NaN,
        "Net Income From Continuing Operation Net Minority Interest": NaN,
        "Reconciled Depreciation": NaN,
        "Reconciled Cost Of Revenue": NaN,
        "EBITDA": NaN,
        "EBIT": NaN,
        "Net Interest Income": NaN,
        "Interest Expense": NaN,
        "Normalized Income": NaN,
        "Net Income From Continuing And Discontinued Operation": NaN,
        "Total Expenses": NaN,
        "Total Operating Income As Reported": NaN,
        "Diluted Average Shares": NaN,
        "Basic Average Shares": NaN,
        "Diluted EPS": NaN,
        "Basic EPS": NaN,
        "Diluted NI Availto Com Stockholders": NaN,
        "Average Dilution Earnings": 2700000.0,
        "Net Income Common Stockholders": NaN,
        "Otherunder Preferred Stock Dividend": -1900000.0,
        "Net Income": NaN,
        "Minority Interests": NaN,
        "Net Income Including Noncontrolling Interests": NaN,
        "Net Income Discontinuous Operations": 0.0,
        "Net Income Continuous Operations": NaN,
        "Earnings From Equity Interest Net Of Tax": NaN,
        "Tax Provision": NaN,
        "Pretax Income": NaN,
        "Other Income Expense": NaN,
        "Other Non Operating Income Expenses": NaN,
        "Special Income Charges": NaN,
        "Gain On Sale Of Business": 0.0,
        "Other Special Charges": NaN,
        "Restructuring And Mergern Acquisition": 0.0,
        "Earnings From Equity Interest": 0.0,
        "Gain On Sale Of Security": NaN,
        "Net Non Operating Interest Income Expense": NaN,
        "Interest Expense Non Operating": NaN,
        "Operating Income": NaN,
        "Operating Expense": NaN,
        "Other Operating Expenses": NaN,
        "Depreciation Amortization Depletion Income Statement": NaN,
        "Depreciation And Amortization In Income Statement": NaN,
        "Amortization": NaN,
        "Amortization Of Intangibles Income Statement": NaN,
        "Selling General And Administration": NaN,
        "Gross Profit": NaN,
        "Cost Of Revenue": NaN,
        "Total Revenue": NaN,
        "Operating Revenue": NaN
    },
    "2022-03-31": {
        "Diluted EPS": 8.4,
        "Total Revenue": NaN,
        "Gross Profit": 379,
        "Operating Income": 100,
        "EBIT": 195,
        "Net Income": 523
    },
    "2021-12-31": {
        "Diluted EPS": -0.25,
        "Total Revenue": NaN,
        "Gross Profit": 332,
        "Operating Income": 78,
        "EBIT": 175,
        "Net Income": -21
    },
    "2021-09-30": {
        "Diluted EPS": 0.43,
        "Total Revenue": NaN,
        "Gross Profit": 241,
        "Operating Income": 37,
        "EBIT": 135,
        "Net Income": 30
    },
    "2021-06-30": {
        "Diluted EPS": -0.95,
        "Total Revenue": NaN,
        "Gross Profit": 368,
        "Operating Income": 155,
        "EBIT": 247,
        "Net Income": -54
    },
    "2021-03-31": {
        "Diluted EPS": 1.69,
        "Total Revenue": NaN,
        "Gross Profit": 364,
        "Operating Income": 130,
        "EBIT": 212,
        "Net Income": 110
    },
    "2020-12-31": {
        "Diluted EPS": 1.21,
        "Total Revenue": NaN,
        "Gross Profit": 455,
        "Operating Income": 166,
        "EBIT": 260,
        "Net Income": 81
    },
    "2020-09-30": {
        "Diluted EPS": 0.87,
        "Total Revenue": 424,
        "Gross Profit": 102,
        "Operating Income": 15,
        "EBIT": 85,
        "Net Income": 57
    },
    "2020-06-30": {
        "Diluted EPS": 0.52,
        "Total Revenue": NaN,
        "Gross Profit": 437,
        "Operating Income": 172,
        "EBIT": 265,
        "Net Income": 36
    },
    "2020-03-31": {
        "Diluted EPS": -2.76,
        "Total Revenue": NaN,
        "Gross Profit": 439,
        "Operating Income": 154,
        "EBIT": 245,
        "Net Income": -191
    },
    "2019-12-31": {
        "Diluted EPS": 1.38,
        "Total Revenue": NaN,
        "Gross Profit": 472,
        "Operating Income": 196,
        "EBIT": 286,
        "Net Income": 99
    },
    "2019-09-30": {
        "Diluted EPS": -0.8,
        "Total Revenue": NaN,
        "Gross Profit": 452,
        "Operating Income": 103,
        "EBIT": 194,
        "Net Income": -61
    },
    "2019-06-30": {
        "Diluted EPS": 0.21,
        "Total Revenue": NaN,
        "Gross Profit": 462,
        "Operating Income": 198,
        "EBIT": 295,
        "Net Income": 16
    },
    "2019-03-31": {
        "Diluted EPS": 0.58,
        "Total Revenue": NaN,
        "Gross Profit": 451,
        "Operating Income": 186,
        "EBIT": 284,
        "Net Income": 43
    },
    "2018-12-31": {
        "Diluted EPS": 1.67,
        "Total Revenue": NaN,
        "Gross Profit": 427,
        "Operating Income": 294,
        "EBIT": 388,
        "Net Income": 124
    },
    "2018-09-30": {
        "Diluted EPS": -0.15,
        "Total Revenue": NaN,
        "Gross Profit": 475,
        "Operating Income": 68,
        "EBIT": 165,
        "Net Income": -18
    },
    "2018-06-30": {
        "Diluted EPS": 1.29,
        "Total Revenue": NaN,
        "Gross Profit": 458,
        "Operating Income": 184,
        "EBIT": 290,
        "Net Income": 95
    },
    "2018-03-31": {
        "Diluted EPS": 1.2,
        "Total Revenue": NaN,
        "Gross Profit": 472,
        "Operating Income": 161,
        "EBIT": 265,
        "Net Income": 89
    },
    "2017-12-31": {
        "Diluted EPS": 3.82,
        "Total Revenue": NaN,
        "Gross Profit": 449,
        "Operating Income": 161,
        "EBIT": 252,
        "Net Income": 292
    },
    "2017-09-30": {
        "Diluted EPS": 0.24,
        "Total Revenue": NaN,
        "Gross Profit": 434,
        "Operating Income": 113,
        "EBIT": 203,
        "Net Income": 5
    },
    "2017-06-30": {
        "Diluted EPS": -0.93,
        "Total Revenue": NaN,
        "Gross Profit": 394,
        "Operating Income": 191,
        "EBIT": 268,
        "Net Income": -63
    },
    "2017-03-31": {
        "Diluted EPS": -0.08,
        "Total Revenue": NaN,
        "Gross Profit": 364,
        "Operating Income": 138,
        "EBIT": 216,
        "Net Income": -6
    },
    "2016-12-31": {
        "Diluted EPS": 1.27,
        "Total Revenue": NaN,
        "Gross Profit": 379,
        "Operating Income": 76,
        "EBIT": 153,
        "Net Income": 98
    },
    "2016-09-30": {
        "Diluted EPS": -0.58,
        "Total Revenue": NaN,
        "Gross Profit": 377,
        "Operating Income": 108,
        "EBIT": 184,
        "Net Income": -40
    },
    "2016-06-30": {
        "Diluted EPS": 0.0,
        "Total Revenue": NaN,
        "Gross Profit": 398,
        "Operating Income": 142,
        "EBIT": 215,
        "Net Income": NaN
    },
    "2016-03-31": {
        "Diluted EPS": 0.02,
        "Total Revenue": NaN,
        "Gross Profit": 409,
        "Operating Income": 163,
        "EBIT": 240,
        "Net Income": 2
    },
    "2015-12-31": {
        "Diluted EPS": 0.15,
        "Total Revenue": NaN,
        "Gross Profit": 363,
        "Operating Income": 133,
        "EBIT": 209,
        "Net Income": 11
    },
    "2015-09-30": {
        "Diluted EPS": -1.07,
        "Total Revenue": NaN,
        "Gross Profit": 333,
        "Operating Income": 41,
        "EBIT": 112,
        "Net Income": -77
    },
    "2015-06-30": {
        "Diluted EPS": 0.33,
        "Total Revenue": NaN,
        "Gross Profit": 317,
        "Operating Income": 81,
        "EBIT": 154,
        "Net Income": 20
    },
    "2015-03-31": {
        "Diluted EPS": 0.45,
        "Total Revenue": NaN,
        "Gross Profit": 276,
        "Operating Income": 50,
        "EBIT": 114,
        "Net Income": 26
    },
    "2014-12-31": {
        "Diluted EPS": -2.04,
        "Total Revenue": NaN,
        "Gross Profit": 249,
        "Operating Income": 41,
        "EBIT": 105,
        "Net Income": -102
    },
    "2014-09-30": {
        "Diluted EPS": -7.29,
        "Total Revenue": NaN,
        "Gross Profit": 229,
        "Operating Income": -241,
        "EBIT": -163,
        "Net Income": -292
    },
    "2014-06-30": {
        "Diluted EPS": -0.92,
        "Total Revenue": 633,
        "Gross Profit": 149,
        "Operating Income": 8,
        "EBIT": 51,
        "Net Income": -39
    },
    "2014-03-31": {
        "Diluted EPS": -0.67,
        "Total Revenue": 438,
        "Gross Profit": 129,
        "Operating Income": 0,
        "EBIT": 30,
        "Net Income": -23
    },
    "2013-12-31": {
        "Diluted EPS": -0.15,
        "Total Revenue": 297,
        "Gross Profit": 115,
        "Operating Income": 25,
        "EBIT": 46,
        "Net Income": -5
    },
    "2013-09-30": {
        "Diluted EPS": -0.09,
        "Total Revenue": 292,
        "Gross Profit": 113,
        "Operating Income": 24,
        "EBIT": 51,
        "Net Income": -3
    },
    "2013-06-30": {
        "Diluted EPS": 0.03,
        "Total Revenue": 257,
        "Gross Profit": 104,
        "Operating Income": 24,
        "EBIT": 46,
        "Net Income": 1
    },
    "2013-03-31": {
        "Diluted EPS": 0.13,
        "Total Revenue": 248,
        "Gross Profit": 103,
        "Operating Income": 29,
        "EBIT": 45,
        "Net Income": 4
    },
    "2012-12-31": {
        "Diluted EPS": 0.23,
        "Total Revenue": 237,
        "Gross Profit": 106,
        "Operating Income": 30,
        "EBIT": 47,
        "Net Income": 8
    },
    "2012-09-30": {
        "Diluted EPS": 0.32,
        "Total Revenue": 247,
        "Gross Profit": 110,
        "Operating Income": 33,
        "EBIT": 49,
        "Net Income": 11
    },
    "2012-06-30": {
        "Diluted EPS": 0.46,
        "Total Revenue": 242,
        "Gross Profit": 110,
        "Operating Income": 42,
        "EBIT": 58,
        "Net Income": 16
    },
    "2012-03-31": {
        "Diluted EPS": 0.3,
        "Total Revenue": 251,
        "Gross Profit": 111,
        "Operating Income": 33,
        "EBIT": 49,
        "Net Income": 11
    },
    "2011-12-31": {
        "Diluted EPS": 0.37,
        "Total Revenue": 219,
        "Gross Profit": 98,
        "Operating Income": 31,
        "EBIT": 46,
        "Net Income": 13
    },
    "2011-09-30": {
        "Diluted EPS": -13.94,
        "Total Revenue": 238,
        "Gross Profit": 103,
        "Operating Income": -495,
        "EBIT": -480,
        "Net Income": -480
    },
    "2011-06-30": {
        "Diluted EPS": 0.05,
        "Total Revenue": 248,
        "Gross Profit": 114,
        "Operating Income": 17,
        "EBIT": 31,
        "Net Income": 2
    },
    "2011-03-31": {
        "Diluted EPS": 0.85,
        "Total Revenue": 259,
        "Gross Profit": 125,
        "Operating Income": 59,
        "EBIT": 73,
        "Net Income": 29
    },
    "2010-12-31": {
        "Diluted EPS": 0.72,
        "Total Revenue": 224,
        "Gross Profit": 110,
        "Operating Income": 51,
        "EBIT": 65,
        "Net Income": 25
    },
    "2010-09-30": {
        "Diluted EPS": 0.0,
        "Total Revenue": NaN,
        "Gross Profit": NaN,
        "Operating Income": NaN,
        "EBIT": NaN,
        "Net Income": NaN
    },
    "2009-09-30": {
        "Diluted EPS": 0.0,
        "Total Revenue": NaN,
        "Gross Profit": NaN,
        "Operating Income": NaN,
        "EBIT": NaN,
        "Net Income": NaN
    },
    "2023-09-30": {
        "Tax Effect Of Unusual Items": NaN,
        "Tax Rate For Calcs": NaN,
        "Normalized EBITDA": NaN,
        "Total Unusual Items": NaN,
        "Total Unusual Items Excluding Goodwill": NaN,
        "Net Income From Continuing Operation Net Minority Interest": NaN,
        "Reconciled Depreciation": NaN,
        "Reconciled Cost Of Revenue": NaN,
        "EBITDA": NaN,
        "EBIT": NaN,
        "Net Interest Income": NaN,
        "Interest Expense": NaN,
        "Normalized Income": NaN,
        "Net Income From Continuing And Discontinued Operation": NaN,
        "Total Expenses": NaN,
        "Total Operating Income As Reported": NaN,
        "Diluted Average Shares": NaN,
        "Basic Average Shares": NaN,
        "Diluted EPS": NaN,
        "Basic EPS": NaN,
        "Diluted NI Availto Com Stockholders": NaN,
        "Average Dilution Earnings": NaN,
        "Net Income Common Stockholders": NaN,
        "Otherunder Preferred Stock Dividend": NaN,
        "Net Income": NaN,
        "Minority Interests": NaN,
        "Net Income Including Noncontrolling Interests": NaN,
        "Net Income Discontinuous Operations": 0.0,
        "Net Income Continuous Operations": NaN,
        "Earnings From Equity Interest Net Of Tax": NaN,
        "Tax Provision": NaN,
        "Pretax Income": NaN,
        "Other Income Expense": NaN,
        "Other Non Operating Income Expenses": NaN,
        "Special Income Charges": NaN,
        "Gain On Sale Of Business": 0.0,
        "Other Special Charges": NaN,
        "Gain On Sale Of Security": NaN,
        "Net Non Operating Interest Income Expense": NaN,
        "Interest Expense Non Operating": NaN,
        "Operating Income": NaN,
        "Operating Expense": NaN,
        "Other Operating Expenses": NaN,
        "Depreciation Amortization Depletion Income Statement": NaN,
        "Depreciation And Amortization In Income Statement": NaN,
        "Amortization": NaN,
        "Amortization Of Intangibles Income Statement": NaN,
        "Selling General And Administration": NaN,
        "Gross Profit": NaN,
        "Cost Of Revenue": NaN,
        "Total Revenue": NaN,
        "Operating Revenue": NaN
    },
    "2023-12-31": {
        "Tax Effect Of Unusual Items": NaN,
        "Tax Rate For Calcs": NaN,
        "Normalized EBITDA": NaN,
        "Total Unusual Items": NaN,
        "Total Unusual Items Excluding Goodwill": NaN,
        "Net Income From Continuing Operation Net Minority Interest": NaN,
        "Reconciled Depreciation": NaN,
        "Reconciled Cost Of Revenue": NaN,
        "EBITDA": NaN,
        "EBIT": NaN,
        "Net Interest Income": NaN,
        "Interest Expense": NaN,
        "Normalized Income": NaN,
        "Net Income From Continuing And Discontinued Operation": NaN,
        "Total Expenses": NaN,
        "Total Operating Income As Reported": NaN,
        "Diluted Average Shares": NaN,
        "Basic Average Shares": NaN,
        "Diluted EPS": NaN,
        "Basic EPS": NaN,
        "Diluted NI Availto Com Stockholders": NaN,
        "Average Dilution Earnings": NaN,
        "Net Income Common Stockholders": NaN,
        "Otherunder Preferred Stock Dividend": NaN,
        "Net Income": NaN,
        "Minority Interests": NaN,
        "Net Income Including Noncontrolling Interests": NaN,
        "Net Income Continuous Operations": NaN,
        "Earnings From Equity Interest Net Of Tax": NaN,
        "Tax Provision": NaN,
        "Pretax Income": NaN,
        "Other Income Expense": NaN,
        "Other Non Operating Income Expenses": NaN,
        "Special Income Charges": NaN,
        "Other Special Charges": -3100000.0,
        "Gain On Sale Of Security": NaN,
        "Net Non Operating Interest Income Expense": NaN,
        "Interest Expense Non Operating": NaN,
        "Operating Income": NaN,
        "Operating Expense": NaN,
        "Other Operating Expenses": NaN,
        "Depreciation Amortization Depletion Income Statement": NaN,
        "Depreciation And Amortization In Income Statement": NaN,
        "Amortization": NaN,
        "Amortization Of Intangibles Income Statement": NaN,
        "Selling General And Administration": NaN,
        "Gross Profit": NaN,
        "Cost Of Revenue": NaN,
        "Total Revenue": NaN,
        "Operating Revenue": NaN
    },
    "2024-03-31": {
        "Tax Effect Of Unusual Items": NaN,
        "Tax Rate For Calcs": NaN,
        "Normalized EBITDA": NaN,
        "Total Unusual Items": NaN,
        "Total Unusual Items Excluding Goodwill": NaN,
        "Net Income From Continuing Operation Net Minority Interest": NaN,
        "Reconciled Depreciation": NaN,
        "Reconciled Cost Of Revenue": NaN,
        "EBITDA": NaN,
        "EBIT": NaN,
        "Net Interest Income": NaN,
        "Interest Expense": NaN,
        "Normalized Income": NaN,
        "Net Income From Continuing And Discontinued Operation": NaN,
        "Total Expenses": NaN,
        "Total Operating Income As Reported": NaN,
        "Diluted Average Shares": NaN,
        "Basic Average Shares": NaN,
        "Diluted EPS": NaN,
        "Basic EPS": NaN,
        "Diluted NI Availto Com Stockholders": NaN,
        "Average Dilution Earnings": NaN,
        "Net Income Common Stockholders": NaN,
        "Otherunder Preferred Stock Dividend": NaN,
        "Net Income": NaN,
        "Minority Interests": NaN,
        "Net Income Including Noncontrolling Interests": NaN,
        "Net Income Continuous Operations": NaN,
        "Earnings From Equity Interest Net Of Tax": NaN,
        "Tax Provision": NaN,
        "Pretax Income": NaN,
        "Other Income Expense": NaN,
        "Other Non Operating Income Expenses": NaN,
        "Special Income Charges": NaN,
        "Other Special Charges": 300000.0,
        "Gain On Sale Of Security": NaN,
        "Net Non Operating Interest Income Expense": NaN,
        "Interest Expense Non Operating": NaN,
        "Operating Income": NaN,
        "Operating Expense": NaN,
        "Other Operating Expenses": NaN,
        "Depreciation Amortization Depletion Income Statement": NaN,
        "Depreciation And Amortization In Income Statement": NaN,
        "Amortization": NaN,
        "Amortization Of Intangibles Income Statement": NaN,
        "Selling General And Administration": NaN,
        "Gross Profit": NaN,
        "Cost Of Revenue": NaN,
        "Total Revenue": NaN,
        "Operating Revenue": NaN
    },
    "2024-06-30": {
        "Tax Effect Of Unusual Items": NaN,
        "Tax Rate For Calcs": NaN,
        "Normalized EBITDA": NaN,
        "Total Unusual Items": NaN,
        "Total Unusual Items Excluding Goodwill": NaN,
        "Net Income From Continuing Operation Net Minority Interest": NaN,
        "Reconciled Depreciation": NaN,
        "Reconciled Cost Of Revenue": NaN,
        "EBITDA": NaN,
        "EBIT": NaN,
        "Net Interest Income": NaN,
        "Interest Expense": NaN,
        "Normalized Income": NaN,
        "Net Income From Continuing And Discontinued Operation": NaN,
        "Total Expenses": NaN,
        "Total Operating Income As Reported": NaN,
        "Diluted Average Shares": NaN,
        "Basic Average Shares": NaN,
        "Diluted EPS": NaN,
        "Basic EPS": NaN,
        "Diluted NI Availto Com Stockholders": NaN,
        "Average Dilution Earnings": NaN,
        "Net Income Common Stockholders": NaN,
        "Otherunder Preferred Stock Dividend": 0.0,
        "Net Income": NaN,
        "Minority Interests": NaN,
        "Net Income Including Noncontrolling Interests": NaN,
        "Net Income Continuous Operations": NaN,
        "Earnings From Equity Interest Net Of Tax": NaN,
        "Tax Provision": NaN,
        "Pretax Income": NaN,
        "Other Income Expense": NaN,
        "Other Non Operating Income Expenses": NaN,
        "Special Income Charges": NaN,
        "Other Special Charges": -1800000.0,
        "Gain On Sale Of Security": NaN,
        "Net Non Operating Interest Income Expense": NaN,
        "Interest Expense Non Operating": NaN,
        "Operating Income": NaN,
        "Operating Expense": NaN,
        "Other Operating Expenses": NaN,
        "Depreciation Amortization Depletion Income Statement": NaN,
        "Depreciation And Amortization In Income Statement": NaN,
        "Amortization": NaN,
        "Amortization Of Intangibles Income Statement": NaN,
        "Selling General And Administration": NaN,
        "Gross Profit": NaN,
        "Cost Of Revenue": NaN,
        "Total Revenue": NaN,
        "Operating Revenue": NaN
    },
    "2024-09-30": {
        "Tax Effect Of Unusual Items": NaN,
        "Tax Rate For Calcs": NaN,
        "Normalized EBITDA": NaN,
        "Total Unusual Items": NaN,
        "Total Unusual Items Excluding Goodwill": NaN,
        "Net Income From Continuing Operation Net Minority Interest": NaN,
        "Reconciled Depreciation": NaN,
        "Reconciled Cost Of Revenue": NaN,
        "EBITDA": NaN,
        "EBIT": NaN,
        "Net Interest Income": NaN,
        "Interest Expense": NaN,
        "Normalized Income": NaN,
        "Net Income From Continuing And Discontinued Operation": NaN,
        "Total Expenses": NaN,
        "Total Operating Income As Reported": NaN,
        "Diluted Average Shares": NaN,
        "Basic Average Shares": NaN,
        "Diluted EPS": NaN,
        "Basic EPS": NaN,
        "Diluted NI Availto Com Stockholders": NaN,
        "Average Dilution Earnings": NaN,
        "Net Income Common Stockholders": NaN,
        "Otherunder Preferred Stock Dividend": NaN,
        "Net Income": NaN,
        "Minority Interests": NaN,
        "Net Income Including Noncontrolling Interests": NaN,
        "Net Income Continuous Operations": NaN,
        "Earnings From Equity Interest Net Of Tax": NaN,
        "Tax Provision": NaN,
        "Pretax Income": NaN,
        "Other Income Expense": NaN,
        "Other Non Operating Income Expenses": NaN,
        "Special Income Charges": NaN,
        "Other Special Charges": 6700000.0,
        "Gain On Sale Of Security": NaN,
        "Net Non Operating Interest Income Expense": NaN,
        "Interest Expense Non Operating": NaN,
        "Operating Income": NaN,
        "Operating Expense": NaN,
        "Other Operating Expenses": NaN,
        "Depreciation Amortization Depletion Income Statement": NaN,
        "Depreciation And Amortization In Income Statement": NaN,
        "Amortization": NaN,
        "Amortization Of Intangibles Income Statement": NaN,
        "Selling General And Administration": NaN,
        "Gross Profit": NaN,
        "Cost Of Revenue": NaN,
        "Total Revenue": NaN,
        "Operating Revenue": NaN
    },
    "2024-12-31": {
        "Tax Effect Of Unusual Items": 2119394.77304,
        "Tax Rate For Calcs": 0.22077,
        "Normalized EBITDA": 340200000.0,
        "Total Unusual Items": 9600000.0,
        "Total Unusual Items Excluding Goodwill": 9600000.0,
        "Net Income From Continuing Operation Net Minority Interest": 113300000.0,
        "Reconciled Depreciation": 120300000.0,
        "Reconciled Cost Of Revenue": 1308200000.0,
        "EBITDA": 349800000.0,
        "EBIT": 229500000.0,
        "Net Interest Income": -84100000.0,
        "Interest Expense": 84100000.0,
        "Normalized Income": 105819394.77304,
        "Net Income From Continuing And Discontinued Operation": 113300000.0,
        "Total Expenses": 1760600000.0,
        "Total Operating Income As Reported": 214100000.0,
        "Diluted Average Shares": 65200000.0,
        "Basic Average Shares": 58300000.0,
        "Diluted EPS": 1.78,
        "Basic EPS": 1.94,
        "Diluted NI Availto Com Stockholders": 116000000.0,
        "Average Dilution Earnings": 2700000.0,
        "Net Income Common Stockholders": 113300000.0,
        "Otherunder Preferred Stock Dividend": NaN,
        "Net Income": 113300000.0,
        "Minority Interests": -100000.0,
        "Net Income Including Noncontrolling Interests": 113400000.0,
        "Net Income Continuous Operations": 113400000.0,
        "Earnings From Equity Interest Net Of Tax": 100000.0,
        "Tax Provision": 32100000.0,
        "Pretax Income": 145400000.0,
        "Other Income Expense": 15400000.0,
        "Other Non Operating Income Expenses": 5800000.0,
        "Special Income Charges": -5800000.0,
        "Other Special Charges": 5800000.0,
        "Gain On Sale Of Security": 15400000.0,
        "Net Non Operating Interest Income Expense": -84100000.0,
        "Interest Expense Non Operating": 84100000.0,
        "Operating Income": 214100000.0,
        "Operating Expense": 381200000.0,
        "Other Operating Expenses": 500000.0,
        "Depreciation Amortization Depletion Income Statement": 49100000.0,
        "Depreciation And Amortization In Income Statement": 49100000.0,
        "Amortization": 49100000.0,
        "Amortization Of Intangibles Income Statement": 49100000.0,
        "Selling General And Administration": 331600000.0,
        "Gross Profit": 595300000.0,
        "Cost Of Revenue": 1379400000.0,
        "Total Revenue": 1974700000.0,
        "Operating Revenue": 1974700000.0
    },
    "2025-03-31": {
        "Tax Effect Of Unusual Items": -1336500.0,
        "Tax Rate For Calcs": 0.243,
        "Normalized EBITDA": 300500000.0,
        "Total Unusual Items": -5500000.0,
        "Total Unusual Items Excluding Goodwill": -5500000.0,
        "Net Income From Continuing Operation Net Minority Interest": 62600000.0,
        "Reconciled Depreciation": 125600000.0,
        "Reconciled Cost Of Revenue": 1329800000.0,
        "EBITDA": 295000000.0,
        "EBIT": 169400000.0,
        "Net Interest Income": -87000000.0,
        "Interest Expense": 87000000.0,
        "Normalized Income": 66763500.0,
        "Net Income From Continuing And Discontinued Operation": 62600000.0,
        "Total Expenses": 1769900000.0,
        "Total Operating Income As Reported": 182200000.0,
        "Diluted Average Shares": 63100000.0,
        "Basic Average Shares": 56400000.0,
        "Diluted EPS": 1.03,
        "Basic EPS": 1.11,
        "Diluted NI Availto Com Stockholders": 65300000.0,
        "Average Dilution Earnings": 2700000.0,
        "Net Income Common Stockholders": 62600000.0,
        "Otherunder Preferred Stock Dividend": NaN,
        "Net Income": 62600000.0,
        "Minority Interests": 0.0,
        "Net Income Including Noncontrolling Interests": 62600000.0,
        "Net Income Continuous Operations": 62600000.0,
        "Earnings From Equity Interest Net Of Tax": 200000.0,
        "Tax Provision": 20000000.0,
        "Pretax Income": 82400000.0,
        "Other Income Expense": -12800000.0,
        "Other Non Operating Income Expenses": -7300000.0,
        "Special Income Charges": 0.0,
        "Other Special Charges": NaN,
        "Gain On Sale Of Security": -5500000.0,
        "Net Non Operating Interest Income Expense": -87000000.0,
        "Interest Expense Non Operating": 87000000.0,
        "Operating Income": 182200000.0,
        "Operating Expense": 363600000.0,
        "Other Operating Expenses": -300000.0,
        "Depreciation Amortization Depletion Income Statement": 49100000.0,
        "Depreciation And Amortization In Income Statement": 49100000.0,
        "Amortization": 49100000.0,
        "Amortization Of Intangibles Income Statement": 49100000.0,
        "Selling General And Administration": 314800000.0,
        "Gross Profit": 545800000.0,
        "Cost Of Revenue": 1406300000.0,
        "Total Revenue": 1952100000.0,
        "Operating Revenue": 1952100000.0
    },
    "2025-06-30": {
        "Tax Effect Of Unusual Items": -629200.0,
        "Tax Rate For Calcs": 0.242,
        "Normalized EBITDA": 366600000.0,
        "Total Unusual Items": -2600000.0,
        "Total Unusual Items Excluding Goodwill": -2600000.0,
        "Net Income From Continuing Operation Net Minority Interest": 108800000.0,
        "Reconciled Depreciation": 132200000.0,
        "Reconciled Cost Of Revenue": 1305300000.0,
        "EBITDA": 364000000.0,
        "EBIT": 231800000.0,
        "Net Interest Income": -88500000.0,
        "Interest Expense": 88500000.0,
        "Normalized Income": 110770800.0,
        "Net Income From Continuing And Discontinued Operation": 108800000.0,
        "Total Expenses": 1749700000.0,
        "Total Operating Income As Reported": 234600000.0,
        "Diluted Average Shares": 62400000.0,
        "Basic Average Shares": 55700000.0,
        "Diluted EPS": 1.79,
        "Basic EPS": 1.95,
        "Diluted NI Availto Com Stockholders": 111500000.0,
        "Average Dilution Earnings": 2700000.0,
        "Net Income Common Stockholders": 108800000.0,
        "Otherunder Preferred Stock Dividend": NaN,
        "Net Income": 108800000.0,
        "Minority Interests": 100000.0,
        "Net Income Including Noncontrolling Interests": 108700000.0,
        "Net Income Continuous Operations": 108700000.0,
        "Earnings From Equity Interest Net Of Tax": 100000.0,
        "Tax Provision": 34700000.0,
        "Pretax Income": 143300000.0,
        "Other Income Expense": -2800000.0,
        "Other Non Operating Income Expenses": -200000.0,
        "Special Income Charges": 0.0,
        "Other Special Charges": NaN,
        "Gain On Sale Of Security": -2600000.0,
        "Net Non Operating Interest Income Expense": -88500000.0,
        "Interest Expense Non Operating": 88500000.0,
        "Operating Income": 234600000.0,
        "Operating Expense": 361600000.0,
        "Other Operating Expenses": 100000.0,
        "Depreciation Amortization Depletion Income Statement": 49400000.0,
        "Depreciation And Amortization In Income Statement": 49400000.0,
        "Amortization": 49400000.0,
        "Amortization Of Intangibles Income Statement": 49400000.0,
        "Selling General And Administration": 312100000.0,
        "Gross Profit": 596200000.0,
        "Cost Of Revenue": 1388100000.0,
        "Total Revenue": 1984300000.0,
        "Operating Revenue": 1984300000.0
    },
    "2025-09-30": {
        "Tax Effect Of Unusual Items": -9072427.983539,
        "Tax Rate For Calcs": 0.300412,
        "Normalized EBITDA": 351100000.0,
        "Total Unusual Items": -30200000.0,
        "Total Unusual Items Excluding Goodwill": -30200000.0,
        "Net Income From Continuing Operation Net Minority Interest": 51000000.0,
        "Reconciled Depreciation": 146200000.0,
        "Reconciled Cost Of Revenue": 1551900000.0,
        "EBITDA": 320900000.0,
        "EBIT": 174700000.0,
        "Net Interest Income": -101800000.0,
        "Interest Expense": 101800000.0,
        "Normalized Income": 72127572.016461,
        "Net Income From Continuing And Discontinued Operation": 51000000.0,
        "Total Expenses": 2048800000.0,
        "Total Operating Income As Reported": 168400000.0,
        "Diluted Average Shares": 60900000.0,
        "Basic Average Shares": 54100000.0,
        "Diluted EPS": 0.88,
        "Basic EPS": 0.94,
        "Diluted NI Availto Com Stockholders": 53800000.0,
        "Average Dilution Earnings": 2800000.0,
        "Net Income Common Stockholders": 51000000.0,
        "Otherunder Preferred Stock Dividend": NaN,
        "Net Income": 51000000.0,
        "Minority Interests": -100000.0,
        "Net Income Including Noncontrolling Interests": 51100000.0,
        "Net Income Continuous Operations": 51100000.0,
        "Earnings From Equity Interest Net Of Tax": 100000.0,
        "Tax Provision": 21900000.0,
        "Pretax Income": 72900000.0,
        "Other Income Expense": -23500000.0,
        "Other Non Operating Income Expenses": 6700000.0,
        "Special Income Charges": -29800000.0,
        "Other Special Charges": 0.0,
        "Gain On Sale Of Security": -400000.0,
        "Net Non Operating Interest Income Expense": -101800000.0,
        "Interest Expense Non Operating": 101800000.0,
        "Operating Income": 198200000.0,
        "Operating Expense": 403900000.0,
        "Other Operating Expenses": 600000.0,
        "Depreciation Amortization Depletion Income Statement": 53200000.0,
        "Depreciation And Amortization In Income Statement": 53200000.0,
        "Amortization": 53200000.0,
        "Amortization Of Intangibles Income Statement": 53200000.0,
        "Selling General And Administration": 350100000.0,
        "Gross Profit": 602100000.0,
        "Cost Of Revenue": 1644900000.0,
        "Total Revenue": 2247000000.0,
        "Operating Revenue": 2247000000.0
    },
    "2025-12-31": {
        "Tax Effect Of Unusual Items": -3434516.129032,
        "Tax Rate For Calcs": 0.220161,
        "Normalized EBITDA": 395500000.0,
        "Total Unusual Items": -15600000.0,
        "Total Unusual Items Excluding Goodwill": -15600000.0,
        "Net Income From Continuing Operation Net Minority Interest": 96800000.0,
        "Reconciled Depreciation": 152500000.0,
        "Reconciled Cost Of Revenue": 1435300000.0,
        "EBITDA": 379900000.0,
        "EBIT": 227400000.0,
        "Net Interest Income": -103400000.0,
        "Interest Expense": 103400000.0,
        "Normalized Income": 108965483.870968,
        "Net Income From Continuing And Discontinued Operation": 96800000.0,
        "Total Expenses": 1936200000.0,
        "Total Operating Income As Reported": 238400000.0,
        "Diluted Average Shares": 58200000.0,
        "Basic Average Shares": 51700000.0,
        "Diluted EPS": 1.71,
        "Basic EPS": 1.87,
        "Diluted NI Availto Com Stockholders": 99500000.0,
        "Average Dilution Earnings": 2700000.0,
        "Net Income Common Stockholders": 96800000.0,
        "Otherunder Preferred Stock Dividend": NaN,
        "Net Income": 96800000.0,
        "Minority Interests": -200000.0,
        "Net Income Including Noncontrolling Interests": 97000000.0,
        "Net Income Continuous Operations": 97000000.0,
        "Earnings From Equity Interest Net Of Tax": 300000.0,
        "Tax Provision": 27300000.0,
        "Pretax Income": 124000000.0,
        "Other Income Expense": -11000000.0,
        "Other Non Operating Income Expenses": 4600000.0,
        "Special Income Charges": -17500000.0,
        "Other Special Charges": 17500000.0,
        "Gain On Sale Of Security": 1900000.0,
        "Net Non Operating Interest Income Expense": -103400000.0,
        "Interest Expense Non Operating": 103400000.0,
        "Operating Income": 238400000.0,
        "Operating Expense": 400100000.0,
        "Other Operating Expenses": -8900000.0,
        "Depreciation Amortization Depletion Income Statement": 51700000.0,
        "Depreciation And Amortization In Income Statement": 51700000.0,
        "Amortization": 51700000.0,
        "Amortization Of Intangibles Income Statement": 51700000.0,
        "Selling General And Administration": 357300000.0,
        "Gross Profit": 638500000.0,
        "Cost Of Revenue": 1536100000.0,
        "Total Revenue": 2174600000.0,
        "Operating Revenue": 2174600000.0
    }
}