{
    "2023-03-31": {
        "Tax Effect Of Unusual Items": 0.0,
        "Tax Rate For Calcs": 0.178457,
        "Normalized EBITDA": 1081093.0,
        "Net Income From Continuing Operation Net Minority Interest": -2942566.0,
        "Reconciled Depreciation": 4568977.0,
        "Reconciled Cost Of Revenue": 30532708.0,
        "EBITDA": 1081093.0,
        "EBIT": -3487884.0,
        "Net Interest Income": -93871.0,
        "Interest Expense": 93871.0,
        "Normalized Income": -2942566.0,
        "Net Income From Continuing And Discontinued Operation": -2942566.0,
        "Total Expenses": 47168594.0,
        "Total Operating Income As Reported": -3484872.0,
        "Diluted Average Shares": NaN,
        "Basic Average Shares": NaN,
        "Diluted EPS": NaN,
        "Basic EPS": NaN,
        "Diluted NI Availto Com Stockholders": -3708191.0,
        "Net Income Common Stockholders": -3708191.0,
        "Preferred Stock Dividends": 765625.0,
        "Net Income": -2942566.0,
        "Net Income Including Noncontrolling Interests": -2942566.0,
        "Net Income Continuous Operations": -2942566.0,
        "Tax Provision": -639189.0,
        "Pretax Income": -3581755.0,
        "Other Income Expense": -3012.0,
        "Other Non Operating Income Expenses": -3012.0,
        "Net Non Operating Interest Income Expense": -93871.0,
        "Interest Expense Non Operating": 93871.0,
        "Operating Income": -3484872.0,
        "Operating Expense": 15394919.0,
        "Depreciation Amortization Depletion Income Statement": 3328010.0,
        "Depreciation And Amortization In Income Statement": 3328010.0,
        "Selling General And Administration": 12066909.0,
        "Selling And Marketing Expense": 742326.0,
        "General And Administrative Expense": 11324583.0,
        "Other Gand A": 7059882.0,
        "Salaries And Wages": 4264701.0,
        "Gross Profit": 11910047.0,
        "Cost Of Revenue": 31773675.0,
        "Total Revenue": 43683722.0,
        "Operating Revenue": 43683722.0
    },
    "2022-12-31": {
        "Tax Effect Of Unusual Items": NaN,
        "Tax Rate For Calcs": NaN,
        "Normalized EBITDA": NaN,
        "Net Income From Continuing Operation Net Minority Interest": NaN,
        "Reconciled Depreciation": NaN,
        "Reconciled Cost Of Revenue": NaN,
        "EBITDA": NaN,
        "EBIT": NaN,
        "Net Interest Income": NaN,
        "Interest Expense": NaN,
        "Normalized Income": NaN,
        "Net Income From Continuing And Discontinued Operation": NaN,
        "Total Expenses": NaN,
        "Total Operating Income As Reported": NaN,
        "Diluted Average Shares": 117348511.0,
        "Basic Average Shares": 117348511.0,
        "Diluted EPS": -0.04,
        "Basic EPS": -0.04,
        "Diluted NI Availto Com Stockholders": NaN,
        "Net Income Common Stockholders": NaN,
        "Preferred Stock Dividends": NaN,
        "Net Income": NaN,
        "Net Income Including Noncontrolling Interests": NaN,
        "Net Income Continuous Operations": NaN,
        "Tax Provision": NaN,
        "Pretax Income": NaN,
        "Other Income Expense": NaN,
        "Other Non Operating Income Expenses": NaN,
        "Net Non Operating Interest Income Expense": NaN,
        "Interest Expense Non Operating": NaN,
        "Operating Income": NaN,
        "Operating Expense": NaN,
        "Depreciation Amortization Depletion Income Statement": NaN,
        "Depreciation And Amortization In Income Statement": NaN,
        "Selling General And Administration": NaN,
        "Selling And Marketing Expense": NaN,
        "General And Administrative Expense": NaN,
        "Other Gand A": NaN,
        "Salaries And Wages": NaN,
        "Gross Profit": NaN,
        "Cost Of Revenue": NaN,
        "Total Revenue": NaN,
        "Operating Revenue": NaN
    },
    "2022-09-30": {
        "Tax Effect Of Unusual Items": NaN,
        "Tax Rate For Calcs": NaN,
        "Normalized EBITDA": NaN,
        "Net Income From Continuing Operation Net Minority Interest": NaN,
        "Reconciled Depreciation": NaN,
        "Reconciled Cost Of Revenue": NaN,
        "EBITDA": NaN,
        "EBIT": NaN,
        "Net Interest Income": NaN,
        "Interest Expense": NaN,
        "Normalized Income": NaN,
        "Net Income From Continuing And Discontinued Operation": NaN,
        "Total Expenses": NaN,
        "Total Operating Income As Reported": NaN,
        "Diluted Average Shares": 116927607.0,
        "Basic Average Shares": 116927607.0,
        "Diluted EPS": -0.01,
        "Basic EPS": -0.01,
        "Diluted NI Availto Com Stockholders": NaN,
        "Net Income Common Stockholders": NaN,
        "Preferred Stock Dividends": NaN,
        "Net Income": NaN,
        "Net Income Including Noncontrolling Interests": NaN,
        "Net Income Continuous Operations": NaN,
        "Tax Provision": NaN,
        "Pretax Income": NaN,
        "Other Income Expense": NaN,
        "Other Non Operating Income Expenses": NaN,
        "Net Non Operating Interest Income Expense": NaN,
        "Interest Expense Non Operating": NaN,
        "Operating Income": NaN,
        "Operating Expense": NaN,
        "Depreciation Amortization Depletion Income Statement": NaN,
        "Depreciation And Amortization In Income Statement": NaN,
        "Selling General And Administration": NaN,
        "Selling And Marketing Expense": NaN,
        "General And Administrative Expense": NaN,
        "Other Gand A": NaN,
        "Salaries And Wages": NaN,
        "Gross Profit": NaN,
        "Cost Of Revenue": NaN,
        "Total Revenue": NaN,
        "Operating Revenue": NaN
    },
    "2022-06-30": {
        "Tax Effect Of Unusual Items": 0.0,
        "Tax Rate For Calcs": 0.37,
        "Normalized EBITDA": 9556362.0,
        "Net Income From Continuing Operation Net Minority Interest": 3253027.0,
        "Reconciled Depreciation": 4300123.0,
        "Reconciled Cost Of Revenue": 41670597.0,
        "EBITDA": 9556362.0,
        "EBIT": 5256239.0,
        "Net Interest Income": -120487.0,
        "Interest Expense": 120487.0,
        "Normalized Income": 3253027.0,
        "Net Income From Continuing And Discontinued Operation": 3253027.0,
        "Total Expenses": 55693285.0,
        "Total Operating Income As Reported": 5062741.0,
        "Diluted Average Shares": 117879639.0,
        "Basic Average Shares": 116560372.0,
        "Diluted EPS": 0.02,
        "Basic EPS": 0.02,
        "Diluted NI Availto Com Stockholders": 2478895.0,
        "Net Income Common Stockholders": 2478895.0,
        "Preferred Stock Dividends": 774132.0,
        "Net Income": 3253027.0,
        "Net Income Including Noncontrolling Interests": 3253027.0,
        "Net Income Continuous Operations": 3253027.0,
        "Tax Provision": 1882725.0,
        "Pretax Income": 5135752.0,
        "Other Income Expense": 193498.0,
        "Other Non Operating Income Expenses": 193498.0,
        "Net Non Operating Interest Income Expense": -120487.0,
        "Total Other Finance Cost": 120487.0,
        "Interest Expense Non Operating": 120487.0,
        "Operating Income": 5062741.0,
        "Operating Expense": 13072921.0,
        "Depreciation Amortization Depletion Income Statement": 3350356.0,
        "Depreciation And Amortization In Income Statement": 3350356.0,
        "Selling General And Administration": 9722565.0,
        "Selling And Marketing Expense": 1908170.0,
        "General And Administrative Expense": 7814395.0,
        "Other Gand A": 5029297.0,
        "Salaries And Wages": 2785098.0,
        "Gross Profit": 18135662.0,
        "Cost Of Revenue": 42620364.0,
        "Total Revenue": 60756026.0,
        "Operating Revenue": 60756026.0
    },
    "2022-03-31": {
        "Diluted EPS": 0.01,
        "Total Revenue": 70,
        "Gross Profit": 21,
        "Operating Income": 3,
        "EBIT": 7,
        "Net Income": 0
    },
    "2021-12-31": {
        "Diluted EPS": 0.07,
        "Total Revenue": 65,
        "Gross Profit": 23,
        "Operating Income": 11,
        "EBIT": 15,
        "Net Income": 8
    },
    "2021-09-30": {
        "Diluted EPS": 0.11,
        "Total Revenue": 61,
        "Gross Profit": 26,
        "Operating Income": 14,
        "EBIT": 19,
        "Net Income": 13
    },
    "2021-06-30": {
        "Diluted EPS": 0.08,
        "Total Revenue": 44,
        "Gross Profit": 19,
        "Operating Income": 10,
        "EBIT": 13,
        "Net Income": 9
    },
    "2021-03-31": {
        "Diluted EPS": 0.02,
        "Total Revenue": 24,
        "Gross Profit": 6,
        "Operating Income": 0,
        "EBIT": 1,
        "Net Income": 0
    },
    "2020-12-31": {
        "Diluted EPS": -0.04,
        "Total Revenue": 17,
        "Gross Profit": 3,
        "Operating Income": 0,
        "EBIT": 1,
        "Net Income": -2
    },
    "2020-09-30": {
        "Diluted EPS": -0.05,
        "Total Revenue": 12,
        "Gross Profit": 1,
        "Operating Income": -2,
        "EBIT": 0,
        "Net Income": -2
    },
    "2020-06-30": {
        "Diluted EPS": -0.07,
        "Total Revenue": 10,
        "Gross Profit": 1,
        "Operating Income": -3,
        "EBIT": -2,
        "Net Income": -3
    },
    "2020-03-31": {
        "Diluted EPS": -0.09,
        "Total Revenue": 5,
        "Gross Profit": -1,
        "Operating Income": -4,
        "EBIT": -3,
        "Net Income": -4
    },
    "2019-12-31": {
        "Diluted EPS": -0.06,
        "Total Revenue": 3,
        "Gross Profit": -1,
        "Operating Income": -3,
        "EBIT": -2,
        "Net Income": -3
    },
    "2019-09-30": {
        "Diluted EPS": -0.08,
        "Total Revenue": 3,
        "Gross Profit": -1,
        "Operating Income": -3,
        "EBIT": -2,
        "Net Income": -3
    },
    "2019-06-30": {
        "Diluted EPS": -0.09,
        "Total Revenue": 4,
        "Gross Profit": -1,
        "Operating Income": -4,
        "EBIT": -3,
        "Net Income": -4
    },
    "2019-03-31": {
        "Diluted EPS": -0.22,
        "Total Revenue": 1,
        "Gross Profit": 0,
        "Operating Income": -3,
        "EBIT": -3,
        "Net Income": -8
    },
    "2018-12-31": {
        "Diluted EPS": -0.02,
        "Total Revenue": 0,
        "Gross Profit": 0,
        "Operating Income": -2,
        "EBIT": -2,
        "Net Income": -1
    },
    "2018-09-30": {
        "Diluted EPS": -0.05,
        "Total Revenue": 1,
        "Gross Profit": 0,
        "Operating Income": -2,
        "EBIT": -1,
        "Net Income": -2
    },
    "2018-06-30": {
        "Diluted EPS": -0.06,
        "Total Revenue": 1,
        "Gross Profit": 0,
        "Operating Income": -2,
        "EBIT": -2,
        "Net Income": -2
    },
    "2018-03-31": {
        "Diluted EPS": 0.09,
        "Total Revenue": 1,
        "Gross Profit": 0,
        "Operating Income": 1,
        "EBIT": 1,
        "Net Income": 1
    },
    "2017-12-31": {
        "Diluted EPS": 0.0,
        "Total Revenue": NaN,
        "Gross Profit": NaN,
        "Operating Income": NaN,
        "EBIT": NaN,
        "Net Income": NaN
    },
    "2017-09-30": {
        "Diluted EPS": -0.03,
        "Total Revenue": 0,
        "Gross Profit": 0,
        "Operating Income": -1,
        "EBIT": -1,
        "Net Income": -1
    },
    "2017-06-30": {
        "Diluted EPS": -0.04,
        "Total Revenue": 0,
        "Gross Profit": 0,
        "Operating Income": -1,
        "EBIT": -1,
        "Net Income": -1
    },
    "2017-03-31": {
        "Diluted EPS": -0.06,
        "Total Revenue": 1,
        "Gross Profit": 0,
        "Operating Income": 1,
        "EBIT": 1,
        "Net Income": -1
    },
    "2016-12-31": {
        "Diluted EPS": 0.0,
        "Total Revenue": NaN,
        "Gross Profit": NaN,
        "Operating Income": NaN,
        "EBIT": NaN,
        "Net Income": NaN
    },
    "2016-09-30": {
        "Diluted EPS": 0.0,
        "Total Revenue": NaN,
        "Gross Profit": NaN,
        "Operating Income": NaN,
        "EBIT": NaN,
        "Net Income": 0
    },
    "2016-06-30": {
        "Diluted EPS": 0.0,
        "Total Revenue": NaN,
        "Gross Profit": NaN,
        "Operating Income": NaN,
        "EBIT": NaN,
        "Net Income": 0
    },
    "2015-09-30": {
        "Diluted EPS": 0.0,
        "Total Revenue": NaN,
        "Gross Profit": NaN,
        "Operating Income": NaN,
        "EBIT": NaN,
        "Net Income": 0
    },
    "2015-06-30": {
        "Diluted EPS": 0.0,
        "Total Revenue": NaN,
        "Gross Profit": NaN,
        "Operating Income": NaN,
        "EBIT": NaN,
        "Net Income": 0
    },
    "2023-06-30": {
        "Tax Effect Of Unusual Items": 0.0,
        "Tax Rate For Calcs": 0.086,
        "Normalized EBITDA": 3634111.0,
        "Net Income From Continuing Operation Net Minority Interest": -1093033.0,
        "Reconciled Depreciation": 4620087.0,
        "Reconciled Cost Of Revenue": 18953991.0,
        "EBITDA": 3634111.0,
        "EBIT": -985976.0,
        "Net Interest Income": -204201.0,
        "Interest Expense": 204201.0,
        "Normalized Income": -1093033.0,
        "Net Income From Continuing And Discontinued Operation": -1093033.0,
        "Total Expenses": 35933502.0,
        "Total Operating Income As Reported": -1678927.0,
        "Diluted Average Shares": 117713805.0,
        "Basic Average Shares": 117713805.0,
        "Diluted EPS": -0.02,
        "Basic EPS": -0.02,
        "Diluted NI Availto Com Stockholders": -1867165.0,
        "Net Income Common Stockholders": -1867165.0,
        "Preferred Stock Dividends": 774132.0,
        "Net Income": -1093033.0,
        "Net Income Including Noncontrolling Interests": -1093033.0,
        "Net Income Continuous Operations": -1093033.0,
        "Tax Provision": -97144.0,
        "Pretax Income": -1190177.0,
        "Other Income Expense": 692951.0,
        "Other Non Operating Income Expenses": 692951.0,
        "Net Non Operating Interest Income Expense": -204201.0,
        "Interest Expense Non Operating": 204201.0,
        "Operating Income": -1678927.0,
        "Operating Expense": 15703467.0,
        "Depreciation Amortization Depletion Income Statement": 3344043.0,
        "Depreciation And Amortization In Income Statement": 3344043.0,
        "Selling General And Administration": 12359424.0,
        "Selling And Marketing Expense": 295581.0,
        "General And Administrative Expense": 12063843.0,
        "Other Gand A": 7947563.0,
        "Salaries And Wages": 4116280.0,
        "Gross Profit": 14024540.0,
        "Cost Of Revenue": 20230035.0,
        "Total Revenue": 34254575.0,
        "Operating Revenue": 34254575.0
    },
    "2023-09-30": {
        "Tax Effect Of Unusual Items": NaN,
        "Tax Rate For Calcs": NaN,
        "Normalized EBITDA": NaN,
        "Net Income From Continuing Operation Net Minority Interest": NaN,
        "Reconciled Depreciation": NaN,
        "Reconciled Cost Of Revenue": NaN,
        "EBITDA": NaN,
        "EBIT": NaN,
        "Net Interest Income": NaN,
        "Interest Expense": NaN,
        "Normalized Income": NaN,
        "Net Income From Continuing And Discontinued Operation": NaN,
        "Total Expenses": NaN,
        "Total Operating Income As Reported": NaN,
        "Diluted Average Shares": NaN,
        "Basic Average Shares": NaN,
        "Diluted EPS": NaN,
        "Basic EPS": NaN,
        "Diluted NI Availto Com Stockholders": NaN,
        "Net Income Common Stockholders": NaN,
        "Preferred Stock Dividends": NaN,
        "Net Income": NaN,
        "Net Income Including Noncontrolling Interests": NaN,
        "Net Income Continuous Operations": NaN,
        "Tax Provision": NaN,
        "Pretax Income": NaN,
        "Other Income Expense": NaN,
        "Other Non Operating Income Expenses": NaN,
        "Net Non Operating Interest Income Expense": NaN,
        "Interest Expense Non Operating": NaN,
        "Operating Income": NaN,
        "Operating Expense": NaN,
        "Depreciation Amortization Depletion Income Statement": NaN,
        "Depreciation And Amortization In Income Statement": NaN,
        "Selling General And Administration": NaN,
        "Selling And Marketing Expense": NaN,
        "General And Administrative Expense": NaN,
        "Other Gand A": NaN,
        "Salaries And Wages": NaN,
        "Gross Profit": NaN,
        "Cost Of Revenue": NaN,
        "Total Revenue": NaN,
        "Excise Taxes": 1284166.0,
        "Operating Revenue": NaN
    },
    "2023-12-31": {
        "Tax Effect Of Unusual Items": NaN,
        "Tax Rate For Calcs": NaN,
        "Normalized EBITDA": NaN,
        "Net Income From Continuing Operation Net Minority Interest": NaN,
        "Reconciled Depreciation": NaN,
        "Reconciled Cost Of Revenue": NaN,
        "EBITDA": NaN,
        "EBIT": NaN,
        "Net Interest Income": NaN,
        "Interest Expense": NaN,
        "Normalized Income": NaN,
        "Net Income From Continuing And Discontinued Operation": NaN,
        "Total Expenses": NaN,
        "Total Operating Income As Reported": NaN,
        "Diluted Average Shares": NaN,
        "Basic Average Shares": NaN,
        "Diluted EPS": NaN,
        "Basic EPS": NaN,
        "Diluted NI Availto Com Stockholders": NaN,
        "Net Income Common Stockholders": NaN,
        "Preferred Stock Dividends": NaN,
        "Net Income": NaN,
        "Net Income Including Noncontrolling Interests": NaN,
        "Net Income Discontinuous Operations": NaN,
        "Net Income Continuous Operations": NaN,
        "Tax Provision": NaN,
        "Pretax Income": NaN,
        "Other Income Expense": NaN,
        "Other Non Operating Income Expenses": NaN,
        "Net Non Operating Interest Income Expense": NaN,
        "Interest Expense Non Operating": NaN,
        "Operating Income": NaN,
        "Operating Expense": NaN,
        "Depreciation Amortization Depletion Income Statement": NaN,
        "Depreciation And Amortization In Income Statement": NaN,
        "Selling General And Administration": NaN,
        "Selling And Marketing Expense": NaN,
        "General And Administrative Expense": NaN,
        "Other Gand A": NaN,
        "Salaries And Wages": NaN,
        "Gross Profit": NaN,
        "Cost Of Revenue": NaN,
        "Total Revenue": NaN,
        "Excise Taxes": 1498429.0,
        "Operating Revenue": NaN
    },
    "2024-03-31": {
        "Tax Effect Of Unusual Items": NaN,
        "Tax Rate For Calcs": NaN,
        "Normalized EBITDA": NaN,
        "Net Income From Continuing Operation Net Minority Interest": NaN,
        "Reconciled Depreciation": NaN,
        "Reconciled Cost Of Revenue": NaN,
        "EBITDA": NaN,
        "EBIT": NaN,
        "Net Interest Income": NaN,
        "Interest Expense": NaN,
        "Normalized Income": NaN,
        "Net Income From Continuing And Discontinued Operation": NaN,
        "Total Expenses": NaN,
        "Total Operating Income As Reported": NaN,
        "Diluted Average Shares": 118775757.0,
        "Basic Average Shares": 118775757.0,
        "Diluted EPS": -0.05,
        "Basic EPS": -0.05,
        "Diluted NI Availto Com Stockholders": NaN,
        "Net Income Common Stockholders": NaN,
        "Preferred Stock Dividends": NaN,
        "Net Income": NaN,
        "Net Income Including Noncontrolling Interests": NaN,
        "Net Income Discontinuous Operations": NaN,
        "Net Income Continuous Operations": NaN,
        "Tax Provision": NaN,
        "Pretax Income": NaN,
        "Other Income Expense": NaN,
        "Other Non Operating Income Expenses": NaN,
        "Net Non Operating Interest Income Expense": NaN,
        "Interest Expense Non Operating": NaN,
        "Operating Income": NaN,
        "Operating Expense": NaN,
        "Depreciation Amortization Depletion Income Statement": NaN,
        "Depreciation And Amortization In Income Statement": NaN,
        "Selling General And Administration": NaN,
        "Selling And Marketing Expense": NaN,
        "General And Administrative Expense": NaN,
        "Other Gand A": NaN,
        "Salaries And Wages": NaN,
        "Gross Profit": NaN,
        "Cost Of Revenue": NaN,
        "Total Revenue": NaN,
        "Excise Taxes": NaN,
        "Operating Revenue": NaN
    },
    "2024-06-30": {
        "Tax Effect Of Unusual Items": NaN,
        "Tax Rate For Calcs": NaN,
        "Normalized EBITDA": NaN,
        "Total Unusual Items": NaN,
        "Total Unusual Items Excluding Goodwill": NaN,
        "Net Income From Continuing Operation Net Minority Interest": NaN,
        "Reconciled Depreciation": NaN,
        "Reconciled Cost Of Revenue": NaN,
        "EBITDA": NaN,
        "EBIT": NaN,
        "Net Interest Income": NaN,
        "Interest Expense": NaN,
        "Normalized Income": NaN,
        "Net Income From Continuing And Discontinued Operation": NaN,
        "Total Expenses": NaN,
        "Total Operating Income As Reported": NaN,
        "Diluted Average Shares": 119105502.0,
        "Basic Average Shares": 119105502.0,
        "Diluted EPS": -0.13,
        "Basic EPS": -0.13,
        "Diluted NI Availto Com Stockholders": NaN,
        "Net Income Common Stockholders": NaN,
        "Preferred Stock Dividends": NaN,
        "Net Income": NaN,
        "Net Income Including Noncontrolling Interests": NaN,
        "Net Income Discontinuous Operations": -2762950.0,
        "Net Income Continuous Operations": NaN,
        "Tax Provision": NaN,
        "Pretax Income": NaN,
        "Other Income Expense": NaN,
        "Other Non Operating Income Expenses": NaN,
        "Special Income Charges": NaN,
        "Other Special Charges": NaN,
        "Net Non Operating Interest Income Expense": NaN,
        "Interest Expense Non Operating": NaN,
        "Operating Income": NaN,
        "Operating Expense": NaN,
        "Depreciation Amortization Depletion Income Statement": NaN,
        "Depreciation And Amortization In Income Statement": NaN,
        "Selling General And Administration": NaN,
        "Selling And Marketing Expense": NaN,
        "General And Administrative Expense": NaN,
        "Other Gand A": NaN,
        "Salaries And Wages": NaN,
        "Gross Profit": NaN,
        "Cost Of Revenue": NaN,
        "Total Revenue": NaN,
        "Excise Taxes": NaN,
        "Operating Revenue": NaN
    },
    "2024-12-31": {
        "Tax Effect Of Unusual Items": 0.0,
        "Tax Rate For Calcs": 0.0,
        "Normalized EBITDA": -18435764.0,
        "Total Unusual Items": NaN,
        "Total Unusual Items Excluding Goodwill": NaN,
        "Net Income From Continuing Operation Net Minority Interest": -26128782.0,
        "Reconciled Depreciation": 7521601.0,
        "Reconciled Cost Of Revenue": 17279166.0,
        "EBITDA": -18435764.0,
        "EBIT": -25957365.0,
        "Net Interest Income": -171417.0,
        "Interest Expense": 171417.0,
        "Normalized Income": -26128782.0,
        "Net Income From Continuing And Discontinued Operation": -26128782.0,
        "Total Expenses": 55306572.0,
        "Total Operating Income As Reported": -26119070.0,
        "Diluted Average Shares": 116214522.0,
        "Basic Average Shares": 116214522.0,
        "Diluted EPS": -0.23,
        "Basic EPS": -0.23,
        "Diluted NI Availto Com Stockholders": -26911422.0,
        "Net Income Common Stockholders": -26911422.0,
        "Preferred Stock Dividends": 782640.0,
        "Net Income": -26128782.0,
        "Net Income Including Noncontrolling Interests": -26128782.0,
        "Net Income Discontinuous Operations": NaN,
        "Net Income Continuous Operations": -26128782.0,
        "Tax Provision": 0.0,
        "Pretax Income": -26128782.0,
        "Other Income Expense": 161705.0,
        "Other Non Operating Income Expenses": 161705.0,
        "Special Income Charges": NaN,
        "Other Special Charges": NaN,
        "Net Non Operating Interest Income Expense": -171417.0,
        "Interest Expense Non Operating": 171417.0,
        "Operating Income": -26119070.0,
        "Operating Expense": 33916563.0,
        "Depreciation Amortization Depletion Income Statement": 3410758.0,
        "Depreciation And Amortization In Income Statement": 3410758.0,
        "Selling General And Administration": 30505805.0,
        "Selling And Marketing Expense": 175957.0,
        "General And Administrative Expense": 30329848.0,
        "Other Gand A": 25977011.0,
        "Salaries And Wages": 4352837.0,
        "Gross Profit": 7797493.0,
        "Cost Of Revenue": 21390009.0,
        "Total Revenue": 29187502.0,
        "Excise Taxes": 1141259.0,
        "Operating Revenue": 30328761.0
    },
    "2024-09-30": {
        "Tax Effect Of Unusual Items": 0.0,
        "Tax Rate For Calcs": 0.0,
        "Normalized EBITDA": -2447285.0,
        "Total Unusual Items": 0.0,
        "Total Unusual Items Excluding Goodwill": 0.0,
        "Net Income From Continuing Operation Net Minority Interest": -5868205.0,
        "Reconciled Depreciation": 3375475.0,
        "Reconciled Cost Of Revenue": 1569312.0,
        "EBITDA": -2447285.0,
        "EBIT": -5822761.0,
        "Net Interest Income": -45444.0,
        "Interest Expense": 45444.0,
        "Normalized Income": -5868205.0,
        "Net Income From Continuing And Discontinued Operation": -12428113.0,
        "Total Expenses": 18008635.0,
        "Total Operating Income As Reported": -6025614.0,
        "Diluted Average Shares": 118728976.0,
        "Basic Average Shares": 118728976.0,
        "Diluted EPS": -0.11,
        "Basic EPS": -0.11,
        "Diluted NI Availto Com Stockholders": -13210753.0,
        "Net Income Common Stockholders": -13210753.0,
        "Preferred Stock Dividends": 782640.0,
        "Net Income": -12428113.0,
        "Net Income Including Noncontrolling Interests": -12428113.0,
        "Net Income Discontinuous Operations": -6559908.0,
        "Net Income Continuous Operations": -5868205.0,
        "Tax Provision": 0.0,
        "Pretax Income": -5868205.0,
        "Other Income Expense": 202853.0,
        "Other Non Operating Income Expenses": 202853.0,
        "Special Income Charges": 0.0,
        "Other Special Charges": NaN,
        "Net Non Operating Interest Income Expense": -45444.0,
        "Interest Expense Non Operating": 45444.0,
        "Operating Income": -6025614.0,
        "Operating Expense": 16439324.0,
        "Depreciation Amortization Depletion Income Statement": 3375476.0,
        "Depreciation And Amortization In Income Statement": 3375476.0,
        "Selling General And Administration": 13063848.0,
        "Selling And Marketing Expense": 121851.0,
        "General And Administrative Expense": 12941997.0,
        "Other Gand A": 8123917.0,
        "Salaries And Wages": 4818080.0,
        "Gross Profit": 10413710.0,
        "Cost Of Revenue": 1569311.0,
        "Total Revenue": 11983021.0,
        "Excise Taxes": 1350597.0,
        "Operating Revenue": 11983021.0
    },
    "2025-03-31": {
        "Tax Effect Of Unusual Items": 0.0,
        "Tax Rate For Calcs": 0.21,
        "Normalized EBITDA": -7056598.0,
        "Total Unusual Items": NaN,
        "Total Unusual Items Excluding Goodwill": NaN,
        "Net Income From Continuing Operation Net Minority Interest": -11904593.0,
        "Reconciled Depreciation": -653182.0,
        "Reconciled Cost Of Revenue": -60298553.0,
        "EBITDA": -7056598.0,
        "EBIT": -10478393.0,
        "Net Interest Income": 452614.0,
        "Interest Expense": -452614.0,
        "Normalized Income": -11904593.0,
        "Net Income From Continuing And Discontinued Operation": -77516730.0,
        "Total Expenses": -31437194.0,
        "Total Operating Income As Reported": -10721896.0,
        "Diluted Average Shares": NaN,
        "Basic Average Shares": NaN,
        "Diluted EPS": NaN,
        "Basic EPS": NaN,
        "Diluted NI Availto Com Stockholders": -78282355.0,
        "Net Income Common Stockholders": -78282355.0,
        "Preferred Stock Dividends": 765625.0,
        "Net Income": -77516730.0,
        "Net Income Including Noncontrolling Interests": -77516730.0,
        "Net Income Discontinuous Operations": NaN,
        "Net Income Continuous Operations": -11904593.0,
        "Tax Provision": 1878814.0,
        "Pretax Income": -10025779.0,
        "Other Income Expense": 243503.0,
        "Other Non Operating Income Expenses": 243503.0,
        "Special Income Charges": NaN,
        "Other Special Charges": NaN,
        "Net Non Operating Interest Income Expense": 452614.0,
        "Interest Expense Non Operating": -452614.0,
        "Operating Income": -10721896.0,
        "Operating Expense": 28861359.0,
        "Depreciation Amortization Depletion Income Statement": 3421795.0,
        "Depreciation And Amortization In Income Statement": 3421795.0,
        "Selling General And Administration": 25439564.0,
        "Selling And Marketing Expense": -311540.0,
        "General And Administrative Expense": 25751104.0,
        "Other Gand A": 22811189.0,
        "Salaries And Wages": 2939915.0,
        "Gross Profit": 18139463.0,
        "Cost Of Revenue": -60298553.0,
        "Total Revenue": -42159090.0,
        "Excise Taxes": NaN,
        "Operating Revenue": -45954549.0
    },
    "2025-06-30": {
        "Tax Effect Of Unusual Items": 0.0,
        "Tax Rate For Calcs": 0.0,
        "Normalized EBITDA": -2004342.0,
        "Total Unusual Items": NaN,
        "Total Unusual Items Excluding Goodwill": NaN,
        "Net Income From Continuing Operation Net Minority Interest": -5862693.0,
        "Reconciled Depreciation": 3510021.0,
        "Reconciled Cost Of Revenue": 1522398.0,
        "EBITDA": -2004342.0,
        "EBIT": -5514363.0,
        "Net Interest Income": -348330.0,
        "Interest Expense": 348330.0,
        "Normalized Income": -5862693.0,
        "Net Income From Continuing And Discontinued Operation": -6458327.0,
        "Total Expenses": 17868051.0,
        "Total Operating Income As Reported": -6010675.0,
        "Diluted Average Shares": 116841148.0,
        "Basic Average Shares": 116841148.0,
        "Diluted EPS": -0.06,
        "Basic EPS": -0.06,
        "Diluted NI Availto Com Stockholders": -7232459.0,
        "Net Income Common Stockholders": -7232459.0,
        "Preferred Stock Dividends": 774132.0,
        "Net Income": -6458327.0,
        "Net Income Including Noncontrolling Interests": -6458327.0,
        "Net Income Discontinuous Operations": -595634.0,
        "Net Income Continuous Operations": -5862693.0,
        "Tax Provision": 0.0,
        "Pretax Income": -5862693.0,
        "Other Income Expense": 496312.0,
        "Other Non Operating Income Expenses": 496312.0,
        "Special Income Charges": NaN,
        "Other Special Charges": NaN,
        "Net Non Operating Interest Income Expense": -348330.0,
        "Interest Expense Non Operating": 348330.0,
        "Operating Income": -6010675.0,
        "Operating Expense": 16345653.0,
        "Depreciation Amortization Depletion Income Statement": 3510021.0,
        "Depreciation And Amortization In Income Statement": 3510021.0,
        "Selling General And Administration": 12835632.0,
        "Selling And Marketing Expense": 56531.0,
        "General And Administrative Expense": 12779101.0,
        "Other Gand A": 7337936.0,
        "Salaries And Wages": 5441165.0,
        "Gross Profit": 10334978.0,
        "Cost Of Revenue": 1522398.0,
        "Total Revenue": 11857376.0,
        "Excise Taxes": NaN,
        "Operating Revenue": 11857376.0
    },
    "2025-09-30": {
        "Tax Effect Of Unusual Items": 0.0,
        "Tax Rate For Calcs": 0.0,
        "Normalized EBITDA": 5108121.0,
        "Total Unusual Items": 801894.0,
        "Total Unusual Items Excluding Goodwill": 801894.0,
        "Net Income From Continuing Operation Net Minority Interest": 1404828.0,
        "Reconciled Depreciation": 3575591.0,
        "Reconciled Cost Of Revenue": 1543235.0,
        "EBITDA": 5910015.0,
        "EBIT": 2334424.0,
        "Net Interest Income": -929596.0,
        "Interest Expense": 929596.0,
        "Normalized Income": 602934.0,
        "Net Income From Continuing And Discontinued Operation": 1404828.0,
        "Total Expenses": 11277290.0,
        "Total Operating Income As Reported": 707024.0,
        "Diluted Average Shares": 117700922.0,
        "Basic Average Shares": 117110827.0,
        "Diluted EPS": 0.01,
        "Basic EPS": 0.01,
        "Diluted NI Availto Com Stockholders": 656217.0,
        "Net Income Common Stockholders": 656217.0,
        "Preferred Stock Dividends": 748611.0,
        "Net Income": 1404828.0,
        "Net Income Including Noncontrolling Interests": 1404828.0,
        "Net Income Discontinuous Operations": 0.0,
        "Net Income Continuous Operations": 1404828.0,
        "Tax Provision": 0.0,
        "Pretax Income": 1404828.0,
        "Other Income Expense": 1627400.0,
        "Other Non Operating Income Expenses": 825506.0,
        "Special Income Charges": 801894.0,
        "Other Special Charges": -801894.0,
        "Net Non Operating Interest Income Expense": -929596.0,
        "Interest Expense Non Operating": 929596.0,
        "Operating Income": 707024.0,
        "Operating Expense": 9734055.0,
        "Depreciation Amortization Depletion Income Statement": 3575591.0,
        "Depreciation And Amortization In Income Statement": 3575591.0,
        "Selling General And Administration": 6158464.0,
        "Selling And Marketing Expense": 71409.0,
        "General And Administrative Expense": 6087055.0,
        "Other Gand A": 2839534.0,
        "Salaries And Wages": 3247521.0,
        "Gross Profit": 10441079.0,
        "Cost Of Revenue": 1543235.0,
        "Total Revenue": 11984314.0,
        "Excise Taxes": NaN,
        "Operating Revenue": 11984314.0
    }
}