{
    "2023-03-31": {
        "Tax Effect Of Unusual Items": NaN,
        "Tax Rate For Calcs": NaN,
        "Normalized EBITDA": NaN,
        "Total Unusual Items": NaN,
        "Total Unusual Items Excluding Goodwill": NaN,
        "Net Income From Continuing Operation Net Minority Interest": NaN,
        "Reconciled Depreciation": NaN,
        "EBITDA": NaN,
        "EBIT": NaN,
        "Net Interest Income": NaN,
        "Interest Expense": NaN,
        "Interest Income": NaN,
        "Normalized Income": NaN,
        "Net Income From Continuing And Discontinued Operation": NaN,
        "Total Expenses": NaN,
        "Total Operating Income As Reported": NaN,
        "Diluted Average Shares": 19838608.0,
        "Basic Average Shares": 19838608.0,
        "Diluted EPS": -0.25,
        "Basic EPS": -0.25,
        "Diluted NI Availto Com Stockholders": NaN,
        "Net Income Common Stockholders": NaN,
        "Net Income": NaN,
        "Minority Interests": NaN,
        "Net Income Including Noncontrolling Interests": NaN,
        "Net Income Continuous Operations": NaN,
        "Pretax Income": NaN,
        "Other Income Expense": NaN,
        "Special Income Charges": NaN,
        "Write Off": NaN,
        "Gain On Sale Of Security": NaN,
        "Net Non Operating Interest Income Expense": NaN,
        "Interest Expense Non Operating": NaN,
        "Interest Income Non Operating": NaN,
        "Operating Income": NaN,
        "Operating Expense": NaN,
        "Research And Development": NaN,
        "Selling General And Administration": NaN,
        "Total Revenue": NaN,
        "Operating Revenue": NaN
    },
    "2022-12-31": {
        "Tax Effect Of Unusual Items": NaN,
        "Tax Rate For Calcs": NaN,
        "Normalized EBITDA": NaN,
        "Total Unusual Items": NaN,
        "Total Unusual Items Excluding Goodwill": NaN,
        "Net Income From Continuing Operation Net Minority Interest": NaN,
        "Reconciled Depreciation": NaN,
        "EBITDA": NaN,
        "EBIT": NaN,
        "Net Interest Income": NaN,
        "Interest Expense": NaN,
        "Interest Income": NaN,
        "Normalized Income": NaN,
        "Net Income From Continuing And Discontinued Operation": NaN,
        "Total Expenses": NaN,
        "Total Operating Income As Reported": NaN,
        "Diluted Average Shares": NaN,
        "Basic Average Shares": NaN,
        "Diluted EPS": NaN,
        "Basic EPS": NaN,
        "Diluted NI Availto Com Stockholders": NaN,
        "Net Income Common Stockholders": NaN,
        "Net Income": NaN,
        "Minority Interests": NaN,
        "Net Income Including Noncontrolling Interests": NaN,
        "Net Income Discontinuous Operations": 0.0,
        "Net Income Continuous Operations": NaN,
        "Pretax Income": NaN,
        "Other Income Expense": NaN,
        "Special Income Charges": NaN,
        "Write Off": NaN,
        "Gain On Sale Of Security": NaN,
        "Net Non Operating Interest Income Expense": NaN,
        "Interest Expense Non Operating": NaN,
        "Interest Income Non Operating": NaN,
        "Operating Income": NaN,
        "Operating Expense": NaN,
        "Research And Development": NaN,
        "Selling General And Administration": NaN,
        "Total Revenue": NaN,
        "Operating Revenue": NaN
    },
    "2022-09-30": {
        "Tax Effect Of Unusual Items": NaN,
        "Tax Rate For Calcs": NaN,
        "Normalized EBITDA": NaN,
        "Net Income From Continuing Operation Net Minority Interest": NaN,
        "Reconciled Depreciation": NaN,
        "EBITDA": NaN,
        "EBIT": NaN,
        "Net Interest Income": NaN,
        "Interest Expense": NaN,
        "Interest Income": NaN,
        "Normalized Income": NaN,
        "Net Income From Continuing And Discontinued Operation": NaN,
        "Total Expenses": NaN,
        "Total Operating Income As Reported": NaN,
        "Diluted Average Shares": NaN,
        "Basic Average Shares": NaN,
        "Diluted EPS": NaN,
        "Basic EPS": NaN,
        "Diluted NI Availto Com Stockholders": NaN,
        "Net Income Common Stockholders": NaN,
        "Net Income": NaN,
        "Minority Interests": NaN,
        "Net Income Including Noncontrolling Interests": NaN,
        "Net Income Discontinuous Operations": 0.0,
        "Net Income Continuous Operations": NaN,
        "Pretax Income": NaN,
        "Net Non Operating Interest Income Expense": NaN,
        "Interest Expense Non Operating": NaN,
        "Interest Income Non Operating": NaN,
        "Operating Income": NaN,
        "Operating Expense": NaN,
        "Research And Development": NaN,
        "Selling General And Administration": NaN,
        "Total Revenue": NaN,
        "Operating Revenue": NaN
    },
    "2022-06-30": {
        "Tax Effect Of Unusual Items": 0.0,
        "Tax Rate For Calcs": 0.0,
        "Normalized EBITDA": -3449000.0,
        "Net Income From Continuing Operation Net Minority Interest": -3536000.0,
        "Reconciled Depreciation": 52000.0,
        "EBITDA": -3449000.0,
        "EBIT": -3501000.0,
        "Net Interest Income": 38000.0,
        "Interest Expense": 51000.0,
        "Interest Income": 89000.0,
        "Normalized Income": -3536000.0,
        "Net Income From Continuing And Discontinued Operation": -3536000.0,
        "Total Expenses": 3590000.0,
        "Total Operating Income As Reported": 3590000.0,
        "Diluted Average Shares": 17981754.0,
        "Basic Average Shares": 17981754.0,
        "Diluted EPS": -0.2,
        "Basic EPS": -0.2,
        "Diluted NI Availto Com Stockholders": -3536000.0,
        "Net Income Common Stockholders": -3536000.0,
        "Net Income": -3536000.0,
        "Minority Interests": 16000.0,
        "Net Income Including Noncontrolling Interests": -3552000.0,
        "Net Income Discontinuous Operations": 0.0,
        "Net Income Continuous Operations": -3552000.0,
        "Pretax Income": -3552000.0,
        "Net Non Operating Interest Income Expense": 38000.0,
        "Interest Expense Non Operating": 51000.0,
        "Interest Income Non Operating": 89000.0,
        "Operating Income": -3590000.0,
        "Operating Expense": 3590000.0,
        "Research And Development": 2083000.0,
        "Selling General And Administration": 1507000.0,
        "Total Revenue": 0.0,
        "Operating Revenue": 0.0
    },
    "2022-03-31": {
        "Diluted EPS": -0.41,
        "Total Revenue": NaN,
        "Gross Profit": NaN,
        "Operating Income": -7,
        "EBIT": -7,
        "Net Income": -7
    },
    "2021-12-31": {
        "Diluted EPS": 1.65,
        "Total Revenue": NaN,
        "Gross Profit": NaN,
        "Operating Income": -5,
        "EBIT": -5,
        "Net Income": -5
    },
    "2021-09-30": {
        "Diluted EPS": -0.18,
        "Total Revenue": NaN,
        "Gross Profit": NaN,
        "Operating Income": -3,
        "EBIT": -3,
        "Net Income": -3
    },
    "2021-06-30": {
        "Diluted EPS": 0.0,
        "Total Revenue": NaN,
        "Gross Profit": NaN,
        "Operating Income": NaN,
        "Net Income": NaN
    },
    "2021-03-31": {
        "Diluted EPS": -0.38,
        "Total Revenue": NaN,
        "Gross Profit": NaN,
        "Operating Income": -7,
        "EBIT": -6,
        "Net Income": -7
    },
    "2020-12-31": {
        "Diluted EPS": 0.0,
        "Total Revenue": NaN,
        "Gross Profit": NaN,
        "Operating Income": NaN,
        "EBIT": NaN,
        "Net Income": NaN
    },
    "2020-06-30": {
        "Diluted EPS": 0.0,
        "Total Revenue": NaN,
        "Gross Profit": NaN,
        "Operating Income": NaN,
        "EBIT": NaN,
        "Net Income": NaN
    },
    "2019-12-31": {
        "Diluted EPS": 0.0,
        "Total Revenue": NaN,
        "Gross Profit": NaN,
        "Operating Income": NaN,
        "EBIT": NaN,
        "Net Income": NaN
    },
    "2019-06-30": {
        "Diluted EPS": 0.0,
        "Total Revenue": NaN,
        "Gross Profit": NaN,
        "Operating Income": NaN,
        "EBIT": NaN,
        "Net Income": NaN
    },
    "2018-12-31": {
        "Diluted EPS": 0.0,
        "Total Revenue": NaN,
        "Gross Profit": NaN,
        "Operating Income": NaN,
        "EBIT": NaN,
        "Net Income": NaN
    },
    "2018-06-30": {
        "Diluted EPS": 0.0,
        "Total Revenue": NaN,
        "Gross Profit": NaN,
        "Operating Income": NaN,
        "EBIT": NaN,
        "Net Income": NaN
    },
    "2017-12-31": {
        "Diluted EPS": 0.0,
        "Total Revenue": NaN,
        "Gross Profit": NaN,
        "Operating Income": NaN,
        "EBIT": NaN,
        "Net Income": NaN
    },
    "2017-06-30": {
        "Diluted EPS": 0.0,
        "Total Revenue": NaN,
        "Gross Profit": NaN,
        "Operating Income": NaN,
        "EBIT": NaN,
        "Net Income": NaN
    },
    "2016-12-31": {
        "Diluted EPS": 0.0,
        "Total Revenue": NaN,
        "Gross Profit": NaN,
        "Operating Income": NaN,
        "EBIT": NaN,
        "Net Income": NaN
    },
    "2015-12-31": {
        "Diluted EPS": 0.0,
        "Total Revenue": NaN,
        "Gross Profit": NaN,
        "Operating Income": NaN,
        "EBIT": NaN,
        "Net Income": NaN
    },
    "2014-12-31": {
        "Diluted EPS": 0.0,
        "Total Revenue": NaN,
        "Gross Profit": NaN,
        "Operating Income": NaN,
        "EBIT": NaN,
        "Net Income": NaN
    },
    "2013-12-31": {
        "Diluted EPS": 0.0,
        "Total Revenue": NaN,
        "Gross Profit": NaN,
        "Operating Income": NaN,
        "EBIT": NaN,
        "Net Income": NaN
    },
    "2023-06-30": {
        "Tax Effect Of Unusual Items": NaN,
        "Tax Rate For Calcs": NaN,
        "Normalized EBITDA": NaN,
        "Total Unusual Items": 0.0,
        "Total Unusual Items Excluding Goodwill": 0.0,
        "Net Income From Continuing Operation Net Minority Interest": NaN,
        "Reconciled Depreciation": NaN,
        "EBITDA": NaN,
        "EBIT": NaN,
        "Net Interest Income": NaN,
        "Interest Expense": NaN,
        "Interest Income": NaN,
        "Normalized Income": NaN,
        "Net Income From Continuing And Discontinued Operation": NaN,
        "Total Expenses": NaN,
        "Total Operating Income As Reported": NaN,
        "Diluted Average Shares": 1050311.0,
        "Basic Average Shares": 1050311.0,
        "Diluted EPS": -5.0,
        "Basic EPS": -5.0,
        "Diluted NI Availto Com Stockholders": NaN,
        "Net Income Common Stockholders": NaN,
        "Net Income": NaN,
        "Minority Interests": NaN,
        "Net Income Including Noncontrolling Interests": NaN,
        "Net Income Continuous Operations": NaN,
        "Pretax Income": NaN,
        "Other Income Expense": NaN,
        "Special Income Charges": 0.0,
        "Write Off": 0.0,
        "Gain On Sale Of Security": NaN,
        "Net Non Operating Interest Income Expense": NaN,
        "Interest Expense Non Operating": NaN,
        "Interest Income Non Operating": NaN,
        "Operating Income": NaN,
        "Operating Expense": NaN,
        "Research And Development": NaN,
        "Selling General And Administration": NaN,
        "Total Revenue": NaN,
        "Operating Revenue": NaN
    },
    "2023-09-30": {
        "Tax Effect Of Unusual Items": NaN,
        "Tax Rate For Calcs": NaN,
        "Normalized EBITDA": NaN,
        "Total Unusual Items": NaN,
        "Total Unusual Items Excluding Goodwill": NaN,
        "Net Income From Continuing Operation Net Minority Interest": NaN,
        "Reconciled Depreciation": NaN,
        "EBITDA": NaN,
        "EBIT": NaN,
        "Net Interest Income": NaN,
        "Interest Expense": NaN,
        "Interest Income": NaN,
        "Normalized Income": NaN,
        "Net Income From Continuing And Discontinued Operation": NaN,
        "Total Expenses": NaN,
        "Total Operating Income As Reported": NaN,
        "Diluted Average Shares": NaN,
        "Basic Average Shares": NaN,
        "Diluted EPS": NaN,
        "Basic EPS": NaN,
        "Diluted NI Availto Com Stockholders": NaN,
        "Net Income Common Stockholders": NaN,
        "Net Income": NaN,
        "Minority Interests": NaN,
        "Net Income Including Noncontrolling Interests": NaN,
        "Net Income Continuous Operations": NaN,
        "Pretax Income": NaN,
        "Other Income Expense": NaN,
        "Special Income Charges": 0.0,
        "Write Off": 0.0,
        "Gain On Sale Of Security": NaN,
        "Net Non Operating Interest Income Expense": NaN,
        "Interest Expense Non Operating": NaN,
        "Interest Income Non Operating": NaN,
        "Operating Income": NaN,
        "Operating Expense": NaN,
        "Research And Development": NaN,
        "Selling General And Administration": NaN,
        "Total Revenue": NaN,
        "Operating Revenue": NaN
    },
    "2023-12-31": {
        "Tax Effect Of Unusual Items": 0.0,
        "Tax Rate For Calcs": 0.0,
        "Normalized EBITDA": -4978000.0,
        "Total Unusual Items": NaN,
        "Total Unusual Items Excluding Goodwill": NaN,
        "Net Income From Continuing Operation Net Minority Interest": -4828000.0,
        "Reconciled Depreciation": 48000.0,
        "EBITDA": -4978000.0,
        "EBIT": -5026000.0,
        "Net Interest Income": -2593000.0,
        "Interest Expense": -167000.0,
        "Interest Income": -635000.0,
        "Normalized Income": -4828000.0,
        "Net Income From Continuing And Discontinued Operation": -4828000.0,
        "Total Expenses": 6267000.0,
        "Total Operating Income As Reported": -6267000.0,
        "Diluted Average Shares": NaN,
        "Basic Average Shares": NaN,
        "Diluted EPS": NaN,
        "Basic EPS": NaN,
        "Diluted NI Availto Com Stockholders": -4828000.0,
        "Net Income Common Stockholders": -4828000.0,
        "Net Income": -4828000.0,
        "Minority Interests": 31000.0,
        "Net Income Including Noncontrolling Interests": -4859000.0,
        "Net Income Continuous Operations": -4859000.0,
        "Pretax Income": -4859000.0,
        "Other Income Expense": NaN,
        "Special Income Charges": NaN,
        "Write Off": NaN,
        "Gain On Sale Of Security": NaN,
        "Net Non Operating Interest Income Expense": NaN,
        "Interest Expense Non Operating": -167000.0,
        "Interest Income Non Operating": -635000.0,
        "Operating Income": -6267000.0,
        "Operating Expense": 6267000.0,
        "Research And Development": 5242000.0,
        "Selling General And Administration": 630000.0,
        "Total Revenue": 0.0,
        "Operating Revenue": 0.0
    },
    "2024-03-31": {
        "Tax Effect Of Unusual Items": 0.0,
        "Tax Rate For Calcs": 0.0,
        "Normalized EBITDA": -4323000.0,
        "Total Unusual Items": 607000.0,
        "Total Unusual Items Excluding Goodwill": 607000.0,
        "Net Income From Continuing Operation Net Minority Interest": -3762000.0,
        "Reconciled Depreciation": 48000.0,
        "EBITDA": -3716000.0,
        "EBIT": -3764000.0,
        "Net Interest Income": 78000.0,
        "Interest Expense": 17000.0,
        "Interest Income": 95000.0,
        "Normalized Income": -4369000.0,
        "Net Income From Continuing And Discontinued Operation": -3762000.0,
        "Total Expenses": 4466000.0,
        "Total Operating Income As Reported": -4466000.0,
        "Diluted Average Shares": 6778.0,
        "Basic Average Shares": 6778.0,
        "Diluted EPS": -560.0,
        "Basic EPS": -560.0,
        "Diluted NI Availto Com Stockholders": -3762000.0,
        "Net Income Common Stockholders": -3762000.0,
        "Net Income": -3762000.0,
        "Minority Interests": 19000.0,
        "Net Income Including Noncontrolling Interests": -3781000.0,
        "Net Income Continuous Operations": -3781000.0,
        "Pretax Income": -3781000.0,
        "Other Income Expense": 607000.0,
        "Special Income Charges": NaN,
        "Write Off": NaN,
        "Gain On Sale Of Security": 607000.0,
        "Net Non Operating Interest Income Expense": 78000.0,
        "Interest Expense Non Operating": 17000.0,
        "Interest Income Non Operating": 95000.0,
        "Operating Income": -4466000.0,
        "Operating Expense": 4466000.0,
        "Research And Development": 3423000.0,
        "Selling General And Administration": 1043000.0,
        "Total Revenue": 0.0,
        "Operating Revenue": 0.0
    },
    "2024-06-30": {
        "Tax Effect Of Unusual Items": 0.0,
        "Tax Rate For Calcs": 0.0,
        "Normalized EBITDA": -3086000.0,
        "Total Unusual Items": 744000.0,
        "Total Unusual Items Excluding Goodwill": 744000.0,
        "Net Income From Continuing Operation Net Minority Interest": -2405000.0,
        "Reconciled Depreciation": 49000.0,
        "EBITDA": -2342000.0,
        "EBIT": -2391000.0,
        "Net Interest Income": 97000.0,
        "Interest Expense": 24000.0,
        "Interest Income": 121000.0,
        "Normalized Income": -3149000.0,
        "Net Income From Continuing And Discontinued Operation": -2405000.0,
        "Total Expenses": 3256000.0,
        "Total Operating Income As Reported": -3458000.0,
        "Diluted Average Shares": 1376601.0,
        "Basic Average Shares": 1376601.0,
        "Diluted EPS": -1.8,
        "Basic EPS": -1.8,
        "Diluted NI Availto Com Stockholders": -2405000.0,
        "Net Income Common Stockholders": -2405000.0,
        "Net Income": -2405000.0,
        "Minority Interests": 10000.0,
        "Net Income Including Noncontrolling Interests": -2415000.0,
        "Net Income Continuous Operations": -2415000.0,
        "Pretax Income": -2415000.0,
        "Other Income Expense": 744000.0,
        "Special Income Charges": -202000.0,
        "Write Off": 202000.0,
        "Gain On Sale Of Security": 946000.0,
        "Net Non Operating Interest Income Expense": 97000.0,
        "Interest Expense Non Operating": 24000.0,
        "Interest Income Non Operating": 121000.0,
        "Operating Income": -3256000.0,
        "Operating Expense": 3256000.0,
        "Research And Development": 2391000.0,
        "Selling General And Administration": 865000.0,
        "Total Revenue": 0.0,
        "Operating Revenue": 0.0
    },
    "2024-09-30": {
        "Tax Effect Of Unusual Items": 0.0,
        "Tax Rate For Calcs": 0.0,
        "Normalized EBITDA": -1954000.0,
        "Total Unusual Items": 1846000.0,
        "Total Unusual Items Excluding Goodwill": 1846000.0,
        "Net Income From Continuing Operation Net Minority Interest": -663000.0,
        "Reconciled Depreciation": 49000.0,
        "EBITDA": -108000.0,
        "EBIT": -157000.0,
        "Net Interest Income": -381000.0,
        "Interest Expense": 511000.0,
        "Interest Income": 130000.0,
        "Normalized Income": -2509000.0,
        "Net Income From Continuing And Discontinued Operation": -663000.0,
        "Total Expenses": 2133000.0,
        "Total Operating Income As Reported": -2133000.0,
        "Diluted Average Shares": 1732565.0,
        "Basic Average Shares": 1732565.0,
        "Diluted EPS": -0.39,
        "Basic EPS": -0.39,
        "Diluted NI Availto Com Stockholders": -663000.0,
        "Net Income Common Stockholders": -663000.0,
        "Net Income": -663000.0,
        "Minority Interests": 5000.0,
        "Net Income Including Noncontrolling Interests": -668000.0,
        "Net Income Continuous Operations": -668000.0,
        "Pretax Income": -668000.0,
        "Other Income Expense": 1846000.0,
        "Special Income Charges": 0.0,
        "Write Off": 0.0,
        "Gain On Sale Of Security": 1846000.0,
        "Net Non Operating Interest Income Expense": -381000.0,
        "Interest Expense Non Operating": 511000.0,
        "Interest Income Non Operating": 130000.0,
        "Operating Income": -2133000.0,
        "Operating Expense": 2133000.0,
        "Research And Development": 1348000.0,
        "Selling General And Administration": 785000.0,
        "Total Revenue": 0.0,
        "Operating Revenue": 0.0
    },
    "2024-12-31": {
        "Tax Effect Of Unusual Items": 0.0,
        "Tax Rate For Calcs": 0.0,
        "Normalized EBITDA": -1559000.0,
        "Total Unusual Items": 673000.0,
        "Total Unusual Items Excluding Goodwill": 673000.0,
        "Net Income From Continuing Operation Net Minority Interest": -410000.0,
        "Reconciled Depreciation": 40000.0,
        "EBITDA": -886000.0,
        "EBIT": -926000.0,
        "Net Interest Income": -72000.0,
        "Interest Expense": -511000.0,
        "Interest Income": -152000.0,
        "Normalized Income": -1083000.0,
        "Net Income From Continuing And Discontinued Operation": -410000.0,
        "Total Expenses": 1016000.0,
        "Total Operating Income As Reported": -1016000.0,
        "Diluted Average Shares": 2585644.0,
        "Basic Average Shares": 2585644.0,
        "Diluted EPS": -1.0,
        "Basic EPS": -0.158568,
        "Diluted NI Availto Com Stockholders": -410000.0,
        "Net Income Common Stockholders": -410000.0,
        "Net Income": -410000.0,
        "Minority Interests": 5000.0,
        "Net Income Including Noncontrolling Interests": -415000.0,
        "Net Income Continuous Operations": -415000.0,
        "Pretax Income": -415000.0,
        "Other Income Expense": 673000.0,
        "Special Income Charges": 0.0,
        "Write Off": 0.0,
        "Gain On Sale Of Security": 673000.0,
        "Net Non Operating Interest Income Expense": -72000.0,
        "Interest Expense Non Operating": -511000.0,
        "Interest Income Non Operating": -152000.0,
        "Operating Income": -1016000.0,
        "Operating Expense": 1016000.0,
        "Research And Development": 458000.0,
        "Selling General And Administration": 310000.0,
        "Total Revenue": 0.0,
        "Operating Revenue": 0.0
    },
    "2025-03-31": {
        "Tax Effect Of Unusual Items": 0.0,
        "Tax Rate For Calcs": 0.0,
        "Normalized EBITDA": -1307000.0,
        "Total Unusual Items": 931000.0,
        "Total Unusual Items Excluding Goodwill": 931000.0,
        "Net Income From Continuing Operation Net Minority Interest": -453000.0,
        "Reconciled Depreciation": 45000.0,
        "EBITDA": -376000.0,
        "EBIT": -421000.0,
        "Net Interest Income": 19000.0,
        "Interest Expense": 35000.0,
        "Interest Income": 54000.0,
        "Normalized Income": -1384000.0,
        "Net Income From Continuing And Discontinued Operation": -453000.0,
        "Total Expenses": 1406000.0,
        "Total Operating Income As Reported": -1406000.0,
        "Diluted Average Shares": 13161.0,
        "Basic Average Shares": 13161.0,
        "Diluted EPS": -34.0,
        "Basic EPS": -34.0,
        "Diluted NI Availto Com Stockholders": -453000.0,
        "Net Income Common Stockholders": -453000.0,
        "Net Income": -453000.0,
        "Minority Interests": 3000.0,
        "Net Income Including Noncontrolling Interests": -456000.0,
        "Net Income Continuous Operations": -456000.0,
        "Pretax Income": -456000.0,
        "Other Income Expense": 931000.0,
        "Special Income Charges": NaN,
        "Write Off": NaN,
        "Gain On Sale Of Security": 931000.0,
        "Net Non Operating Interest Income Expense": 19000.0,
        "Interest Expense Non Operating": 35000.0,
        "Interest Income Non Operating": 54000.0,
        "Operating Income": -1406000.0,
        "Operating Expense": 1406000.0,
        "Research And Development": 760000.0,
        "Selling General And Administration": 646000.0,
        "Total Revenue": 0.0,
        "Operating Revenue": 0.0
    }
}