{
    "2023-06-30": {
        "Tax Effect Of Unusual Items": NaN,
        "Tax Rate For Calcs": NaN,
        "Normalized EBITDA": NaN,
        "Total Unusual Items": 0.0,
        "Total Unusual Items Excluding Goodwill": 0.0,
        "Net Income From Continuing Operation Net Minority Interest": NaN,
        "Reconciled Depreciation": NaN,
        "Reconciled Cost Of Revenue": NaN,
        "EBITDA": NaN,
        "EBIT": NaN,
        "Net Interest Income": NaN,
        "Interest Expense": NaN,
        "Interest Income": NaN,
        "Normalized Income": NaN,
        "Net Income From Continuing And Discontinued Operation": NaN,
        "Total Expenses": NaN,
        "Diluted Average Shares": NaN,
        "Basic Average Shares": NaN,
        "Diluted EPS": NaN,
        "Basic EPS": NaN,
        "Diluted NI Availto Com Stockholders": NaN,
        "Net Income Common Stockholders": NaN,
        "Net Income": NaN,
        "Minority Interests": NaN,
        "Net Income Including Noncontrolling Interests": NaN,
        "Net Income Discontinuous Operations": 0.0,
        "Net Income Continuous Operations": NaN,
        "Tax Provision": NaN,
        "Pretax Income": NaN,
        "Other Income Expense": NaN,
        "Other Non Operating Income Expenses": NaN,
        "Special Income Charges": 0.0,
        "Write Off": 0.0,
        "Net Non Operating Interest Income Expense": NaN,
        "Interest Expense Non Operating": NaN,
        "Interest Income Non Operating": NaN,
        "Operating Income": NaN,
        "Operating Expense": NaN,
        "Depreciation Amortization Depletion Income Statement": NaN,
        "Depreciation And Amortization In Income Statement": NaN,
        "Amortization": NaN,
        "Amortization Of Intangibles Income Statement": NaN,
        "Depreciation Income Statement": NaN,
        "Research And Development": NaN,
        "Selling General And Administration": NaN,
        "General And Administrative Expense": NaN,
        "Other Gand A": NaN,
        "Salaries And Wages": NaN,
        "Gross Profit": NaN,
        "Cost Of Revenue": NaN,
        "Total Revenue": NaN,
        "Operating Revenue": NaN
    },
    "2023-03-31": {
        "Tax Effect Of Unusual Items": NaN,
        "Tax Rate For Calcs": NaN,
        "Normalized EBITDA": NaN,
        "Total Unusual Items": 0.0,
        "Total Unusual Items Excluding Goodwill": 0.0,
        "Net Income From Continuing Operation Net Minority Interest": NaN,
        "Reconciled Depreciation": NaN,
        "Reconciled Cost Of Revenue": NaN,
        "EBITDA": NaN,
        "EBIT": NaN,
        "Net Interest Income": NaN,
        "Interest Expense": NaN,
        "Interest Income": NaN,
        "Normalized Income": NaN,
        "Net Income From Continuing And Discontinued Operation": NaN,
        "Total Expenses": NaN,
        "Diluted Average Shares": NaN,
        "Basic Average Shares": NaN,
        "Diluted EPS": NaN,
        "Basic EPS": NaN,
        "Diluted NI Availto Com Stockholders": NaN,
        "Net Income Common Stockholders": NaN,
        "Net Income": NaN,
        "Minority Interests": NaN,
        "Net Income Including Noncontrolling Interests": NaN,
        "Net Income Discontinuous Operations": NaN,
        "Net Income Continuous Operations": NaN,
        "Tax Provision": NaN,
        "Pretax Income": NaN,
        "Other Income Expense": NaN,
        "Other Non Operating Income Expenses": NaN,
        "Special Income Charges": 0.0,
        "Write Off": 0.0,
        "Net Non Operating Interest Income Expense": NaN,
        "Interest Expense Non Operating": NaN,
        "Interest Income Non Operating": NaN,
        "Operating Income": NaN,
        "Operating Expense": NaN,
        "Depreciation Amortization Depletion Income Statement": NaN,
        "Depreciation And Amortization In Income Statement": NaN,
        "Amortization": NaN,
        "Amortization Of Intangibles Income Statement": NaN,
        "Depreciation Income Statement": NaN,
        "Research And Development": NaN,
        "Selling General And Administration": NaN,
        "General And Administrative Expense": NaN,
        "Other Gand A": NaN,
        "Salaries And Wages": NaN,
        "Gross Profit": NaN,
        "Cost Of Revenue": NaN,
        "Total Revenue": NaN,
        "Operating Revenue": NaN
    },
    "2022-12-31": {
        "Tax Effect Of Unusual Items": NaN,
        "Tax Rate For Calcs": NaN,
        "Normalized EBITDA": NaN,
        "Total Unusual Items": -36000000.0,
        "Total Unusual Items Excluding Goodwill": -36000000.0,
        "Net Income From Continuing Operation Net Minority Interest": NaN,
        "Reconciled Depreciation": NaN,
        "Reconciled Cost Of Revenue": NaN,
        "EBITDA": NaN,
        "EBIT": NaN,
        "Net Interest Income": NaN,
        "Interest Expense": NaN,
        "Interest Income": NaN,
        "Normalized Income": NaN,
        "Net Income From Continuing And Discontinued Operation": NaN,
        "Total Expenses": NaN,
        "Diluted Average Shares": NaN,
        "Basic Average Shares": NaN,
        "Diluted EPS": NaN,
        "Basic EPS": NaN,
        "Diluted NI Availto Com Stockholders": NaN,
        "Net Income Common Stockholders": NaN,
        "Net Income": NaN,
        "Minority Interests": NaN,
        "Net Income Including Noncontrolling Interests": NaN,
        "Net Income Discontinuous Operations": 0.0,
        "Net Income Continuous Operations": NaN,
        "Tax Provision": NaN,
        "Pretax Income": NaN,
        "Other Income Expense": NaN,
        "Other Non Operating Income Expenses": NaN,
        "Special Income Charges": -9000000.0,
        "Gain On Sale Of Ppe": 3000000.0,
        "Write Off": 15000000.0,
        "Restructuring And Mergern Acquisition": -3000000.0,
        "Earnings From Equity Interest": 5000000.0,
        "Net Non Operating Interest Income Expense": NaN,
        "Interest Expense Non Operating": NaN,
        "Interest Income Non Operating": NaN,
        "Operating Income": NaN,
        "Operating Expense": NaN,
        "Depreciation Amortization Depletion Income Statement": NaN,
        "Depreciation And Amortization In Income Statement": NaN,
        "Amortization": NaN,
        "Amortization Of Intangibles Income Statement": NaN,
        "Depreciation Income Statement": NaN,
        "Research And Development": NaN,
        "Selling General And Administration": NaN,
        "General And Administrative Expense": NaN,
        "Other Gand A": NaN,
        "Salaries And Wages": NaN,
        "Gross Profit": NaN,
        "Cost Of Revenue": NaN,
        "Total Revenue": NaN,
        "Operating Revenue": NaN
    },
    "2022-09-30": {
        "Tax Effect Of Unusual Items": NaN,
        "Tax Rate For Calcs": NaN,
        "Normalized EBITDA": NaN,
        "Total Unusual Items": NaN,
        "Total Unusual Items Excluding Goodwill": NaN,
        "Net Income From Continuing Operation Net Minority Interest": NaN,
        "Reconciled Depreciation": NaN,
        "Reconciled Cost Of Revenue": NaN,
        "EBITDA": NaN,
        "EBIT": NaN,
        "Net Interest Income": NaN,
        "Interest Expense": NaN,
        "Interest Income": NaN,
        "Normalized Income": NaN,
        "Net Income From Continuing And Discontinued Operation": NaN,
        "Total Expenses": NaN,
        "Diluted Average Shares": NaN,
        "Basic Average Shares": NaN,
        "Diluted EPS": NaN,
        "Basic EPS": NaN,
        "Diluted NI Availto Com Stockholders": NaN,
        "Net Income Common Stockholders": NaN,
        "Net Income": NaN,
        "Minority Interests": NaN,
        "Net Income Including Noncontrolling Interests": NaN,
        "Net Income Discontinuous Operations": 0.0,
        "Net Income Continuous Operations": NaN,
        "Tax Provision": NaN,
        "Pretax Income": NaN,
        "Other Income Expense": NaN,
        "Other Non Operating Income Expenses": NaN,
        "Special Income Charges": NaN,
        "Gain On Sale Of Ppe": 2000000.0,
        "Write Off": NaN,
        "Restructuring And Mergern Acquisition": 36000000.0,
        "Earnings From Equity Interest": 6000000.0,
        "Net Non Operating Interest Income Expense": NaN,
        "Interest Expense Non Operating": NaN,
        "Interest Income Non Operating": NaN,
        "Operating Income": NaN,
        "Operating Expense": NaN,
        "Depreciation Amortization Depletion Income Statement": NaN,
        "Depreciation And Amortization In Income Statement": NaN,
        "Amortization": NaN,
        "Amortization Of Intangibles Income Statement": NaN,
        "Depreciation Income Statement": NaN,
        "Research And Development": NaN,
        "Selling General And Administration": NaN,
        "General And Administrative Expense": NaN,
        "Other Gand A": NaN,
        "Salaries And Wages": NaN,
        "Gross Profit": NaN,
        "Cost Of Revenue": NaN,
        "Total Revenue": NaN,
        "Operating Revenue": NaN
    },
    "2022-06-30": {
        "Tax Effect Of Unusual Items": 12480000.0,
        "Tax Rate For Calcs": 0.208,
        "Normalized EBITDA": 685000000.0,
        "Total Unusual Items": 60000000.0,
        "Total Unusual Items Excluding Goodwill": 60000000.0,
        "Net Income From Continuing Operation Net Minority Interest": 443000000.0,
        "Reconciled Depreciation": 141000000.0,
        "Reconciled Cost Of Revenue": 2954000000.0,
        "EBITDA": 745000000.0,
        "EBIT": 604000000.0,
        "Net Interest Income": -27000000.0,
        "Interest Expense": 38000000.0,
        "Interest Income": 11000000.0,
        "Normalized Income": 395480000.0,
        "Net Income From Continuing And Discontinued Operation": 441000000.0,
        "Total Expenses": 4192000000.0,
        "Diluted Average Shares": 237600000.0,
        "Basic Average Shares": 236400000.0,
        "Diluted EPS": 1.85,
        "Basic EPS": 1.86,
        "Diluted NI Availto Com Stockholders": 441000000.0,
        "Net Income Common Stockholders": 441000000.0,
        "Net Income": 441000000.0,
        "Minority Interests": -5000000.0,
        "Net Income Including Noncontrolling Interests": 446000000.0,
        "Net Income Discontinuous Operations": -2000000.0,
        "Net Income Continuous Operations": 448000000.0,
        "Tax Provision": 118000000.0,
        "Pretax Income": 566000000.0,
        "Other Income Expense": 94000000.0,
        "Other Non Operating Income Expenses": 34000000.0,
        "Special Income Charges": 60000000.0,
        "Gain On Sale Of Ppe": NaN,
        "Write Off": -60000000.0,
        "Restructuring And Mergern Acquisition": 0.0,
        "Earnings From Equity Interest": NaN,
        "Net Non Operating Interest Income Expense": -27000000.0,
        "Interest Expense Non Operating": 38000000.0,
        "Interest Income Non Operating": 11000000.0,
        "Operating Income": 499000000.0,
        "Operating Expense": 1238000000.0,
        "Depreciation Amortization Depletion Income Statement": 141000000.0,
        "Depreciation And Amortization In Income Statement": 141000000.0,
        "Amortization": 42000000.0,
        "Amortization Of Intangibles Income Statement": 42000000.0,
        "Depreciation Income Statement": 99000000.0,
        "Research And Development": 115000000.0,
        "Selling General And Administration": 982000000.0,
        "General And Administrative Expense": NaN,
        "Other Gand A": NaN,
        "Salaries And Wages": NaN,
        "Gross Profit": 1737000000.0,
        "Cost Of Revenue": 2954000000.0,
        "Total Revenue": 4691000000.0,
        "Operating Revenue": 4691000000.0
    },
    "2022-03-31": {
        "Diluted EPS": 0.08,
        "Total Revenue": NaN,
        "Gross Profit": NaN,
        "Operating Income": 376,
        "EBIT": 521,
        "Net Income": 18
    },
    "2021-12-31": {
        "Diluted EPS": 1.2,
        "Total Revenue": NaN,
        "Gross Profit": NaN,
        "Operating Income": 197,
        "EBIT": 346,
        "Net Income": 286
    },
    "2021-09-30": {
        "Diluted EPS": 1.43,
        "Total Revenue": NaN,
        "Gross Profit": NaN,
        "Operating Income": 429,
        "EBIT": 575,
        "Net Income": 344
    },
    "2021-06-30": {
        "Diluted EPS": 1.8,
        "Total Revenue": NaN,
        "Gross Profit": NaN,
        "Operating Income": 552,
        "EBIT": 689,
        "Net Income": 431
    },
    "2021-03-31": {
        "Diluted EPS": 1.58,
        "Total Revenue": NaN,
        "Gross Profit": NaN,
        "Operating Income": 527,
        "EBIT": 656,
        "Net Income": 378
    },
    "2020-12-31": {
        "Diluted EPS": 1.14,
        "Total Revenue": NaN,
        "Gross Profit": NaN,
        "Operating Income": 501,
        "EBIT": 626,
        "Net Income": 272
    },
    "2020-09-30": {
        "Diluted EPS": 1.86,
        "Total Revenue": NaN,
        "Gross Profit": NaN,
        "Operating Income": 599,
        "EBIT": 731,
        "Net Income": 442
    },
    "2020-06-30": {
        "Diluted EPS": 0.43,
        "Total Revenue": NaN,
        "Gross Profit": NaN,
        "Operating Income": 172,
        "EBIT": 295,
        "Net Income": 102
    },
    "2020-03-31": {
        "Diluted EPS": 1.02,
        "Total Revenue": NaN,
        "Gross Profit": NaN,
        "Operating Income": 334,
        "EBIT": 463,
        "Net Income": 243
    },
    "2019-12-31": {
        "Diluted EPS": 1.23,
        "Total Revenue": NaN,
        "Gross Profit": NaN,
        "Operating Income": 423,
        "EBIT": 557,
        "Net Income": 292
    },
    "2019-09-30": {
        "Diluted EPS": 1.54,
        "Total Revenue": NaN,
        "Gross Profit": NaN,
        "Operating Income": 516,
        "EBIT": 649,
        "Net Income": 367
    },
    "2019-06-30": {
        "Diluted EPS": 1.14,
        "Total Revenue": NaN,
        "Gross Profit": NaN,
        "Operating Income": 389,
        "EBIT": 515,
        "Net Income": 272
    },
    "2019-03-31": {
        "Diluted EPS": 1.31,
        "Total Revenue": NaN,
        "Gross Profit": NaN,
        "Operating Income": 442,
        "EBIT": 560,
        "Net Income": 312
    },
    "2018-12-31": {
        "Diluted EPS": 1.08,
        "Total Revenue": NaN,
        "Gross Profit": NaN,
        "Operating Income": 375,
        "EBIT": 502,
        "Net Income": 258
    },
    "2018-09-30": {
        "Diluted EPS": 1.55,
        "Total Revenue": NaN,
        "Gross Profit": NaN,
        "Operating Income": 477,
        "EBIT": 599,
        "Net Income": 378
    },
    "2018-06-30": {
        "Diluted EPS": 1.51,
        "Total Revenue": NaN,
        "Gross Profit": NaN,
        "Operating Income": 485,
        "EBIT": 610,
        "Net Income": 371
    },
    "2018-03-31": {
        "Diluted EPS": 1.33,
        "Total Revenue": NaN,
        "Gross Profit": NaN,
        "Operating Income": 459,
        "EBIT": 582,
        "Net Income": 334
    },
    "2017-12-31": {
        "Diluted EPS": 0.6,
        "Total Revenue": NaN,
        "Gross Profit": NaN,
        "Operating Income": 417,
        "EBIT": 537,
        "Net Income": 151
    },
    "2017-09-30": {
        "Diluted EPS": 2.36,
        "Total Revenue": NaN,
        "Gross Profit": NaN,
        "Operating Income": 547,
        "EBIT": 664,
        "Net Income": 610
    },
    "2017-06-30": {
        "Diluted EPS": 1.92,
        "Total Revenue": NaN,
        "Gross Profit": NaN,
        "Operating Income": 620,
        "EBIT": 733,
        "Net Income": 496
    },
    "2017-03-31": {
        "Diluted EPS": 1.3,
        "Total Revenue": NaN,
        "Gross Profit": NaN,
        "Operating Income": 490,
        "EBIT": 600,
        "Net Income": 337
    },
    "2016-12-31": {
        "Diluted EPS": 1.3,
        "Total Revenue": NaN,
        "Gross Profit": NaN,
        "Operating Income": 278,
        "EBIT": 387,
        "Net Income": 340
    },
    "2016-09-30": {
        "Diluted EPS": -0.69,
        "Total Revenue": NaN,
        "Gross Profit": NaN,
        "Operating Income": 561,
        "EBIT": 674,
        "Net Income": -184
    },
    "2016-06-30": {
        "Diluted EPS": 1.37,
        "Total Revenue": NaN,
        "Gross Profit": NaN,
        "Operating Income": 640,
        "EBIT": 743,
        "Net Income": 370
    },
    "2016-03-31": {
        "Diluted EPS": 1.29,
        "Total Revenue": NaN,
        "Gross Profit": NaN,
        "Operating Income": 487,
        "EBIT": 602,
        "Net Income": 347
    },
    "2015-12-31": {
        "Diluted EPS": 1.15,
        "Total Revenue": NaN,
        "Gross Profit": NaN,
        "Operating Income": 340,
        "EBIT": 434,
        "Net Income": 314
    },
    "2015-09-30": {
        "Diluted EPS": 1.59,
        "Total Revenue": NaN,
        "Gross Profit": NaN,
        "Operating Income": 564,
        "EBIT": 671,
        "Net Income": 433
    },
    "2015-06-30": {
        "Diluted EPS": 1.23,
        "Total Revenue": NaN,
        "Gross Profit": NaN,
        "Operating Income": 475,
        "EBIT": 600,
        "Net Income": 337
    },
    "2015-03-31": {
        "Diluted EPS": 1.17,
        "Total Revenue": NaN,
        "Gross Profit": NaN,
        "Operating Income": 444,
        "EBIT": 564,
        "Net Income": 322
    },
    "2014-12-31": {
        "Diluted EPS": 0.33,
        "Total Revenue": NaN,
        "Gross Profit": NaN,
        "Operating Income": 332,
        "EBIT": 429,
        "Net Income": 83
    },
    "2014-09-30": {
        "Diluted EPS": 1.33,
        "Total Revenue": NaN,
        "Gross Profit": NaN,
        "Operating Income": 526,
        "EBIT": 645,
        "Net Income": 371
    },
    "2014-06-30": {
        "Diluted EPS": 1.38,
        "Total Revenue": NaN,
        "Gross Profit": NaN,
        "Operating Income": 550,
        "EBIT": 665,
        "Net Income": 386
    },
    "2014-03-31": {
        "Diluted EPS": 4.49,
        "Total Revenue": NaN,
        "Gross Profit": NaN,
        "Operating Income": 406,
        "EBIT": 525,
        "Net Income": NaN
    },
    "2013-12-31": {
        "Diluted EPS": 1.02,
        "Total Revenue": NaN,
        "Gross Profit": NaN,
        "Operating Income": 329,
        "EBIT": 448,
        "Net Income": 254
    },
    "2013-09-30": {
        "Diluted EPS": 0.78,
        "Total Revenue": NaN,
        "Gross Profit": NaN,
        "Operating Income": 375,
        "EBIT": 488,
        "Net Income": 226
    },
    "2013-06-30": {
        "Diluted EPS": 1.18,
        "Total Revenue": NaN,
        "Gross Profit": NaN,
        "Operating Income": 458,
        "EBIT": 577,
        "Net Income": 341
    },
    "2013-03-31": {
        "Diluted EPS": 8.16,
        "Total Revenue": NaN,
        "Gross Profit": NaN,
        "Operating Income": 290,
        "EBIT": 391,
        "Net Income": NaN
    },
    "2012-12-31": {
        "Diluted EPS": 0.73,
        "Total Revenue": NaN,
        "Gross Profit": 813,
        "Operating Income": 73,
        "EBIT": 157,
        "Net Income": 227
    },
    "2012-09-30": {
        "Diluted EPS": 1.09,
        "Total Revenue": NaN,
        "Gross Profit": NaN,
        "Operating Income": 429,
        "EBIT": 533,
        "Net Income": 339
    },
    "2012-06-30": {
        "Diluted EPS": 1.17,
        "Total Revenue": NaN,
        "Gross Profit": NaN,
        "Operating Income": 455,
        "EBIT": 558,
        "Net Income": 362
    },
    "2012-03-31": {
        "Diluted EPS": 0.04,
        "Total Revenue": NaN,
        "Gross Profit": NaN,
        "Operating Income": 138,
        "EBIT": 246,
        "Net Income": 13
    },
    "2011-12-31": {
        "Diluted EPS": 0.7,
        "Total Revenue": NaN,
        "Gross Profit": NaN,
        "Operating Income": 307,
        "EBIT": 380,
        "Net Income": 216
    },
    "2011-09-30": {
        "Diluted EPS": 0.98,
        "Total Revenue": NaN,
        "Gross Profit": NaN,
        "Operating Income": 466,
        "EBIT": 582,
        "Net Income": 311
    },
    "2011-06-30": {
        "Diluted EPS": 1.06,
        "Total Revenue": NaN,
        "Gross Profit": NaN,
        "Operating Income": 511,
        "EBIT": 630,
        "Net Income": 340
    },
    "2011-03-31": {
        "Diluted EPS": 0.7,
        "Total Revenue": NaN,
        "Gross Profit": NaN,
        "Operating Income": 389,
        "EBIT": 506,
        "Net Income": 228
    },
    "2010-12-31": {
        "Diluted EPS": 0.62,
        "Total Revenue": NaN,
        "Gross Profit": NaN,
        "Operating Income": 304,
        "EBIT": 422,
        "Net Income": 205
    },
    "2010-09-30": {
        "Diluted EPS": 0.79,
        "Total Revenue": NaN,
        "Gross Profit": NaN,
        "Operating Income": 400,
        "EBIT": 516,
        "Net Income": 262
    },
    "2010-06-30": {
        "Diluted EPS": 0.82,
        "Total Revenue": NaN,
        "Gross Profit": NaN,
        "Operating Income": 425,
        "EBIT": 540,
        "Net Income": 272
    },
    "2010-03-31": {
        "Diluted EPS": 0.09,
        "Total Revenue": NaN,
        "Gross Profit": NaN,
        "Operating Income": 238,
        "EBIT": 359,
        "Net Income": 30
    },
    "2009-12-31": {
        "Diluted EPS": 0.43,
        "Total Revenue": NaN,
        "Gross Profit": NaN,
        "Operating Income": 200,
        "EBIT": 200,
        "Net Income": 142
    },
    "2009-09-30": {
        "Diluted EPS": 0.48,
        "Total Revenue": NaN,
        "Gross Profit": NaN,
        "Operating Income": 289,
        "EBIT": 289,
        "Net Income": 159
    },
    "2009-06-30": {
        "Diluted EPS": 0.45,
        "Total Revenue": NaN,
        "Gross Profit": NaN,
        "Operating Income": 270,
        "EBIT": 270,
        "Net Income": 146
    },
    "2009-03-31": {
        "Diluted EPS": -0.34,
        "Total Revenue": NaN,
        "Gross Profit": NaN,
        "Operating Income": -49,
        "EBIT": -49,
        "Net Income": -111
    },
    "2023-09-30": {
        "Tax Effect Of Unusual Items": NaN,
        "Tax Rate For Calcs": NaN,
        "Normalized EBITDA": NaN,
        "Total Unusual Items": 0.0,
        "Total Unusual Items Excluding Goodwill": 0.0,
        "Net Income From Continuing Operation Net Minority Interest": NaN,
        "Reconciled Depreciation": NaN,
        "Reconciled Cost Of Revenue": NaN,
        "EBITDA": NaN,
        "EBIT": NaN,
        "Net Interest Income": NaN,
        "Interest Expense": NaN,
        "Interest Income": NaN,
        "Normalized Income": NaN,
        "Net Income From Continuing And Discontinued Operation": NaN,
        "Total Expenses": NaN,
        "Diluted Average Shares": NaN,
        "Basic Average Shares": NaN,
        "Diluted EPS": NaN,
        "Basic EPS": NaN,
        "Diluted NI Availto Com Stockholders": NaN,
        "Net Income Common Stockholders": NaN,
        "Net Income": NaN,
        "Minority Interests": NaN,
        "Net Income Including Noncontrolling Interests": NaN,
        "Net Income Discontinuous Operations": 0.0,
        "Net Income Continuous Operations": NaN,
        "Tax Provision": NaN,
        "Pretax Income": NaN,
        "Other Income Expense": NaN,
        "Other Non Operating Income Expenses": NaN,
        "Special Income Charges": 0.0,
        "Write Off": 0.0,
        "Net Non Operating Interest Income Expense": NaN,
        "Interest Expense Non Operating": NaN,
        "Interest Income Non Operating": NaN,
        "Operating Income": NaN,
        "Operating Expense": NaN,
        "Depreciation Amortization Depletion Income Statement": NaN,
        "Depreciation And Amortization In Income Statement": NaN,
        "Amortization": NaN,
        "Amortization Of Intangibles Income Statement": NaN,
        "Depreciation Income Statement": NaN,
        "Research And Development": NaN,
        "Selling General And Administration": NaN,
        "General And Administrative Expense": NaN,
        "Other Gand A": NaN,
        "Salaries And Wages": NaN,
        "Gross Profit": NaN,
        "Cost Of Revenue": NaN,
        "Total Revenue": NaN,
        "Operating Revenue": NaN
    },
    "2023-12-31": {
        "Tax Effect Of Unusual Items": NaN,
        "Tax Rate For Calcs": NaN,
        "Normalized EBITDA": NaN,
        "Total Unusual Items": -201000000.0,
        "Total Unusual Items Excluding Goodwill": -201000000.0,
        "Net Income From Continuing Operation Net Minority Interest": NaN,
        "Reconciled Depreciation": NaN,
        "Reconciled Cost Of Revenue": NaN,
        "EBITDA": NaN,
        "EBIT": NaN,
        "Net Interest Income": NaN,
        "Interest Expense": NaN,
        "Interest Income": NaN,
        "Normalized Income": NaN,
        "Net Income From Continuing And Discontinued Operation": NaN,
        "Total Expenses": NaN,
        "Diluted Average Shares": NaN,
        "Basic Average Shares": NaN,
        "Diluted EPS": NaN,
        "Basic EPS": NaN,
        "Diluted NI Availto Com Stockholders": NaN,
        "Net Income Common Stockholders": NaN,
        "Net Income": NaN,
        "Minority Interests": NaN,
        "Net Income Including Noncontrolling Interests": NaN,
        "Net Income Discontinuous Operations": 0.0,
        "Net Income Continuous Operations": NaN,
        "Tax Provision": NaN,
        "Pretax Income": NaN,
        "Other Income Expense": NaN,
        "Other Non Operating Income Expenses": NaN,
        "Special Income Charges": -181000000.0,
        "Write Off": 160000000.0,
        "Net Non Operating Interest Income Expense": NaN,
        "Interest Expense Non Operating": NaN,
        "Interest Income Non Operating": NaN,
        "Operating Income": NaN,
        "Operating Expense": NaN,
        "Depreciation Amortization Depletion Income Statement": NaN,
        "Depreciation And Amortization In Income Statement": NaN,
        "Amortization": NaN,
        "Amortization Of Intangibles Income Statement": NaN,
        "Depreciation Income Statement": NaN,
        "Research And Development": NaN,
        "Selling General And Administration": NaN,
        "General And Administrative Expense": NaN,
        "Other Gand A": NaN,
        "Salaries And Wages": 0.0,
        "Gross Profit": NaN,
        "Cost Of Revenue": NaN,
        "Total Revenue": NaN,
        "Operating Revenue": NaN
    },
    "2024-03-31": {
        "Tax Effect Of Unusual Items": NaN,
        "Tax Rate For Calcs": NaN,
        "Normalized EBITDA": NaN,
        "Net Income From Continuing Operation Net Minority Interest": NaN,
        "Reconciled Depreciation": NaN,
        "Reconciled Cost Of Revenue": NaN,
        "EBITDA": NaN,
        "EBIT": NaN,
        "Net Interest Income": NaN,
        "Interest Expense": NaN,
        "Interest Income": NaN,
        "Normalized Income": NaN,
        "Net Income From Continuing And Discontinued Operation": NaN,
        "Total Expenses": NaN,
        "Diluted Average Shares": NaN,
        "Basic Average Shares": NaN,
        "Diluted EPS": NaN,
        "Basic EPS": NaN,
        "Diluted NI Availto Com Stockholders": NaN,
        "Net Income Common Stockholders": NaN,
        "Net Income": NaN,
        "Minority Interests": NaN,
        "Net Income Including Noncontrolling Interests": NaN,
        "Net Income Discontinuous Operations": -5000000.0,
        "Net Income Continuous Operations": NaN,
        "Tax Provision": NaN,
        "Pretax Income": NaN,
        "Other Income Expense": NaN,
        "Other Non Operating Income Expenses": NaN,
        "Net Non Operating Interest Income Expense": NaN,
        "Interest Expense Non Operating": NaN,
        "Interest Income Non Operating": NaN,
        "Operating Income": NaN,
        "Operating Expense": NaN,
        "Depreciation Amortization Depletion Income Statement": NaN,
        "Depreciation And Amortization In Income Statement": NaN,
        "Amortization": NaN,
        "Amortization Of Intangibles Income Statement": NaN,
        "Depreciation Income Statement": NaN,
        "Research And Development": NaN,
        "Selling General And Administration": NaN,
        "General And Administrative Expense": NaN,
        "Other Gand A": NaN,
        "Salaries And Wages": 0.0,
        "Gross Profit": NaN,
        "Cost Of Revenue": NaN,
        "Total Revenue": NaN,
        "Operating Revenue": NaN
    },
    "2024-06-30": {
        "Tax Effect Of Unusual Items": 0.0,
        "Tax Rate For Calcs": 0.229,
        "Normalized EBITDA": 837000000.0,
        "Net Income From Continuing Operation Net Minority Interest": 493000000.0,
        "Reconciled Depreciation": 124000000.0,
        "Reconciled Cost Of Revenue": 2450000000.0,
        "EBITDA": 837000000.0,
        "EBIT": 713000000.0,
        "Net Interest Income": -17000000.0,
        "Interest Expense": 62000000.0,
        "Interest Income": 45000000.0,
        "Normalized Income": 493000000.0,
        "Net Income From Continuing And Discontinued Operation": 528000000.0,
        "Total Expenses": 3540000000.0,
        "Diluted Average Shares": 235700000.0,
        "Basic Average Shares": 234500000.0,
        "Diluted EPS": 2.24,
        "Basic EPS": 2.25,
        "Diluted NI Availto Com Stockholders": 528000000.0,
        "Net Income Common Stockholders": 528000000.0,
        "Net Income": 528000000.0,
        "Minority Interests": -9000000.0,
        "Net Income Including Noncontrolling Interests": 537000000.0,
        "Net Income Discontinuous Operations": 35000000.0,
        "Net Income Continuous Operations": 502000000.0,
        "Tax Provision": 149000000.0,
        "Pretax Income": 651000000.0,
        "Other Income Expense": -27000000.0,
        "Other Non Operating Income Expenses": -27000000.0,
        "Net Non Operating Interest Income Expense": -17000000.0,
        "Interest Expense Non Operating": 62000000.0,
        "Interest Income Non Operating": 45000000.0,
        "Operating Income": 695000000.0,
        "Operating Expense": 1090000000.0,
        "Depreciation Amortization Depletion Income Statement": 124000000.0,
        "Depreciation And Amortization In Income Statement": 124000000.0,
        "Amortization": 35000000.0,
        "Amortization Of Intangibles Income Statement": 35000000.0,
        "Depreciation Income Statement": 89000000.0,
        "Research And Development": 108000000.0,
        "Selling General And Administration": 858000000.0,
        "General And Administrative Expense": 858000000.0,
        "Other Gand A": 858000000.0,
        "Salaries And Wages": 0.0,
        "Gross Profit": 1785000000.0,
        "Cost Of Revenue": 2450000000.0,
        "Total Revenue": 4235000000.0,
        "Operating Revenue": 4235000000.0
    },
    "2024-09-30": {
        "Tax Effect Of Unusual Items": 0.0,
        "Tax Rate For Calcs": 0.224,
        "Normalized EBITDA": 828000000.0,
        "Net Income From Continuing Operation Net Minority Interest": 468000000.0,
        "Reconciled Depreciation": 150000000.0,
        "Reconciled Cost Of Revenue": 2642000000.0,
        "EBITDA": 828000000.0,
        "EBIT": 678000000.0,
        "Net Interest Income": -19000000.0,
        "Interest Expense": 67000000.0,
        "Interest Income": 48000000.0,
        "Normalized Income": 468000000.0,
        "Net Income From Continuing And Discontinued Operation": 468000000.0,
        "Total Expenses": 3959000000.0,
        "Diluted Average Shares": 234300000.0,
        "Basic Average Shares": 233300000.0,
        "Diluted EPS": 2.0,
        "Basic EPS": 2.01,
        "Diluted NI Availto Com Stockholders": 468000000.0,
        "Net Income Common Stockholders": 468000000.0,
        "Net Income": 468000000.0,
        "Minority Interests": -6000000.0,
        "Net Income Including Noncontrolling Interests": 474000000.0,
        "Net Income Discontinuous Operations": NaN,
        "Net Income Continuous Operations": 474000000.0,
        "Tax Provision": 137000000.0,
        "Pretax Income": 611000000.0,
        "Other Income Expense": 14000000.0,
        "Other Non Operating Income Expenses": 14000000.0,
        "Net Non Operating Interest Income Expense": -19000000.0,
        "Interest Expense Non Operating": 67000000.0,
        "Interest Income Non Operating": 48000000.0,
        "Operating Income": 616000000.0,
        "Operating Expense": 1296000000.0,
        "Depreciation Amortization Depletion Income Statement": 129000000.0,
        "Depreciation And Amortization In Income Statement": 129000000.0,
        "Amortization": 32000000.0,
        "Amortization Of Intangibles Income Statement": 32000000.0,
        "Depreciation Income Statement": 97000000.0,
        "Research And Development": 105000000.0,
        "Selling General And Administration": 1062000000.0,
        "General And Administrative Expense": 1062000000.0,
        "Other Gand A": 1062000000.0,
        "Salaries And Wages": 0.0,
        "Gross Profit": 1912000000.0,
        "Cost Of Revenue": 2663000000.0,
        "Total Revenue": 4575000000.0,
        "Operating Revenue": 4575000000.0
    },
    "2024-12-31": {
        "Tax Effect Of Unusual Items": 0.0,
        "Tax Rate For Calcs": 0.21,
        "Normalized EBITDA": 155000000.0,
        "Net Income From Continuing Operation Net Minority Interest": -52000000.0,
        "Reconciled Depreciation": 88000000.0,
        "Reconciled Cost Of Revenue": 1410000000.0,
        "EBITDA": 155000000.0,
        "EBIT": 67000000.0,
        "Net Interest Income": -15000000.0,
        "Interest Expense": 57000000.0,
        "Interest Income": 42000000.0,
        "Normalized Income": -52000000.0,
        "Net Income From Continuing And Discontinued Operation": -280000000.0,
        "Total Expenses": 1784000000.0,
        "Diluted Average Shares": 232800000.0,
        "Basic Average Shares": 231800000.0,
        "Diluted EPS": -1.2,
        "Basic EPS": -1.2,
        "Diluted NI Availto Com Stockholders": -280000000.0,
        "Net Income Common Stockholders": -280000000.0,
        "Net Income": -280000000.0,
        "Minority Interests": -9000000.0,
        "Net Income Including Noncontrolling Interests": -271000000.0,
        "Net Income Discontinuous Operations": NaN,
        "Net Income Continuous Operations": -43000000.0,
        "Tax Provision": 53000000.0,
        "Pretax Income": 10000000.0,
        "Other Income Expense": -356000000.0,
        "Other Non Operating Income Expenses": -20000000.0,
        "Net Non Operating Interest Income Expense": -15000000.0,
        "Interest Expense Non Operating": 57000000.0,
        "Interest Income Non Operating": 42000000.0,
        "Operating Income": 381000000.0,
        "Operating Expense": 374000000.0,
        "Depreciation Amortization Depletion Income Statement": 88000000.0,
        "Depreciation And Amortization In Income Statement": 88000000.0,
        "Amortization": 26000000.0,
        "Amortization Of Intangibles Income Statement": 26000000.0,
        "Depreciation Income Statement": 62000000.0,
        "Research And Development": 98000000.0,
        "Selling General And Administration": 188000000.0,
        "General And Administrative Expense": 188000000.0,
        "Other Gand A": 188000000.0,
        "Salaries And Wages": 0.0,
        "Gross Profit": 755000000.0,
        "Cost Of Revenue": 1410000000.0,
        "Total Revenue": 2165000000.0,
        "Operating Revenue": 2165000000.0
    },
    "2025-03-31": {
        "Tax Effect Of Unusual Items": 0.0,
        "Tax Rate For Calcs": 0.243,
        "Normalized EBITDA": 679000000.0,
        "Net Income From Continuing Operation Net Minority Interest": 375000000.0,
        "Reconciled Depreciation": 121000000.0,
        "Reconciled Cost Of Revenue": 2142000000.0,
        "EBITDA": 679000000.0,
        "EBIT": 558000000.0,
        "Net Interest Income": -13000000.0,
        "Interest Expense": 56000000.0,
        "Interest Income": 43000000.0,
        "Normalized Income": 375000000.0,
        "Net Income From Continuing And Discontinued Operation": 373000000.0,
        "Total Expenses": 3203000000.0,
        "Diluted Average Shares": 228900000.0,
        "Basic Average Shares": 228000000.0,
        "Diluted EPS": 1.63,
        "Basic EPS": 1.63,
        "Diluted NI Availto Com Stockholders": 373000000.0,
        "Net Income Common Stockholders": 373000000.0,
        "Net Income": 373000000.0,
        "Minority Interests": -5000000.0,
        "Net Income Including Noncontrolling Interests": 378000000.0,
        "Net Income Discontinuous Operations": -2000000.0,
        "Net Income Continuous Operations": 380000000.0,
        "Tax Provision": 122000000.0,
        "Pretax Income": 502000000.0,
        "Other Income Expense": 34000000.0,
        "Other Non Operating Income Expenses": 34000000.0,
        "Net Non Operating Interest Income Expense": -13000000.0,
        "Interest Expense Non Operating": 56000000.0,
        "Interest Income Non Operating": 43000000.0,
        "Operating Income": 481000000.0,
        "Operating Expense": 1061000000.0,
        "Depreciation Amortization Depletion Income Statement": 121000000.0,
        "Depreciation And Amortization In Income Statement": 121000000.0,
        "Amortization": 32000000.0,
        "Amortization Of Intangibles Income Statement": 32000000.0,
        "Depreciation Income Statement": 89000000.0,
        "Research And Development": 102000000.0,
        "Selling General And Administration": 838000000.0,
        "General And Administrative Expense": 838000000.0,
        "Other Gand A": 838000000.0,
        "Salaries And Wages": NaN,
        "Gross Profit": 1542000000.0,
        "Cost Of Revenue": 2142000000.0,
        "Total Revenue": 3684000000.0,
        "Operating Revenue": 3684000000.0
    },
    "2025-06-30": {
        "Tax Effect Of Unusual Items": 0.0,
        "Tax Rate For Calcs": 0.234,
        "Normalized EBITDA": 795000000.0,
        "Net Income From Continuing Operation Net Minority Interest": 450000000.0,
        "Reconciled Depreciation": 135000000.0,
        "Reconciled Cost Of Revenue": 2432000000.0,
        "EBITDA": 795000000.0,
        "EBIT": 660000000.0,
        "Net Interest Income": -18000000.0,
        "Interest Expense": 62000000.0,
        "Interest Income": 44000000.0,
        "Normalized Income": 450000000.0,
        "Net Income From Continuing And Discontinued Operation": 450000000.0,
        "Total Expenses": 3545000000.0,
        "Diluted Average Shares": 227700000.0,
        "Basic Average Shares": 226800000.0,
        "Diluted EPS": 1.98,
        "Basic EPS": 1.98,
        "Diluted NI Availto Com Stockholders": 450000000.0,
        "Net Income Common Stockholders": 450000000.0,
        "Net Income": 450000000.0,
        "Minority Interests": -8000000.0,
        "Net Income Including Noncontrolling Interests": 458000000.0,
        "Net Income Discontinuous Operations": 0.0,
        "Net Income Continuous Operations": 458000000.0,
        "Tax Provision": 140000000.0,
        "Pretax Income": 598000000.0,
        "Other Income Expense": -34000000.0,
        "Other Non Operating Income Expenses": -34000000.0,
        "Net Non Operating Interest Income Expense": -18000000.0,
        "Interest Expense Non Operating": 62000000.0,
        "Interest Income Non Operating": 44000000.0,
        "Operating Income": 650000000.0,
        "Operating Expense": 1113000000.0,
        "Depreciation Amortization Depletion Income Statement": 135000000.0,
        "Depreciation And Amortization In Income Statement": 135000000.0,
        "Amortization": 33000000.0,
        "Amortization Of Intangibles Income Statement": 33000000.0,
        "Depreciation Income Statement": 102000000.0,
        "Research And Development": 106000000.0,
        "Selling General And Administration": 872000000.0,
        "General And Administrative Expense": 872000000.0,
        "Other Gand A": 872000000.0,
        "Salaries And Wages": NaN,
        "Gross Profit": 1763000000.0,
        "Cost Of Revenue": 2432000000.0,
        "Total Revenue": 4195000000.0,
        "Operating Revenue": 4195000000.0
    }
}