{
    "2023-03-31": {
        "Tax Effect Of Unusual Items": NaN,
        "Tax Rate For Calcs": NaN,
        "Normalized EBITDA": NaN,
        "Total Unusual Items": NaN,
        "Total Unusual Items Excluding Goodwill": NaN,
        "Net Income From Continuing Operation Net Minority Interest": NaN,
        "Reconciled Depreciation": NaN,
        "Reconciled Cost Of Revenue": NaN,
        "EBITDA": NaN,
        "EBIT": NaN,
        "Net Interest Income": NaN,
        "Interest Expense": NaN,
        "Interest Income": NaN,
        "Normalized Income": NaN,
        "Net Income From Continuing And Discontinued Operation": NaN,
        "Total Expenses": NaN,
        "Total Operating Income As Reported": NaN,
        "Diluted Average Shares": 737698000.0,
        "Basic Average Shares": 736829000.0,
        "Diluted EPS": 0.39,
        "Basic EPS": 0.39,
        "Diluted NI Availto Com Stockholders": NaN,
        "Net Income Common Stockholders": NaN,
        "Net Income": NaN,
        "Net Income Including Noncontrolling Interests": NaN,
        "Net Income Continuous Operations": NaN,
        "Tax Provision": NaN,
        "Pretax Income": NaN,
        "Other Income Expense": NaN,
        "Other Non Operating Income Expenses": NaN,
        "Special Income Charges": NaN,
        "Other Special Charges": NaN,
        "Net Non Operating Interest Income Expense": NaN,
        "Interest Expense Non Operating": NaN,
        "Interest Income Non Operating": NaN,
        "Operating Income": NaN,
        "Operating Expense": NaN,
        "Other Taxes": NaN,
        "Depreciation Amortization Depletion Income Statement": NaN,
        "Depreciation And Amortization In Income Statement": NaN,
        "Depreciation Income Statement": NaN,
        "Selling General And Administration": NaN,
        "General And Administrative Expense": NaN,
        "Salaries And Wages": NaN,
        "Gross Profit": NaN,
        "Cost Of Revenue": NaN,
        "Total Revenue": NaN,
        "Operating Revenue": NaN
    },
    "2022-12-31": {
        "Tax Effect Of Unusual Items": NaN,
        "Tax Rate For Calcs": NaN,
        "Normalized EBITDA": NaN,
        "Total Unusual Items": NaN,
        "Total Unusual Items Excluding Goodwill": NaN,
        "Net Income From Continuing Operation Net Minority Interest": NaN,
        "Reconciled Depreciation": NaN,
        "Reconciled Cost Of Revenue": NaN,
        "EBITDA": NaN,
        "EBIT": NaN,
        "Net Interest Income": NaN,
        "Interest Expense": NaN,
        "Interest Income": NaN,
        "Normalized Income": NaN,
        "Net Income From Continuing And Discontinued Operation": NaN,
        "Total Expenses": NaN,
        "Total Operating Income As Reported": NaN,
        "Diluted Average Shares": NaN,
        "Basic Average Shares": NaN,
        "Diluted EPS": NaN,
        "Basic EPS": NaN,
        "Diluted NI Availto Com Stockholders": NaN,
        "Net Income Common Stockholders": NaN,
        "Net Income": NaN,
        "Net Income Including Noncontrolling Interests": NaN,
        "Net Income Discontinuous Operations": 42000000.0,
        "Net Income Continuous Operations": NaN,
        "Tax Provision": NaN,
        "Pretax Income": NaN,
        "Other Income Expense": NaN,
        "Other Non Operating Income Expenses": NaN,
        "Special Income Charges": NaN,
        "Other Special Charges": NaN,
        "Net Non Operating Interest Income Expense": NaN,
        "Interest Expense Non Operating": NaN,
        "Interest Income Non Operating": NaN,
        "Operating Income": NaN,
        "Operating Expense": NaN,
        "Other Taxes": NaN,
        "Depreciation Amortization Depletion Income Statement": NaN,
        "Depreciation And Amortization In Income Statement": NaN,
        "Depreciation Income Statement": NaN,
        "Selling General And Administration": NaN,
        "General And Administrative Expense": NaN,
        "Salaries And Wages": NaN,
        "Gross Profit": NaN,
        "Cost Of Revenue": NaN,
        "Total Revenue": NaN,
        "Operating Revenue": NaN
    },
    "2022-09-30": {
        "Tax Effect Of Unusual Items": NaN,
        "Tax Rate For Calcs": NaN,
        "Normalized EBITDA": NaN,
        "Total Unusual Items": NaN,
        "Total Unusual Items Excluding Goodwill": NaN,
        "Net Income From Continuing Operation Net Minority Interest": NaN,
        "Reconciled Depreciation": NaN,
        "Reconciled Cost Of Revenue": NaN,
        "EBITDA": NaN,
        "EBIT": NaN,
        "Net Interest Income": NaN,
        "Interest Expense": NaN,
        "Interest Income": NaN,
        "Normalized Income": NaN,
        "Net Income From Continuing And Discontinued Operation": NaN,
        "Total Expenses": NaN,
        "Total Operating Income As Reported": NaN,
        "Diluted Average Shares": NaN,
        "Basic Average Shares": NaN,
        "Diluted EPS": NaN,
        "Basic EPS": NaN,
        "Diluted NI Availto Com Stockholders": NaN,
        "Net Income Common Stockholders": NaN,
        "Net Income": NaN,
        "Net Income Including Noncontrolling Interests": NaN,
        "Net Income Discontinuous Operations": 0.0,
        "Net Income Continuous Operations": NaN,
        "Tax Provision": NaN,
        "Pretax Income": NaN,
        "Other Income Expense": NaN,
        "Other Non Operating Income Expenses": NaN,
        "Special Income Charges": NaN,
        "Other Special Charges": NaN,
        "Net Non Operating Interest Income Expense": NaN,
        "Interest Expense Non Operating": NaN,
        "Interest Income Non Operating": NaN,
        "Operating Income": NaN,
        "Operating Expense": NaN,
        "Other Taxes": NaN,
        "Depreciation Amortization Depletion Income Statement": NaN,
        "Depreciation And Amortization In Income Statement": NaN,
        "Depreciation Income Statement": NaN,
        "Selling General And Administration": NaN,
        "General And Administrative Expense": NaN,
        "Salaries And Wages": NaN,
        "Gross Profit": NaN,
        "Cost Of Revenue": NaN,
        "Total Revenue": NaN,
        "Operating Revenue": NaN
    },
    "2022-06-30": {
        "Tax Effect Of Unusual Items": 1059602.649007,
        "Tax Rate For Calcs": 0.211921,
        "Normalized EBITDA": 562000000.0,
        "Total Unusual Items": 5000000.0,
        "Total Unusual Items Excluding Goodwill": 5000000.0,
        "Net Income From Continuing Operation Net Minority Interest": 119000000.0,
        "Reconciled Depreciation": 297000000.0,
        "Reconciled Cost Of Revenue": 1086000000.0,
        "EBITDA": 567000000.0,
        "EBIT": 270000000.0,
        "Net Interest Income": -119000000.0,
        "Interest Expense": 119000000.0,
        "Interest Income": NaN,
        "Normalized Income": 115059602.649007,
        "Net Income From Continuing And Discontinued Operation": 119000000.0,
        "Total Expenses": 1453000000.0,
        "Total Operating Income As Reported": 243000000.0,
        "Diluted Average Shares": 736769000.0,
        "Basic Average Shares": 735977000.0,
        "Diluted EPS": 0.16,
        "Basic EPS": 0.16,
        "Diluted NI Availto Com Stockholders": 119000000.0,
        "Net Income Common Stockholders": 119000000.0,
        "Net Income": 119000000.0,
        "Net Income Including Noncontrolling Interests": 119000000.0,
        "Net Income Discontinuous Operations": 0.0,
        "Net Income Continuous Operations": 119000000.0,
        "Tax Provision": 32000000.0,
        "Pretax Income": 151000000.0,
        "Other Income Expense": 27000000.0,
        "Other Non Operating Income Expenses": 22000000.0,
        "Special Income Charges": 5000000.0,
        "Other Special Charges": -5000000.0,
        "Net Non Operating Interest Income Expense": -119000000.0,
        "Interest Expense Non Operating": 119000000.0,
        "Interest Income Non Operating": NaN,
        "Operating Income": 243000000.0,
        "Operating Expense": 359000000.0,
        "Other Taxes": 70000000.0,
        "Depreciation Amortization Depletion Income Statement": 289000000.0,
        "Depreciation And Amortization In Income Statement": 289000000.0,
        "Depreciation Income Statement": 289000000.0,
        "Gross Profit": 602000000.0,
        "Cost Of Revenue": 1094000000.0,
        "Total Revenue": 1696000000.0,
        "Operating Revenue": 1696000000.0
    },
    "2022-03-31": {
        "Diluted EPS": 0.37,
        "Total Revenue": NaN,
        "Gross Profit": NaN,
        "Operating Income": 454,
        "EBIT": 732,
        "Net Income": 273
    },
    "2021-12-31": {
        "Diluted EPS": 0.16,
        "Total Revenue": NaN,
        "Gross Profit": NaN,
        "Operating Income": 308,
        "EBIT": 589,
        "Net Income": 134
    },
    "2021-09-30": {
        "Diluted EPS": 0.27,
        "Total Revenue": NaN,
        "Gross Profit": NaN,
        "Operating Income": 431,
        "EBIT": 695,
        "Net Income": 207
    },
    "2021-06-30": {
        "Diluted EPS": 0.03,
        "Total Revenue": NaN,
        "Gross Profit": 992,
        "Operating Income": 270,
        "EBIT": 568,
        "Net Income": 19
    },
    "2021-03-31": {
        "Diluted EPS": -2.39,
        "Total Revenue": NaN,
        "Gross Profit": NaN,
        "Operating Income": 415,
        "EBIT": 693,
        "Net Income": NaN
    },
    "2020-12-31": {
        "Diluted EPS": 0.37,
        "Total Revenue": NaN,
        "Gross Profit": NaN,
        "Operating Income": 378,
        "EBIT": 656,
        "Net Income": 290
    },
    "2020-09-30": {
        "Diluted EPS": 0.37,
        "Total Revenue": NaN,
        "Gross Profit": NaN,
        "Operating Income": 437,
        "EBIT": 712,
        "Net Income": 281
    },
    "2020-06-30": {
        "Diluted EPS": 0.45,
        "Total Revenue": NaN,
        "Gross Profit": 992,
        "Operating Income": 347,
        "EBIT": 615,
        "Net Income": 344
    },
    "2020-03-31": {
        "Diluted EPS": 0.72,
        "Total Revenue": NaN,
        "Gross Profit": NaN,
        "Operating Income": 424,
        "EBIT": 683,
        "Net Income": 554
    },
    "2019-12-31": {
        "Diluted EPS": 0.48,
        "Total Revenue": -213,
        "Gross Profit": -551,
        "Operating Income": -621,
        "EBIT": -564,
        "Net Income": 364
    },
    "2019-09-30": {
        "Diluted EPS": 0.65,
        "Total Revenue": NaN,
        "Gross Profit": NaN,
        "Operating Income": 726,
        "EBIT": NaN,
        "Net Income": 475
    },
    "2019-06-30": {
        "Diluted EPS": 0.6,
        "Total Revenue": NaN,
        "Gross Profit": NaN,
        "Operating Income": 640,
        "EBIT": 949,
        "Net Income": 441
    },
    "2019-03-31": {
        "Diluted EPS": 0.64,
        "Total Revenue": NaN,
        "Gross Profit": NaN,
        "Operating Income": 781,
        "EBIT": NaN,
        "Net Income": 466
    },
    "2018-12-31": {
        "Diluted EPS": 0.58,
        "Total Revenue": NaN,
        "Gross Profit": NaN,
        "Operating Income": 657,
        "EBIT": 956,
        "Net Income": 415
    },
    "2018-09-30": {
        "Diluted EPS": 0.62,
        "Total Revenue": NaN,
        "Gross Profit": NaN,
        "Operating Income": 686,
        "EBIT": 983,
        "Net Income": 445
    },
    "2018-06-30": {
        "Diluted EPS": 0.73,
        "Total Revenue": NaN,
        "Gross Profit": NaN,
        "Operating Income": 658,
        "EBIT": 944,
        "Net Income": 515
    },
    "2018-03-31": {
        "Diluted EPS": 0.65,
        "Total Revenue": NaN,
        "Gross Profit": NaN,
        "Operating Income": 851,
        "EBIT": NaN,
        "Net Income": 452
    },
    "2017-12-31": {
        "Diluted EPS": 0.11,
        "Total Revenue": NaN,
        "Gross Profit": NaN,
        "Operating Income": 749,
        "EBIT": NaN,
        "Net Income": 78
    },
    "2017-09-30": {
        "Diluted EPS": 0.51,
        "Total Revenue": NaN,
        "Gross Profit": NaN,
        "Operating Income": 736,
        "EBIT": NaN,
        "Net Income": 355
    },
    "2017-06-30": {
        "Diluted EPS": 0.43,
        "Total Revenue": NaN,
        "Gross Profit": NaN,
        "Operating Income": 658,
        "EBIT": 926,
        "Net Income": 292
    },
    "2017-03-31": {
        "Diluted EPS": 0.59,
        "Total Revenue": NaN,
        "Gross Profit": NaN,
        "Operating Income": 758,
        "EBIT": NaN,
        "Net Income": 403
    },
    "2016-12-31": {
        "Diluted EPS": 0.68,
        "Total Revenue": NaN,
        "Gross Profit": NaN,
        "Operating Income": 602,
        "EBIT": 862,
        "Net Income": 465
    },
    "2016-09-30": {
        "Diluted EPS": 0.69,
        "Total Revenue": NaN,
        "Gross Profit": NaN,
        "Operating Income": 786,
        "EBIT": NaN,
        "Net Income": 473
    },
    "2016-06-30": {
        "Diluted EPS": 0.71,
        "Total Revenue": NaN,
        "Gross Profit": NaN,
        "Operating Income": 725,
        "EBIT": 975,
        "Net Income": 483
    },
    "2016-03-31": {
        "Diluted EPS": 0.71,
        "Total Revenue": NaN,
        "Gross Profit": NaN,
        "Operating Income": 823,
        "EBIT": NaN,
        "Net Income": 481
    },
    "2015-12-31": {
        "Diluted EPS": 0.6,
        "Total Revenue": NaN,
        "Gross Profit": NaN,
        "Operating Income": 617,
        "EBIT": 855,
        "Net Income": 399
    },
    "2015-09-30": {
        "Diluted EPS": 0.58,
        "Total Revenue": NaN,
        "Gross Profit": NaN,
        "Operating Income": 686,
        "EBIT": 931,
        "Net Income": 393
    },
    "2015-06-30": {
        "Diluted EPS": -1.13,
        "Total Revenue": NaN,
        "Gross Profit": NaN,
        "Operating Income": 638,
        "EBIT": 870,
        "Net Income": -757
    },
    "2015-03-31": {
        "Diluted EPS": 0.96,
        "Total Revenue": NaN,
        "Gross Profit": NaN,
        "Operating Income": 890,
        "EBIT": NaN,
        "Net Income": 647
    },
    "2014-12-31": {
        "Diluted EPS": 1.04,
        "Total Revenue": NaN,
        "Gross Profit": NaN,
        "Operating Income": 778,
        "EBIT": NaN,
        "Net Income": 686
    },
    "2014-09-30": {
        "Diluted EPS": 0.74,
        "Total Revenue": NaN,
        "Gross Profit": NaN,
        "Operating Income": 688,
        "EBIT": 937,
        "Net Income": 497
    },
    "2014-06-30": {
        "Diluted EPS": 0.34,
        "Total Revenue": NaN,
        "Gross Profit": NaN,
        "Operating Income": 678,
        "EBIT": 803,
        "Net Income": 229
    },
    "2014-03-31": {
        "Diluted EPS": 0.49,
        "Total Revenue": NaN,
        "Gross Profit": NaN,
        "Operating Income": 723,
        "EBIT": NaN,
        "Net Income": 316
    },
    "2013-12-31": {
        "Diluted EPS": -0.14,
        "Total Revenue": NaN,
        "Gross Profit": -342,
        "Operating Income": 264,
        "EBIT": 150,
        "Net Income": -104
    },
    "2013-09-30": {
        "Diluted EPS": 0.62,
        "Total Revenue": NaN,
        "Gross Profit": NaN,
        "Operating Income": 846,
        "EBIT": NaN,
        "Net Income": 410
    },
    "2013-06-30": {
        "Diluted EPS": 0.63,
        "Total Revenue": NaN,
        "Gross Profit": NaN,
        "Operating Income": 758,
        "EBIT": NaN,
        "Net Income": 405
    },
    "2013-03-31": {
        "Diluted EPS": 0.65,
        "Total Revenue": NaN,
        "Gross Profit": NaN,
        "Operating Income": 693,
        "EBIT": NaN,
        "Net Income": 413
    },
    "2012-12-31": {
        "Diluted EPS": 0.6,
        "Total Revenue": NaN,
        "Gross Profit": NaN,
        "Operating Income": 739,
        "EBIT": NaN,
        "Net Income": 348
    },
    "2012-09-30": {
        "Diluted EPS": 0.61,
        "Total Revenue": NaN,
        "Gross Profit": NaN,
        "Operating Income": 664,
        "EBIT": 998,
        "Net Income": 355
    },
    "2012-06-30": {
        "Diluted EPS": 0.46,
        "Total Revenue": NaN,
        "Gross Profit": NaN,
        "Operating Income": 572,
        "EBIT": 876,
        "Net Income": 271
    },
    "2012-03-31": {
        "Diluted EPS": 0.93,
        "Total Revenue": NaN,
        "Gross Profit": NaN,
        "Operating Income": NaN,
        "EBIT": NaN,
        "Net Income": 538
    },
    "2011-12-31": {
        "Diluted EPS": 0.77,
        "Total Revenue": NaN,
        "Gross Profit": NaN,
        "Operating Income": 934,
        "EBIT": NaN,
        "Net Income": 454
    },
    "2011-09-30": {
        "Diluted EPS": 0.76,
        "Total Revenue": NaN,
        "Gross Profit": NaN,
        "Operating Income": 767,
        "EBIT": NaN,
        "Net Income": 444
    },
    "2011-06-30": {
        "Diluted EPS": 0.35,
        "Total Revenue": NaN,
        "Gross Profit": NaN,
        "Operating Income": 595,
        "EBIT": 912,
        "Net Income": 196
    },
    "2011-03-31": {
        "Diluted EPS": 0.82,
        "Total Revenue": NaN,
        "Gross Profit": NaN,
        "Operating Income": 805,
        "EBIT": NaN,
        "Net Income": 401
    },
    "2010-12-31": {
        "Diluted EPS": 0.78,
        "Total Revenue": NaN,
        "Gross Profit": NaN,
        "Operating Income": 642,
        "EBIT": 879,
        "Net Income": 351
    },
    "2010-09-30": {
        "Diluted EPS": 0.51,
        "Total Revenue": NaN,
        "Gross Profit": NaN,
        "Operating Income": 522,
        "EBIT": 720,
        "Net Income": 248
    },
    "2010-06-30": {
        "Diluted EPS": 0.22,
        "Total Revenue": NaN,
        "Gross Profit": 923,
        "Operating Income": 226,
        "EBIT": 410,
        "Net Income": 85
    },
    "2010-03-31": {
        "Diluted EPS": 0.66,
        "Total Revenue": NaN,
        "Gross Profit": NaN,
        "Operating Income": 476,
        "EBIT": 637,
        "Net Income": 250
    },
    "2009-12-31": {
        "Diluted EPS": 0.41,
        "Total Revenue": NaN,
        "Gross Profit": 948,
        "Operating Income": 209,
        "EBIT": 438,
        "Net Income": 153
    },
    "2009-09-30": {
        "Diluted EPS": 0.05,
        "Total Revenue": NaN,
        "Gross Profit": 854,
        "Operating Income": 171,
        "EBIT": 395,
        "Net Income": 20
    },
    "2009-06-30": {
        "Diluted EPS": -0.02,
        "Total Revenue": NaN,
        "Gross Profit": 807,
        "Operating Income": 104,
        "EBIT": 308,
        "Net Income": -7
    },
    "2009-03-31": {
        "Diluted EPS": 0.64,
        "Total Revenue": NaN,
        "Gross Profit": NaN,
        "Operating Income": 412,
        "EBIT": 615,
        "Net Income": 241
    },
    "2023-06-30": {
        "Tax Effect Of Unusual Items": NaN,
        "Tax Rate For Calcs": NaN,
        "Normalized EBITDA": NaN,
        "Total Unusual Items": NaN,
        "Total Unusual Items Excluding Goodwill": NaN,
        "Net Income From Continuing Operation Net Minority Interest": NaN,
        "Reconciled Depreciation": NaN,
        "Reconciled Cost Of Revenue": NaN,
        "EBITDA": NaN,
        "EBIT": NaN,
        "Net Interest Income": NaN,
        "Interest Expense": NaN,
        "Interest Income": NaN,
        "Normalized Income": NaN,
        "Net Income From Continuing And Discontinued Operation": NaN,
        "Total Expenses": NaN,
        "Total Operating Income As Reported": NaN,
        "Diluted Average Shares": NaN,
        "Basic Average Shares": NaN,
        "Diluted EPS": NaN,
        "Basic EPS": NaN,
        "Diluted NI Availto Com Stockholders": NaN,
        "Net Income Common Stockholders": NaN,
        "Net Income": NaN,
        "Net Income Including Noncontrolling Interests": NaN,
        "Net Income Continuous Operations": NaN,
        "Tax Provision": NaN,
        "Pretax Income": NaN,
        "Other Income Expense": NaN,
        "Other Non Operating Income Expenses": NaN,
        "Special Income Charges": NaN,
        "Other Special Charges": NaN,
        "Net Non Operating Interest Income Expense": NaN,
        "Interest Expense Non Operating": NaN,
        "Interest Income Non Operating": NaN,
        "Operating Income": NaN,
        "Operating Expense": NaN,
        "Other Taxes": NaN,
        "Depreciation Amortization Depletion Income Statement": NaN,
        "Depreciation And Amortization In Income Statement": NaN,
        "Depreciation Income Statement": NaN,
        "Selling General And Administration": 1000000.0,
        "General And Administrative Expense": 1000000.0,
        "Salaries And Wages": 1000000.0,
        "Gross Profit": NaN,
        "Cost Of Revenue": NaN,
        "Total Revenue": NaN,
        "Operating Revenue": NaN
    },
    "2023-09-30": {
        "Tax Effect Of Unusual Items": NaN,
        "Tax Rate For Calcs": NaN,
        "Normalized EBITDA": NaN,
        "Total Unusual Items": NaN,
        "Total Unusual Items Excluding Goodwill": NaN,
        "Net Income From Continuing Operation Net Minority Interest": NaN,
        "Reconciled Depreciation": NaN,
        "Reconciled Cost Of Revenue": NaN,
        "EBITDA": NaN,
        "EBIT": NaN,
        "Net Interest Income": NaN,
        "Interest Expense": NaN,
        "Interest Income": NaN,
        "Normalized Income": NaN,
        "Net Income From Continuing And Discontinued Operation": NaN,
        "Total Expenses": NaN,
        "Total Operating Income As Reported": NaN,
        "Diluted Average Shares": NaN,
        "Basic Average Shares": NaN,
        "Diluted EPS": NaN,
        "Basic EPS": NaN,
        "Diluted NI Availto Com Stockholders": NaN,
        "Net Income Common Stockholders": NaN,
        "Otherunder Preferred Stock Dividend": 0.0,
        "Net Income": NaN,
        "Net Income Including Noncontrolling Interests": NaN,
        "Net Income Continuous Operations": NaN,
        "Tax Provision": NaN,
        "Pretax Income": NaN,
        "Other Income Expense": NaN,
        "Other Non Operating Income Expenses": NaN,
        "Special Income Charges": NaN,
        "Other Special Charges": NaN,
        "Net Non Operating Interest Income Expense": NaN,
        "Interest Expense Non Operating": NaN,
        "Interest Income Non Operating": NaN,
        "Operating Income": NaN,
        "Operating Expense": NaN,
        "Other Taxes": NaN,
        "Depreciation Amortization Depletion Income Statement": NaN,
        "Depreciation And Amortization In Income Statement": NaN,
        "Depreciation Income Statement": NaN,
        "Selling General And Administration": -13000000.0,
        "General And Administrative Expense": -13000000.0,
        "Salaries And Wages": -13000000.0,
        "Gross Profit": NaN,
        "Cost Of Revenue": NaN,
        "Total Revenue": NaN,
        "Operating Revenue": NaN
    },
    "2023-12-31": {
        "Tax Effect Of Unusual Items": NaN,
        "Tax Rate For Calcs": NaN,
        "Normalized EBITDA": NaN,
        "Total Unusual Items": NaN,
        "Total Unusual Items Excluding Goodwill": NaN,
        "Net Income From Continuing Operation Net Minority Interest": NaN,
        "Reconciled Depreciation": NaN,
        "Reconciled Cost Of Revenue": NaN,
        "EBITDA": NaN,
        "EBIT": NaN,
        "Net Interest Income": NaN,
        "Interest Expense": NaN,
        "Interest Income": NaN,
        "Normalized Income": NaN,
        "Net Income From Continuing And Discontinued Operation": NaN,
        "Total Expenses": NaN,
        "Total Operating Income As Reported": NaN,
        "Diluted Average Shares": NaN,
        "Basic Average Shares": NaN,
        "Diluted EPS": NaN,
        "Basic EPS": NaN,
        "Diluted NI Availto Com Stockholders": NaN,
        "Net Income Common Stockholders": NaN,
        "Otherunder Preferred Stock Dividend": 0.0,
        "Net Income": NaN,
        "Net Income Including Noncontrolling Interests": NaN,
        "Net Income Continuous Operations": NaN,
        "Tax Provision": NaN,
        "Pretax Income": NaN,
        "Other Income Expense": NaN,
        "Other Non Operating Income Expenses": NaN,
        "Special Income Charges": NaN,
        "Other Special Charges": NaN,
        "Net Non Operating Interest Income Expense": NaN,
        "Interest Expense Non Operating": NaN,
        "Interest Income Non Operating": NaN,
        "Operating Income": NaN,
        "Operating Expense": NaN,
        "Other Taxes": NaN,
        "Depreciation Amortization Depletion Income Statement": NaN,
        "Depreciation And Amortization In Income Statement": NaN,
        "Depreciation Income Statement": NaN,
        "Selling General And Administration": -10000000.0,
        "General And Administrative Expense": -10000000.0,
        "Salaries And Wages": -10000000.0,
        "Gross Profit": NaN,
        "Cost Of Revenue": NaN,
        "Total Revenue": NaN,
        "Operating Revenue": NaN
    },
    "2024-03-31": {
        "Tax Effect Of Unusual Items": NaN,
        "Tax Rate For Calcs": NaN,
        "Normalized EBITDA": NaN,
        "Total Unusual Items": NaN,
        "Total Unusual Items Excluding Goodwill": NaN,
        "Net Income From Continuing Operation Net Minority Interest": NaN,
        "Reconciled Depreciation": NaN,
        "Reconciled Cost Of Revenue": NaN,
        "EBITDA": NaN,
        "EBIT": NaN,
        "Net Interest Income": NaN,
        "Interest Expense": NaN,
        "Interest Income": NaN,
        "Normalized Income": NaN,
        "Net Income From Continuing And Discontinued Operation": NaN,
        "Total Expenses": NaN,
        "Total Operating Income As Reported": NaN,
        "Diluted Average Shares": NaN,
        "Basic Average Shares": NaN,
        "Diluted EPS": NaN,
        "Basic EPS": NaN,
        "Diluted NI Availto Com Stockholders": NaN,
        "Net Income Common Stockholders": NaN,
        "Otherunder Preferred Stock Dividend": 0.0,
        "Net Income": NaN,
        "Net Income Including Noncontrolling Interests": NaN,
        "Net Income Continuous Operations": NaN,
        "Tax Provision": NaN,
        "Pretax Income": NaN,
        "Other Income Expense": NaN,
        "Other Non Operating Income Expenses": NaN,
        "Special Income Charges": NaN,
        "Other Special Charges": NaN,
        "Net Non Operating Interest Income Expense": NaN,
        "Interest Expense Non Operating": NaN,
        "Interest Income Non Operating": NaN,
        "Operating Income": NaN,
        "Operating Expense": NaN,
        "Other Taxes": NaN,
        "Depreciation Amortization Depletion Income Statement": NaN,
        "Depreciation And Amortization In Income Statement": NaN,
        "Depreciation Income Statement": NaN,
        "Selling General And Administration": -8000000.0,
        "General And Administrative Expense": -8000000.0,
        "Salaries And Wages": -8000000.0,
        "Gross Profit": NaN,
        "Cost Of Revenue": NaN,
        "Total Revenue": NaN,
        "Operating Revenue": NaN
    },
    "2024-06-30": {
        "Tax Effect Of Unusual Items": NaN,
        "Tax Rate For Calcs": NaN,
        "Normalized EBITDA": NaN,
        "Total Unusual Items": NaN,
        "Total Unusual Items Excluding Goodwill": NaN,
        "Net Income From Continuing Operation Net Minority Interest": NaN,
        "Reconciled Depreciation": NaN,
        "Reconciled Cost Of Revenue": NaN,
        "EBITDA": NaN,
        "EBIT": NaN,
        "Net Interest Income": NaN,
        "Interest Expense": NaN,
        "Interest Income": NaN,
        "Normalized Income": NaN,
        "Net Income From Continuing And Discontinued Operation": NaN,
        "Total Expenses": NaN,
        "Total Operating Income As Reported": NaN,
        "Diluted Average Shares": NaN,
        "Basic Average Shares": NaN,
        "Diluted EPS": NaN,
        "Basic EPS": NaN,
        "Diluted NI Availto Com Stockholders": NaN,
        "Net Income Common Stockholders": NaN,
        "Otherunder Preferred Stock Dividend": NaN,
        "Net Income": NaN,
        "Net Income Including Noncontrolling Interests": NaN,
        "Net Income Continuous Operations": NaN,
        "Tax Provision": NaN,
        "Pretax Income": NaN,
        "Other Income Expense": NaN,
        "Other Non Operating Income Expenses": NaN,
        "Special Income Charges": NaN,
        "Other Special Charges": NaN,
        "Net Non Operating Interest Income Expense": NaN,
        "Interest Expense Non Operating": NaN,
        "Interest Income Non Operating": NaN,
        "Operating Income": NaN,
        "Operating Expense": NaN,
        "Other Taxes": NaN,
        "Depreciation Amortization Depletion Income Statement": NaN,
        "Depreciation And Amortization In Income Statement": NaN,
        "Depreciation Income Statement": NaN,
        "Selling General And Administration": -15000000.0,
        "General And Administrative Expense": -15000000.0,
        "Salaries And Wages": -15000000.0,
        "Gross Profit": NaN,
        "Cost Of Revenue": NaN,
        "Total Revenue": NaN,
        "Operating Revenue": NaN
    },
    "2024-09-30": {
        "Tax Effect Of Unusual Items": 2772058.823529,
        "Tax Rate For Calcs": 0.213235,
        "Normalized EBITDA": 783000000.0,
        "Total Unusual Items": 13000000.0,
        "Total Unusual Items Excluding Goodwill": 13000000.0,
        "Net Income From Continuing Operation Net Minority Interest": 214000000.0,
        "Reconciled Depreciation": 336000000.0,
        "Reconciled Cost Of Revenue": 1212000000.0,
        "EBITDA": 796000000.0,
        "EBIT": 460000000.0,
        "Net Interest Income": -178000000.0,
        "Interest Expense": 188000000.0,
        "Interest Income": 10000000.0,
        "Normalized Income": 203772058.823529,
        "Net Income From Continuing And Discontinued Operation": 214000000.0,
        "Total Expenses": 1638000000.0,
        "Total Operating Income As Reported": 428000000.0,
        "Diluted Average Shares": 739965000.0,
        "Basic Average Shares": 737773000.0,
        "Diluted EPS": 0.29,
        "Basic EPS": 0.29,
        "Diluted NI Availto Com Stockholders": 213000000.0,
        "Net Income Common Stockholders": 213000000.0,
        "Otherunder Preferred Stock Dividend": 1000000.0,
        "Net Income": 214000000.0,
        "Net Income Including Noncontrolling Interests": 214000000.0,
        "Net Income Continuous Operations": 214000000.0,
        "Tax Provision": 58000000.0,
        "Pretax Income": 272000000.0,
        "Other Income Expense": 22000000.0,
        "Other Non Operating Income Expenses": 9000000.0,
        "Special Income Charges": 13000000.0,
        "Other Special Charges": -13000000.0,
        "Net Non Operating Interest Income Expense": -178000000.0,
        "Interest Expense Non Operating": 188000000.0,
        "Interest Income Non Operating": 10000000.0,
        "Operating Income": 428000000.0,
        "Operating Expense": 412000000.0,
        "Other Taxes": 90000000.0,
        "Depreciation Amortization Depletion Income Statement": 322000000.0,
        "Depreciation And Amortization In Income Statement": 322000000.0,
        "Depreciation Income Statement": 322000000.0,
        "Selling General And Administration": NaN,
        "General And Administrative Expense": NaN,
        "Salaries And Wages": NaN,
        "Gross Profit": 840000000.0,
        "Cost Of Revenue": 1226000000.0,
        "Total Revenue": 2066000000.0,
        "Operating Revenue": 2066000000.0
    },
    "2024-12-31": {
        "Tax Effect Of Unusual Items": 2166666.666667,
        "Tax Rate For Calcs": 0.180556,
        "Normalized EBITDA": 732000000.0,
        "Total Unusual Items": 12000000.0,
        "Total Unusual Items Excluding Goodwill": 12000000.0,
        "Net Income From Continuing Operation Net Minority Interest": 177000000.0,
        "Reconciled Depreciation": 339000000.0,
        "Reconciled Cost Of Revenue": 1392000000.0,
        "EBITDA": 744000000.0,
        "EBIT": 405000000.0,
        "Net Interest Income": -181000000.0,
        "Interest Expense": 189000000.0,
        "Interest Income": 8000000.0,
        "Normalized Income": 167166666.666667,
        "Net Income From Continuing And Discontinued Operation": 177000000.0,
        "Total Expenses": 1834000000.0,
        "Total Operating Income As Reported": 377000000.0,
        "Diluted Average Shares": 741063000.0,
        "Basic Average Shares": 737989000.0,
        "Diluted EPS": 0.24,
        "Basic EPS": 0.24,
        "Diluted NI Availto Com Stockholders": 177000000.0,
        "Net Income Common Stockholders": 177000000.0,
        "Otherunder Preferred Stock Dividend": 0.0,
        "Net Income": 177000000.0,
        "Net Income Including Noncontrolling Interests": 177000000.0,
        "Net Income Continuous Operations": 177000000.0,
        "Tax Provision": 39000000.0,
        "Pretax Income": 216000000.0,
        "Other Income Expense": 20000000.0,
        "Other Non Operating Income Expenses": 8000000.0,
        "Special Income Charges": 12000000.0,
        "Other Special Charges": -12000000.0,
        "Net Non Operating Interest Income Expense": -181000000.0,
        "Interest Expense Non Operating": 189000000.0,
        "Interest Income Non Operating": 8000000.0,
        "Operating Income": 377000000.0,
        "Operating Expense": 425000000.0,
        "Other Taxes": 103000000.0,
        "Depreciation Amortization Depletion Income Statement": 322000000.0,
        "Depreciation And Amortization In Income Statement": 322000000.0,
        "Depreciation Income Statement": 322000000.0,
        "Selling General And Administration": NaN,
        "General And Administrative Expense": NaN,
        "Salaries And Wages": NaN,
        "Gross Profit": 802000000.0,
        "Cost Of Revenue": 1409000000.0,
        "Total Revenue": 2211000000.0,
        "Operating Revenue": 2211000000.0
    },
    "2025-03-31": {
        "Tax Effect Of Unusual Items": 3162790.697674,
        "Tax Rate For Calcs": 0.197674,
        "Normalized EBITDA": 1032000000.0,
        "Total Unusual Items": 16000000.0,
        "Total Unusual Items Excluding Goodwill": 16000000.0,
        "Net Income From Continuing Operation Net Minority Interest": 414000000.0,
        "Reconciled Depreciation": 342000000.0,
        "Reconciled Cost Of Revenue": 1371000000.0,
        "EBITDA": 1048000000.0,
        "EBIT": 706000000.0,
        "Net Interest Income": -185000000.0,
        "Interest Expense": 190000000.0,
        "Interest Income": 5000000.0,
        "Normalized Income": 401162790.697674,
        "Net Income From Continuing And Discontinued Operation": 414000000.0,
        "Total Expenses": 1826000000.0,
        "Total Operating Income As Reported": 678000000.0,
        "Diluted Average Shares": 741400000.0,
        "Basic Average Shares": 738691000.0,
        "Diluted EPS": 0.56,
        "Basic EPS": 0.56,
        "Diluted NI Availto Com Stockholders": 413000000.0,
        "Net Income Common Stockholders": 413000000.0,
        "Otherunder Preferred Stock Dividend": 1000000.0,
        "Net Income": 414000000.0,
        "Net Income Including Noncontrolling Interests": 414000000.0,
        "Net Income Continuous Operations": 414000000.0,
        "Tax Provision": 102000000.0,
        "Pretax Income": 516000000.0,
        "Other Income Expense": 23000000.0,
        "Other Non Operating Income Expenses": 7000000.0,
        "Special Income Charges": 16000000.0,
        "Other Special Charges": -16000000.0,
        "Net Non Operating Interest Income Expense": -185000000.0,
        "Interest Expense Non Operating": 190000000.0,
        "Interest Income Non Operating": 5000000.0,
        "Operating Income": 678000000.0,
        "Operating Expense": 435000000.0,
        "Other Taxes": 113000000.0,
        "Depreciation Amortization Depletion Income Statement": 322000000.0,
        "Depreciation And Amortization In Income Statement": 322000000.0,
        "Depreciation Income Statement": 322000000.0,
        "Selling General And Administration": NaN,
        "General And Administrative Expense": NaN,
        "Salaries And Wages": NaN,
        "Gross Profit": 1113000000.0,
        "Cost Of Revenue": 1391000000.0,
        "Total Revenue": 2504000000.0,
        "Operating Revenue": 2504000000.0
    },
    "2025-06-30": {
        "Tax Effect Of Unusual Items": 4086956.521739,
        "Tax Rate For Calcs": 0.204348,
        "Normalized EBITDA": 762000000.0,
        "Total Unusual Items": 20000000.0,
        "Total Unusual Items Excluding Goodwill": 20000000.0,
        "Net Income From Continuing Operation Net Minority Interest": 183000000.0,
        "Reconciled Depreciation": 353000000.0,
        "Reconciled Cost Of Revenue": 1165000000.0,
        "EBITDA": 782000000.0,
        "EBIT": 429000000.0,
        "Net Interest Income": -197000000.0,
        "Interest Expense": 199000000.0,
        "Interest Income": 2000000.0,
        "Normalized Income": 167086956.521739,
        "Net Income From Continuing And Discontinued Operation": 183000000.0,
        "Total Expenses": 1619000000.0,
        "Total Operating Income As Reported": 406000000.0,
        "Diluted Average Shares": 742541000.0,
        "Basic Average Shares": 739276000.0,
        "Diluted EPS": 0.25,
        "Basic EPS": 0.25,
        "Diluted NI Availto Com Stockholders": 183000000.0,
        "Net Income Common Stockholders": 183000000.0,
        "Otherunder Preferred Stock Dividend": NaN,
        "Net Income": 183000000.0,
        "Net Income Including Noncontrolling Interests": 183000000.0,
        "Net Income Continuous Operations": 183000000.0,
        "Tax Provision": 47000000.0,
        "Pretax Income": 230000000.0,
        "Other Income Expense": 21000000.0,
        "Other Non Operating Income Expenses": 1000000.0,
        "Special Income Charges": 20000000.0,
        "Other Special Charges": -20000000.0,
        "Net Non Operating Interest Income Expense": -197000000.0,
        "Interest Expense Non Operating": 199000000.0,
        "Interest Income Non Operating": 2000000.0,
        "Operating Income": 406000000.0,
        "Operating Expense": 425000000.0,
        "Other Taxes": 101000000.0,
        "Depreciation Amortization Depletion Income Statement": 324000000.0,
        "Depreciation And Amortization In Income Statement": 324000000.0,
        "Depreciation Income Statement": 324000000.0,
        "Selling General And Administration": NaN,
        "General And Administrative Expense": NaN,
        "Salaries And Wages": NaN,
        "Gross Profit": 831000000.0,
        "Cost Of Revenue": 1194000000.0,
        "Total Revenue": 2025000000.0,
        "Operating Revenue": 2025000000.0
    },
    "2025-09-30": {
        "Tax Effect Of Unusual Items": 4623115.577889,
        "Tax Rate For Calcs": 0.201005,
        "Normalized EBITDA": 940000000.0,
        "Total Unusual Items": 23000000.0,
        "Total Unusual Items Excluding Goodwill": 23000000.0,
        "Net Income From Continuing Operation Net Minority Interest": 318000000.0,
        "Reconciled Depreciation": 355000000.0,
        "Reconciled Cost Of Revenue": 1215000000.0,
        "EBITDA": 963000000.0,
        "EBIT": 608000000.0,
        "Net Interest Income": -204000000.0,
        "Interest Expense": 210000000.0,
        "Interest Income": 6000000.0,
        "Normalized Income": 299623115.577889,
        "Net Income From Continuing And Discontinued Operation": 318000000.0,
        "Total Expenses": 1670000000.0,
        "Total Operating Income As Reported": 569000000.0,
        "Diluted Average Shares": 744290000.0,
        "Basic Average Shares": 739525000.0,
        "Diluted EPS": 0.43,
        "Basic EPS": 0.43,
        "Diluted NI Availto Com Stockholders": 318000000.0,
        "Net Income Common Stockholders": 318000000.0,
        "Otherunder Preferred Stock Dividend": 0.0,
        "Net Income": 318000000.0,
        "Net Income Including Noncontrolling Interests": 318000000.0,
        "Net Income Continuous Operations": 318000000.0,
        "Tax Provision": 80000000.0,
        "Pretax Income": 398000000.0,
        "Other Income Expense": 33000000.0,
        "Other Non Operating Income Expenses": 10000000.0,
        "Special Income Charges": 23000000.0,
        "Other Special Charges": -23000000.0,
        "Net Non Operating Interest Income Expense": -204000000.0,
        "Interest Expense Non Operating": 210000000.0,
        "Interest Income Non Operating": 6000000.0,
        "Operating Income": 569000000.0,
        "Operating Expense": 431000000.0,
        "Other Taxes": 100000000.0,
        "Depreciation Amortization Depletion Income Statement": 331000000.0,
        "Depreciation And Amortization In Income Statement": 331000000.0,
        "Depreciation Income Statement": 331000000.0,
        "Selling General And Administration": NaN,
        "General And Administrative Expense": NaN,
        "Salaries And Wages": NaN,
        "Gross Profit": 1000000000.0,
        "Cost Of Revenue": 1239000000.0,
        "Total Revenue": 2239000000.0,
        "Operating Revenue": 2239000000.0
    }
}