{
    "2023-03-31": {
        "Tax Effect Of Unusual Items": NaN,
        "Tax Rate For Calcs": NaN,
        "Normalized EBITDA": NaN,
        "Total Unusual Items": NaN,
        "Total Unusual Items Excluding Goodwill": NaN,
        "Net Income From Continuing Operation Net Minority Interest": NaN,
        "Reconciled Depreciation": NaN,
        "Reconciled Cost Of Revenue": NaN,
        "EBITDA": NaN,
        "EBIT": NaN,
        "Net Interest Income": NaN,
        "Interest Expense": NaN,
        "Normalized Income": NaN,
        "Net Income From Continuing And Discontinued Operation": NaN,
        "Total Expenses": NaN,
        "Total Operating Income As Reported": NaN,
        "Diluted Average Shares": NaN,
        "Basic Average Shares": NaN,
        "Diluted EPS": NaN,
        "Basic EPS": NaN,
        "Diluted NI Availto Com Stockholders": NaN,
        "Net Income Common Stockholders": NaN,
        "Otherunder Preferred Stock Dividend": -1375000.0,
        "Net Income": NaN,
        "Minority Interests": NaN,
        "Net Income Including Noncontrolling Interests": NaN,
        "Net Income Continuous Operations": NaN,
        "Tax Provision": NaN,
        "Pretax Income": NaN,
        "Other Income Expense": NaN,
        "Other Non Operating Income Expenses": NaN,
        "Special Income Charges": NaN,
        "Gain On Sale Of Ppe": NaN,
        "Other Special Charges": NaN,
        "Impairment Of Capital Assets": NaN,
        "Restructuring And Mergern Acquisition": NaN,
        "Gain On Sale Of Security": NaN,
        "Net Non Operating Interest Income Expense": NaN,
        "Total Other Finance Cost": NaN,
        "Interest Expense Non Operating": NaN,
        "Operating Income": NaN,
        "Operating Expense": NaN,
        "Other Operating Expenses": NaN,
        "Other Taxes": 48509000.0,
        "Selling General And Administration": NaN,
        "General And Administrative Expense": NaN,
        "Other Gand A": NaN,
        "Salaries And Wages": NaN,
        "Gross Profit": NaN,
        "Cost Of Revenue": NaN,
        "Total Revenue": NaN,
        "Operating Revenue": NaN
    },
    "2022-12-31": {
        "Tax Effect Of Unusual Items": NaN,
        "Tax Rate For Calcs": NaN,
        "Normalized EBITDA": NaN,
        "Total Unusual Items": NaN,
        "Total Unusual Items Excluding Goodwill": NaN,
        "Net Income From Continuing Operation Net Minority Interest": NaN,
        "Reconciled Depreciation": NaN,
        "Reconciled Cost Of Revenue": NaN,
        "EBITDA": NaN,
        "EBIT": NaN,
        "Net Interest Income": NaN,
        "Interest Expense": NaN,
        "Normalized Income": NaN,
        "Net Income From Continuing And Discontinued Operation": NaN,
        "Total Expenses": NaN,
        "Total Operating Income As Reported": NaN,
        "Diluted Average Shares": NaN,
        "Basic Average Shares": NaN,
        "Diluted EPS": NaN,
        "Basic EPS": NaN,
        "Diluted NI Availto Com Stockholders": NaN,
        "Net Income Common Stockholders": NaN,
        "Otherunder Preferred Stock Dividend": NaN,
        "Net Income": NaN,
        "Minority Interests": NaN,
        "Net Income Including Noncontrolling Interests": NaN,
        "Net Income Continuous Operations": NaN,
        "Tax Provision": NaN,
        "Pretax Income": NaN,
        "Other Income Expense": NaN,
        "Other Non Operating Income Expenses": NaN,
        "Special Income Charges": NaN,
        "Gain On Sale Of Ppe": NaN,
        "Other Special Charges": NaN,
        "Impairment Of Capital Assets": NaN,
        "Restructuring And Mergern Acquisition": NaN,
        "Gain On Sale Of Security": NaN,
        "Net Non Operating Interest Income Expense": NaN,
        "Total Other Finance Cost": NaN,
        "Interest Expense Non Operating": NaN,
        "Operating Income": NaN,
        "Operating Expense": NaN,
        "Other Operating Expenses": NaN,
        "Other Taxes": 54233000.0,
        "Selling General And Administration": NaN,
        "General And Administrative Expense": NaN,
        "Other Gand A": NaN,
        "Salaries And Wages": NaN,
        "Gross Profit": NaN,
        "Cost Of Revenue": NaN,
        "Total Revenue": NaN,
        "Operating Revenue": NaN
    },
    "2022-09-30": {
        "Tax Effect Of Unusual Items": NaN,
        "Tax Rate For Calcs": NaN,
        "Normalized EBITDA": NaN,
        "Total Unusual Items": NaN,
        "Total Unusual Items Excluding Goodwill": NaN,
        "Net Income From Continuing Operation Net Minority Interest": NaN,
        "Reconciled Depreciation": NaN,
        "Reconciled Cost Of Revenue": NaN,
        "EBITDA": NaN,
        "EBIT": NaN,
        "Net Interest Income": NaN,
        "Interest Expense": NaN,
        "Normalized Income": NaN,
        "Net Income From Continuing And Discontinued Operation": NaN,
        "Total Expenses": NaN,
        "Total Operating Income As Reported": NaN,
        "Diluted Average Shares": NaN,
        "Basic Average Shares": NaN,
        "Diluted EPS": NaN,
        "Basic EPS": NaN,
        "Diluted NI Availto Com Stockholders": NaN,
        "Net Income Common Stockholders": NaN,
        "Otherunder Preferred Stock Dividend": NaN,
        "Net Income": NaN,
        "Minority Interests": NaN,
        "Net Income Including Noncontrolling Interests": NaN,
        "Net Income Continuous Operations": NaN,
        "Tax Provision": NaN,
        "Pretax Income": NaN,
        "Other Income Expense": NaN,
        "Other Non Operating Income Expenses": NaN,
        "Special Income Charges": NaN,
        "Gain On Sale Of Ppe": NaN,
        "Impairment Of Capital Assets": NaN,
        "Restructuring And Mergern Acquisition": NaN,
        "Gain On Sale Of Security": NaN,
        "Net Non Operating Interest Income Expense": NaN,
        "Total Other Finance Cost": NaN,
        "Interest Expense Non Operating": NaN,
        "Operating Income": NaN,
        "Operating Expense": NaN,
        "Other Operating Expenses": NaN,
        "Other Taxes": 41745000.0,
        "Selling General And Administration": NaN,
        "General And Administrative Expense": NaN,
        "Other Gand A": NaN,
        "Salaries And Wages": NaN,
        "Gross Profit": NaN,
        "Cost Of Revenue": NaN,
        "Total Revenue": NaN,
        "Operating Revenue": NaN
    },
    "2022-06-30": {
        "Tax Effect Of Unusual Items": -7420478.057374,
        "Tax Rate For Calcs": 0.177817,
        "Normalized EBITDA": 289370000.0,
        "Total Unusual Items": -41731000.0,
        "Total Unusual Items Excluding Goodwill": -41731000.0,
        "Net Income From Continuing Operation Net Minority Interest": 191826000.0,
        "Reconciled Depreciation": 82117000.0,
        "Reconciled Cost Of Revenue": 136773000.0,
        "EBITDA": 247639000.0,
        "EBIT": 247639000.0,
        "Net Interest Income": -14326000.0,
        "Interest Expense": 14326000.0,
        "Normalized Income": 226136521.942626,
        "Net Income From Continuing And Discontinued Operation": 191826000.0,
        "Total Expenses": 183369000.0,
        "Total Operating Income As Reported": 281688000.0,
        "Diluted Average Shares": 320104000.0,
        "Basic Average Shares": 284992000.0,
        "Diluted EPS": 0.6,
        "Basic EPS": 0.67,
        "Diluted NI Availto Com Stockholders": 191826000.0,
        "Net Income Common Stockholders": 191826000.0,
        "Otherunder Preferred Stock Dividend": NaN,
        "Net Income": 191826000.0,
        "Minority Interests": NaN,
        "Net Income Including Noncontrolling Interests": 191826000.0,
        "Net Income Continuous Operations": 191826000.0,
        "Tax Provision": 41487000.0,
        "Pretax Income": 233313000.0,
        "Other Income Expense": -41646000.0,
        "Other Non Operating Income Expenses": 85000.0,
        "Special Income Charges": -7597000.0,
        "Gain On Sale Of Ppe": -1406000.0,
        "Impairment Of Capital Assets": 506000.0,
        "Restructuring And Mergern Acquisition": 5685000.0,
        "Gain On Sale Of Security": -34134000.0,
        "Net Non Operating Interest Income Expense": -14326000.0,
        "Total Other Finance Cost": 2734000.0,
        "Interest Expense Non Operating": 14326000.0,
        "Operating Income": 289285000.0,
        "Operating Expense": 46596000.0,
        "Other Operating Expenses": 1954000.0,
        "Other Taxes": 34695000.0,
        "Selling General And Administration": 9947000.0,
        "General And Administrative Expense": 9947000.0,
        "Other Gand A": 9947000.0,
        "Salaries And Wages": -1936000.0,
        "Gross Profit": 335881000.0,
        "Cost Of Revenue": 136773000.0,
        "Total Revenue": 472654000.0,
        "Operating Revenue": 472654000.0
    },
    "2023-06-30": {
        "Tax Effect Of Unusual Items": NaN,
        "Tax Rate For Calcs": NaN,
        "Normalized EBITDA": NaN,
        "Total Unusual Items": NaN,
        "Total Unusual Items Excluding Goodwill": NaN,
        "Net Income From Continuing Operation Net Minority Interest": NaN,
        "Reconciled Depreciation": NaN,
        "Reconciled Cost Of Revenue": NaN,
        "EBITDA": NaN,
        "EBIT": NaN,
        "Net Interest Income": NaN,
        "Interest Expense": NaN,
        "Normalized Income": NaN,
        "Net Income From Continuing And Discontinued Operation": NaN,
        "Total Expenses": NaN,
        "Total Operating Income As Reported": NaN,
        "Diluted Average Shares": NaN,
        "Basic Average Shares": NaN,
        "Diluted EPS": NaN,
        "Basic EPS": NaN,
        "Diluted NI Availto Com Stockholders": NaN,
        "Net Income Common Stockholders": NaN,
        "Otherunder Preferred Stock Dividend": -1376000.0,
        "Net Income": NaN,
        "Minority Interests": NaN,
        "Net Income Including Noncontrolling Interests": NaN,
        "Net Income Continuous Operations": NaN,
        "Tax Provision": NaN,
        "Pretax Income": NaN,
        "Other Income Expense": NaN,
        "Other Non Operating Income Expenses": NaN,
        "Special Income Charges": NaN,
        "Gain On Sale Of Ppe": NaN,
        "Other Special Charges": NaN,
        "Impairment Of Capital Assets": NaN,
        "Restructuring And Mergern Acquisition": NaN,
        "Gain On Sale Of Security": NaN,
        "Net Non Operating Interest Income Expense": NaN,
        "Total Other Finance Cost": NaN,
        "Interest Expense Non Operating": NaN,
        "Operating Income": NaN,
        "Operating Expense": NaN,
        "Other Operating Expenses": NaN,
        "Other Taxes": 48927000.0,
        "Selling General And Administration": NaN,
        "General And Administrative Expense": NaN,
        "Other Gand A": NaN,
        "Salaries And Wages": NaN,
        "Gross Profit": NaN,
        "Cost Of Revenue": NaN,
        "Total Revenue": NaN,
        "Operating Revenue": NaN
    },
    "2023-09-30": {
        "Tax Effect Of Unusual Items": NaN,
        "Tax Rate For Calcs": NaN,
        "Normalized EBITDA": NaN,
        "Total Unusual Items": NaN,
        "Total Unusual Items Excluding Goodwill": NaN,
        "Net Income From Continuing Operation Net Minority Interest": NaN,
        "Reconciled Depreciation": NaN,
        "Reconciled Cost Of Revenue": NaN,
        "EBITDA": NaN,
        "EBIT": NaN,
        "Net Interest Income": NaN,
        "Interest Expense": NaN,
        "Normalized Income": NaN,
        "Net Income From Continuing And Discontinued Operation": NaN,
        "Total Expenses": NaN,
        "Total Operating Income As Reported": NaN,
        "Diluted Average Shares": NaN,
        "Basic Average Shares": NaN,
        "Diluted EPS": NaN,
        "Basic EPS": NaN,
        "Diluted NI Availto Com Stockholders": NaN,
        "Net Income Common Stockholders": NaN,
        "Otherunder Preferred Stock Dividend": -1374000.0,
        "Net Income": NaN,
        "Minority Interests": NaN,
        "Net Income Including Noncontrolling Interests": NaN,
        "Net Income Continuous Operations": NaN,
        "Tax Provision": NaN,
        "Pretax Income": NaN,
        "Other Income Expense": NaN,
        "Other Non Operating Income Expenses": NaN,
        "Special Income Charges": NaN,
        "Gain On Sale Of Ppe": NaN,
        "Other Special Charges": NaN,
        "Impairment Of Capital Assets": NaN,
        "Restructuring And Mergern Acquisition": NaN,
        "Gain On Sale Of Security": NaN,
        "Net Non Operating Interest Income Expense": NaN,
        "Total Other Finance Cost": NaN,
        "Interest Expense Non Operating": NaN,
        "Operating Income": NaN,
        "Operating Expense": NaN,
        "Other Operating Expenses": NaN,
        "Other Taxes": 58942000.0,
        "Selling General And Administration": NaN,
        "General And Administrative Expense": NaN,
        "Other Gand A": NaN,
        "Salaries And Wages": NaN,
        "Gross Profit": NaN,
        "Cost Of Revenue": NaN,
        "Total Revenue": NaN,
        "Operating Revenue": NaN
    },
    "2023-12-31": {
        "Tax Effect Of Unusual Items": NaN,
        "Tax Rate For Calcs": NaN,
        "Normalized EBITDA": NaN,
        "Total Unusual Items": NaN,
        "Total Unusual Items Excluding Goodwill": NaN,
        "Net Income From Continuing Operation Net Minority Interest": NaN,
        "Reconciled Depreciation": NaN,
        "Reconciled Cost Of Revenue": NaN,
        "EBITDA": NaN,
        "EBIT": NaN,
        "Net Interest Income": NaN,
        "Interest Expense": NaN,
        "Normalized Income": NaN,
        "Net Income From Continuing And Discontinued Operation": NaN,
        "Total Expenses": NaN,
        "Total Operating Income As Reported": NaN,
        "Diluted Average Shares": NaN,
        "Basic Average Shares": NaN,
        "Diluted EPS": NaN,
        "Basic EPS": NaN,
        "Diluted NI Availto Com Stockholders": NaN,
        "Net Income Common Stockholders": NaN,
        "Otherunder Preferred Stock Dividend": -1317000.0,
        "Net Income": NaN,
        "Minority Interests": NaN,
        "Net Income Including Noncontrolling Interests": NaN,
        "Net Income Continuous Operations": NaN,
        "Tax Provision": NaN,
        "Pretax Income": NaN,
        "Other Income Expense": NaN,
        "Other Non Operating Income Expenses": NaN,
        "Special Income Charges": NaN,
        "Gain On Sale Of Ppe": NaN,
        "Other Special Charges": NaN,
        "Impairment Of Capital Assets": NaN,
        "Restructuring And Mergern Acquisition": NaN,
        "Gain On Sale Of Security": NaN,
        "Net Non Operating Interest Income Expense": NaN,
        "Total Other Finance Cost": NaN,
        "Interest Expense Non Operating": NaN,
        "Operating Income": NaN,
        "Operating Expense": NaN,
        "Other Operating Expenses": NaN,
        "Selling General And Administration": NaN,
        "General And Administrative Expense": NaN,
        "Other Gand A": NaN,
        "Salaries And Wages": NaN,
        "Gross Profit": NaN,
        "Cost Of Revenue": NaN,
        "Total Revenue": NaN,
        "Operating Revenue": NaN
    },
    "2024-03-31": {
        "Tax Effect Of Unusual Items": NaN,
        "Tax Rate For Calcs": NaN,
        "Normalized EBITDA": NaN,
        "Total Unusual Items": NaN,
        "Total Unusual Items Excluding Goodwill": NaN,
        "Net Income From Continuing Operation Net Minority Interest": NaN,
        "Reconciled Depreciation": NaN,
        "Reconciled Cost Of Revenue": NaN,
        "EBITDA": NaN,
        "EBIT": NaN,
        "Net Interest Income": NaN,
        "Interest Expense": NaN,
        "Normalized Income": NaN,
        "Net Income From Continuing And Discontinued Operation": NaN,
        "Total Expenses": NaN,
        "Total Operating Income As Reported": NaN,
        "Diluted Average Shares": NaN,
        "Basic Average Shares": NaN,
        "Diluted EPS": NaN,
        "Basic EPS": NaN,
        "Diluted NI Availto Com Stockholders": NaN,
        "Net Income Common Stockholders": NaN,
        "Otherunder Preferred Stock Dividend": -1322000.0,
        "Net Income": NaN,
        "Minority Interests": NaN,
        "Net Income Including Noncontrolling Interests": NaN,
        "Net Income Continuous Operations": NaN,
        "Tax Provision": NaN,
        "Pretax Income": NaN,
        "Other Income Expense": NaN,
        "Other Non Operating Income Expenses": NaN,
        "Special Income Charges": NaN,
        "Gain On Sale Of Ppe": NaN,
        "Other Special Charges": NaN,
        "Impairment Of Capital Assets": NaN,
        "Restructuring And Mergern Acquisition": NaN,
        "Gain On Sale Of Security": NaN,
        "Net Non Operating Interest Income Expense": NaN,
        "Total Other Finance Cost": NaN,
        "Interest Expense Non Operating": NaN,
        "Operating Income": NaN,
        "Operating Expense": NaN,
        "Other Operating Expenses": NaN,
        "Selling General And Administration": NaN,
        "General And Administrative Expense": NaN,
        "Other Gand A": NaN,
        "Salaries And Wages": NaN,
        "Gross Profit": NaN,
        "Cost Of Revenue": NaN,
        "Total Revenue": NaN,
        "Operating Revenue": NaN
    },
    "2024-06-30": {
        "Tax Effect Of Unusual Items": NaN,
        "Tax Rate For Calcs": NaN,
        "Normalized EBITDA": NaN,
        "Total Unusual Items": NaN,
        "Total Unusual Items Excluding Goodwill": NaN,
        "Net Income From Continuing Operation Net Minority Interest": NaN,
        "Reconciled Depreciation": NaN,
        "Reconciled Cost Of Revenue": NaN,
        "EBITDA": NaN,
        "EBIT": NaN,
        "Net Interest Income": NaN,
        "Interest Expense": NaN,
        "Normalized Income": NaN,
        "Net Income From Continuing And Discontinued Operation": NaN,
        "Total Expenses": NaN,
        "Total Operating Income As Reported": NaN,
        "Diluted Average Shares": NaN,
        "Basic Average Shares": NaN,
        "Diluted EPS": NaN,
        "Basic EPS": NaN,
        "Diluted NI Availto Com Stockholders": NaN,
        "Net Income Common Stockholders": NaN,
        "Otherunder Preferred Stock Dividend": NaN,
        "Net Income": NaN,
        "Minority Interests": NaN,
        "Net Income Including Noncontrolling Interests": NaN,
        "Net Income Continuous Operations": NaN,
        "Tax Provision": NaN,
        "Pretax Income": NaN,
        "Other Income Expense": NaN,
        "Other Non Operating Income Expenses": NaN,
        "Special Income Charges": NaN,
        "Gain On Sale Of Ppe": NaN,
        "Other Special Charges": 3475000.0,
        "Impairment Of Capital Assets": NaN,
        "Restructuring And Mergern Acquisition": NaN,
        "Gain On Sale Of Security": NaN,
        "Net Non Operating Interest Income Expense": NaN,
        "Total Other Finance Cost": NaN,
        "Interest Expense Non Operating": NaN,
        "Operating Income": NaN,
        "Operating Expense": NaN,
        "Other Operating Expenses": NaN,
        "Selling General And Administration": NaN,
        "General And Administrative Expense": NaN,
        "Other Gand A": NaN,
        "Salaries And Wages": 22463000.0,
        "Gross Profit": NaN,
        "Cost Of Revenue": NaN,
        "Total Revenue": NaN,
        "Operating Revenue": NaN
    },
    "2024-09-30": {
        "Tax Effect Of Unusual Items": 26631230.529578,
        "Tax Rate For Calcs": 0.18911,
        "Normalized EBITDA": 948846000.0,
        "Total Unusual Items": 140824000.0,
        "Total Unusual Items Excluding Goodwill": 140824000.0,
        "Net Income From Continuing Operation Net Minority Interest": 386376000.0,
        "Reconciled Depreciation": 453603000.0,
        "Reconciled Cost Of Revenue": 677078000.0,
        "EBITDA": 1089670000.0,
        "EBIT": 636067000.0,
        "Net Interest Income": -74824000.0,
        "Interest Expense": 73072000.0,
        "Normalized Income": 272183230.529578,
        "Net Income From Continuing And Discontinued Operation": 386376000.0,
        "Total Expenses": 727823000.0,
        "Total Operating Income As Reported": 395149000.0,
        "Diluted Average Shares": 736239000.0,
        "Basic Average Shares": 693692000.0,
        "Diluted EPS": 0.53,
        "Basic EPS": 0.56,
        "Diluted NI Availto Com Stockholders": 386376000.0,
        "Net Income Common Stockholders": 386376000.0,
        "Otherunder Preferred Stock Dividend": NaN,
        "Net Income": 386376000.0,
        "Minority Interests": -70151000.0,
        "Net Income Including Noncontrolling Interests": 456527000.0,
        "Net Income Continuous Operations": 456527000.0,
        "Tax Provision": 106468000.0,
        "Pretax Income": 562995000.0,
        "Other Income Expense": 150071000.0,
        "Other Non Operating Income Expenses": 9247000.0,
        "Special Income Charges": -97709000.0,
        "Gain On Sale Of Ppe": 329000.0,
        "Other Special Charges": 5110000.0,
        "Impairment Of Capital Assets": 1380000.0,
        "Restructuring And Mergern Acquisition": 91548000.0,
        "Gain On Sale Of Security": 238533000.0,
        "Net Non Operating Interest Income Expense": -74824000.0,
        "Total Other Finance Cost": 1752000.0,
        "Interest Expense Non Operating": 73072000.0,
        "Operating Income": 487748000.0,
        "Operating Expense": 50745000.0,
        "Other Operating Expenses": 6962000.0,
        "Selling General And Administration": 43783000.0,
        "General And Administrative Expense": 43783000.0,
        "Other Gand A": 43783000.0,
        "Salaries And Wages": 13537000.0,
        "Gross Profit": 538493000.0,
        "Cost Of Revenue": 677078000.0,
        "Total Revenue": 1215571000.0,
        "Operating Revenue": 1215571000.0
    },
    "2024-12-31": {
        "Tax Effect Of Unusual Items": -26752969.801084,
        "Tax Rate For Calcs": 0.19692,
        "Normalized EBITDA": 1015416000.0,
        "Total Unusual Items": -135857000.0,
        "Total Unusual Items Excluding Goodwill": -135857000.0,
        "Net Income From Continuing Operation Net Minority Interest": 216650000.0,
        "Reconciled Depreciation": 486463000.0,
        "Reconciled Cost Of Revenue": 720620000.0,
        "EBITDA": 879559000.0,
        "EBIT": 393096000.0,
        "Net Interest Income": -76783000.0,
        "Interest Expense": 74972000.0,
        "Normalized Income": 325754030.198916,
        "Net Income From Continuing And Discontinued Operation": 216650000.0,
        "Total Expenses": 771728000.0,
        "Total Operating Income As Reported": 425212000.0,
        "Diluted Average Shares": 746693000.0,
        "Basic Average Shares": 702968000.0,
        "Diluted EPS": 0.29,
        "Basic EPS": 0.31,
        "Diluted NI Availto Com Stockholders": 221832000.0,
        "Net Income Common Stockholders": 221832000.0,
        "Otherunder Preferred Stock Dividend": NaN,
        "Net Income": 216650000.0,
        "Minority Interests": -38829000.0,
        "Net Income Including Noncontrolling Interests": 255479000.0,
        "Net Income Continuous Operations": 255479000.0,
        "Tax Provision": 62645000.0,
        "Pretax Income": 318124000.0,
        "Other Income Expense": -129446000.0,
        "Other Non Operating Income Expenses": 6411000.0,
        "Special Income Charges": -99141000.0,
        "Gain On Sale Of Ppe": -66000.0,
        "Other Special Charges": 0.0,
        "Impairment Of Capital Assets": 2128000.0,
        "Restructuring And Mergern Acquisition": 96947000.0,
        "Gain On Sale Of Security": -36716000.0,
        "Net Non Operating Interest Income Expense": -76783000.0,
        "Total Other Finance Cost": 1811000.0,
        "Interest Expense Non Operating": 74972000.0,
        "Operating Income": 524353000.0,
        "Operating Expense": 51108000.0,
        "Other Operating Expenses": 6363000.0,
        "Selling General And Administration": 44745000.0,
        "General And Administrative Expense": 44745000.0,
        "Other Gand A": 31596000.0,
        "Salaries And Wages": 13149000.0,
        "Gross Profit": 575461000.0,
        "Cost Of Revenue": 720620000.0,
        "Total Revenue": 1296081000.0,
        "Operating Revenue": 1296081000.0
    },
    "2025-03-31": {
        "Tax Effect Of Unusual Items": -12528439.159335,
        "Tax Rate For Calcs": 0.204389,
        "Normalized EBITDA": 1098097000.0,
        "Total Unusual Items": -61297000.0,
        "Total Unusual Items Excluding Goodwill": -61297000.0,
        "Net Income From Continuing Operation Net Minority Interest": 329298000.0,
        "Reconciled Depreciation": 474203000.0,
        "Reconciled Cost Of Revenue": 700480000.0,
        "EBITDA": 1036800000.0,
        "EBIT": 562597000.0,
        "Net Interest Income": -73839000.0,
        "Interest Expense": 71700000.0,
        "Normalized Income": 378066560.840665,
        "Net Income From Continuing And Discontinued Operation": 329298000.0,
        "Total Expenses": 758786000.0,
        "Total Operating Income As Reported": 504463000.0,
        "Diluted Average Shares": 748197000.0,
        "Basic Average Shares": 704035000.0,
        "Diluted EPS": 0.44,
        "Basic EPS": 0.47,
        "Diluted NI Availto Com Stockholders": 330581000.0,
        "Net Income Common Stockholders": 330581000.0,
        "Otherunder Preferred Stock Dividend": -1283000.0,
        "Net Income": 329298000.0,
        "Minority Interests": -61265000.0,
        "Net Income Including Noncontrolling Interests": 390563000.0,
        "Net Income Continuous Operations": 390563000.0,
        "Tax Provision": 100334000.0,
        "Pretax Income": 490897000.0,
        "Other Income Expense": -52929000.0,
        "Other Non Operating Income Expenses": 8368000.0,
        "Special Income Charges": -119028000.0,
        "Gain On Sale Of Ppe": 0.0,
        "Other Special Charges": 5826000.0,
        "Impairment Of Capital Assets": 5209000.0,
        "Restructuring And Mergern Acquisition": 107993000.0,
        "Gain On Sale Of Security": 57731000.0,
        "Net Non Operating Interest Income Expense": -73839000.0,
        "Total Other Finance Cost": 2139000.0,
        "Interest Expense Non Operating": 71700000.0,
        "Operating Income": 617665000.0,
        "Operating Expense": 58306000.0,
        "Other Operating Expenses": 15250000.0,
        "Selling General And Administration": 43056000.0,
        "General And Administrative Expense": 43056000.0,
        "Other Gand A": 26857000.0,
        "Salaries And Wages": 16199000.0,
        "Gross Profit": 675971000.0,
        "Cost Of Revenue": 700480000.0,
        "Total Revenue": 1376451000.0,
        "Operating Revenue": 1376451000.0
    },
    "2025-06-30": {
        "Tax Effect Of Unusual Items": -4482023.830352,
        "Tax Rate For Calcs": 0.203202,
        "Normalized EBITDA": 906584000.0,
        "Total Unusual Items": -22057000.0,
        "Total Unusual Items Excluding Goodwill": -22057000.0,
        "Net Income From Continuing Operation Net Minority Interest": 207137000.0,
        "Reconciled Depreciation": 506410000.0,
        "Reconciled Cost Of Revenue": 750136000.0,
        "EBITDA": 884527000.0,
        "EBIT": 378117000.0,
        "Net Interest Income": -72770000.0,
        "Interest Expense": 70610000.0,
        "Normalized Income": 224711976.169648,
        "Net Income From Continuing And Discontinued Operation": 207137000.0,
        "Total Expenses": 805035000.0,
        "Total Operating Income As Reported": 297485000.0,
        "Diluted Average Shares": 746024000.0,
        "Basic Average Shares": 701353000.0,
        "Diluted EPS": 0.28,
        "Basic EPS": 0.3,
        "Diluted NI Availto Com Stockholders": 207137000.0,
        "Net Income Common Stockholders": 207137000.0,
        "Otherunder Preferred Stock Dividend": NaN,
        "Net Income": 207137000.0,
        "Minority Interests": -37884000.0,
        "Net Income Including Noncontrolling Interests": 245021000.0,
        "Net Income Continuous Operations": 245021000.0,
        "Tax Provision": 62486000.0,
        "Pretax Income": 307507000.0,
        "Other Income Expense": -12284000.0,
        "Other Non Operating Income Expenses": 9773000.0,
        "Special Income Charges": -95076000.0,
        "Gain On Sale Of Ppe": 0.0,
        "Other Special Charges": NaN,
        "Impairment Of Capital Assets": 146000.0,
        "Restructuring And Mergern Acquisition": 94930000.0,
        "Gain On Sale Of Security": 73019000.0,
        "Net Non Operating Interest Income Expense": -72770000.0,
        "Total Other Finance Cost": 2160000.0,
        "Interest Expense Non Operating": 70610000.0,
        "Operating Income": 392561000.0,
        "Operating Expense": 54899000.0,
        "Other Operating Expenses": 5060000.0,
        "Selling General And Administration": 49839000.0,
        "General And Administrative Expense": 49839000.0,
        "Other Gand A": 30546000.0,
        "Salaries And Wages": 19293000.0,
        "Gross Profit": 447460000.0,
        "Cost Of Revenue": 750136000.0,
        "Total Revenue": 1197596000.0,
        "Operating Revenue": 1197596000.0
    },
    "2025-09-30": {
        "Tax Effect Of Unusual Items": -55085520.0,
        "Tax Rate For Calcs": 0.21,
        "Normalized EBITDA": 1025454000.0,
        "Total Unusual Items": -262312000.0,
        "Total Unusual Items Excluding Goodwill": -262312000.0,
        "Net Income From Continuing Operation Net Minority Interest": 59234000.0,
        "Reconciled Depreciation": 526915000.0,
        "Reconciled Cost Of Revenue": 772224000.0,
        "EBITDA": 763142000.0,
        "EBIT": 236227000.0,
        "Net Interest Income": -69386000.0,
        "Interest Expense": 67372000.0,
        "Normalized Income": 266460480.0,
        "Net Income From Continuing And Discontinued Operation": 59234000.0,
        "Total Expenses": 827120000.0,
        "Total Operating Income As Reported": 390944000.0,
        "Diluted Average Shares": 727693000.0,
        "Basic Average Shares": 712282000.0,
        "Diluted EPS": 0.08,
        "Basic EPS": 0.08,
        "Diluted NI Availto Com Stockholders": 59234000.0,
        "Net Income Common Stockholders": 59234000.0,
        "Otherunder Preferred Stock Dividend": NaN,
        "Net Income": 59234000.0,
        "Minority Interests": -22227000.0,
        "Net Income Including Noncontrolling Interests": 81461000.0,
        "Net Income Continuous Operations": 81461000.0,
        "Tax Provision": 87394000.0,
        "Pretax Income": 168855000.0,
        "Other Income Expense": -256435000.0,
        "Other Non Operating Income Expenses": 5877000.0,
        "Special Income Charges": -368026000.0,
        "Gain On Sale Of Ppe": 0.0,
        "Other Special Charges": 264294000.0,
        "Impairment Of Capital Assets": 2251000.0,
        "Restructuring And Mergern Acquisition": 101481000.0,
        "Gain On Sale Of Security": 105714000.0,
        "Net Non Operating Interest Income Expense": -69386000.0,
        "Total Other Finance Cost": 2014000.0,
        "Interest Expense Non Operating": 67372000.0,
        "Operating Income": 494676000.0,
        "Operating Expense": 54896000.0,
        "Other Operating Expenses": 4933000.0,
        "Selling General And Administration": 49963000.0,
        "General And Administrative Expense": 49963000.0,
        "Other Gand A": 49963000.0,
        "Salaries And Wages": NaN,
        "Gross Profit": 549572000.0,
        "Cost Of Revenue": 772224000.0,
        "Total Revenue": 1321796000.0,
        "Operating Revenue": 1321796000.0
    }
}