{
    "2023-03-31": {
        "Tax Effect Of Unusual Items": NaN,
        "Tax Rate For Calcs": NaN,
        "Normalized EBITDA": NaN,
        "Net Income From Continuing Operation Net Minority Interest": NaN,
        "Reconciled Depreciation": NaN,
        "EBITDA": NaN,
        "EBIT": NaN,
        "Normalized Income": NaN,
        "Net Income From Continuing And Discontinued Operation": NaN,
        "Total Expenses": NaN,
        "Total Operating Income As Reported": NaN,
        "Diluted Average Shares": 3540185.0,
        "Basic Average Shares": 3540185.0,
        "Diluted EPS": -10.58,
        "Basic EPS": -10.58,
        "Diluted NI Availto Com Stockholders": NaN,
        "Net Income Common Stockholders": NaN,
        "Net Income": NaN,
        "Net Income Including Noncontrolling Interests": NaN,
        "Net Income Continuous Operations": NaN,
        "Pretax Income": NaN,
        "Other Income Expense": NaN,
        "Other Non Operating Income Expenses": NaN,
        "Operating Income": NaN,
        "Operating Expense": NaN,
        "Research And Development": NaN,
        "Selling General And Administration": NaN,
        "General And Administrative Expense": NaN,
        "Other Gand A": NaN,
        "Total Revenue": NaN,
        "Operating Revenue": NaN
    },
    "2022-12-31": {
        "Tax Effect Of Unusual Items": NaN,
        "Tax Rate For Calcs": NaN,
        "Normalized EBITDA": NaN,
        "Net Income From Continuing Operation Net Minority Interest": NaN,
        "Reconciled Depreciation": NaN,
        "EBITDA": NaN,
        "EBIT": NaN,
        "Normalized Income": NaN,
        "Net Income From Continuing And Discontinued Operation": NaN,
        "Total Expenses": NaN,
        "Total Operating Income As Reported": NaN,
        "Diluted Average Shares": 3172988.0,
        "Basic Average Shares": 3172988.0,
        "Diluted EPS": -13.05,
        "Basic EPS": -13.05,
        "Diluted NI Availto Com Stockholders": NaN,
        "Net Income Common Stockholders": NaN,
        "Net Income": NaN,
        "Net Income Including Noncontrolling Interests": NaN,
        "Net Income Continuous Operations": NaN,
        "Pretax Income": NaN,
        "Other Income Expense": NaN,
        "Other Non Operating Income Expenses": NaN,
        "Operating Income": NaN,
        "Operating Expense": NaN,
        "Research And Development": NaN,
        "Selling General And Administration": NaN,
        "General And Administrative Expense": NaN,
        "Other Gand A": NaN,
        "Total Revenue": NaN,
        "Operating Revenue": NaN
    },
    "2022-09-30": {
        "Tax Effect Of Unusual Items": NaN,
        "Tax Rate For Calcs": NaN,
        "Normalized EBITDA": NaN,
        "Net Income From Continuing Operation Net Minority Interest": NaN,
        "Reconciled Depreciation": NaN,
        "EBITDA": NaN,
        "EBIT": NaN,
        "Normalized Income": NaN,
        "Net Income From Continuing And Discontinued Operation": NaN,
        "Total Expenses": NaN,
        "Total Operating Income As Reported": NaN,
        "Diluted Average Shares": NaN,
        "Basic Average Shares": NaN,
        "Diluted EPS": NaN,
        "Basic EPS": NaN,
        "Diluted NI Availto Com Stockholders": NaN,
        "Net Income Common Stockholders": NaN,
        "Net Income": NaN,
        "Net Income Including Noncontrolling Interests": NaN,
        "Net Income Continuous Operations": NaN,
        "Tax Provision": 0.0,
        "Pretax Income": NaN,
        "Other Income Expense": NaN,
        "Other Non Operating Income Expenses": NaN,
        "Operating Income": NaN,
        "Operating Expense": NaN,
        "Research And Development": NaN,
        "Selling General And Administration": NaN,
        "General And Administrative Expense": NaN,
        "Other Gand A": NaN,
        "Total Revenue": NaN,
        "Operating Revenue": NaN
    },
    "2022-06-30": {
        "Tax Effect Of Unusual Items": 0.0,
        "Tax Rate For Calcs": 0.0,
        "Normalized EBITDA": -60275000.0,
        "Net Income From Continuing Operation Net Minority Interest": -60194000.0,
        "Reconciled Depreciation": 119000.0,
        "EBITDA": -60275000.0,
        "EBIT": -60394000.0,
        "Normalized Income": -60194000.0,
        "Net Income From Continuing And Discontinued Operation": -60194000.0,
        "Total Expenses": 60394000.0,
        "Total Operating Income As Reported": -60394000.0,
        "Diluted Average Shares": 45542600.0,
        "Basic Average Shares": 45542600.0,
        "Diluted EPS": -1.32,
        "Basic EPS": -1.32,
        "Diluted NI Availto Com Stockholders": -60194000.0,
        "Net Income Common Stockholders": -60194000.0,
        "Net Income": -60194000.0,
        "Net Income Including Noncontrolling Interests": -60194000.0,
        "Net Income Continuous Operations": -60194000.0,
        "Tax Provision": NaN,
        "Pretax Income": -60194000.0,
        "Other Income Expense": 200000.0,
        "Other Non Operating Income Expenses": 200000.0,
        "Operating Income": -60394000.0,
        "Operating Expense": 60394000.0,
        "Research And Development": 43620000.0,
        "Selling General And Administration": 16774000.0,
        "General And Administrative Expense": 16774000.0,
        "Other Gand A": 16774000.0,
        "Total Revenue": 0.0,
        "Operating Revenue": 0.0
    },
    "2022-03-31": {
        "Diluted EPS": -1.51,
        "Total Revenue": NaN,
        "Gross Profit": NaN,
        "Operating Income": -69,
        "EBIT": -68,
        "Net Income": -69
    },
    "2021-12-31": {
        "Diluted EPS": -1.35,
        "Total Revenue": NaN,
        "Gross Profit": NaN,
        "Operating Income": -59,
        "EBIT": -58,
        "Net Income": -59
    },
    "2021-09-30": {
        "Diluted EPS": -1.0,
        "Total Revenue": NaN,
        "Gross Profit": NaN,
        "Operating Income": -45,
        "EBIT": -44,
        "Net Income": -45
    },
    "2021-06-30": {
        "Diluted EPS": -0.88,
        "Total Revenue": NaN,
        "Gross Profit": NaN,
        "Operating Income": -36,
        "EBIT": -36,
        "Net Income": -36
    },
    "2021-03-31": {
        "Diluted EPS": -0.71,
        "Total Revenue": NaN,
        "Gross Profit": NaN,
        "Operating Income": -27,
        "EBIT": -27,
        "Net Income": -27
    },
    "2020-12-31": {
        "Diluted EPS": 18.6,
        "Total Revenue": NaN,
        "Gross Profit": NaN,
        "Operating Income": -26,
        "EBIT": -26,
        "Net Income": -27
    },
    "2020-09-30": {
        "Diluted EPS": -12.1,
        "Total Revenue": NaN,
        "Gross Profit": NaN,
        "Operating Income": -16,
        "EBIT": -16,
        "Net Income": -20
    },
    "2020-06-30": {
        "Diluted EPS": -8.28,
        "Total Revenue": NaN,
        "Gross Profit": NaN,
        "Operating Income": -12,
        "EBIT": -12,
        "Net Income": -14
    },
    "2020-03-31": {
        "Diluted EPS": -6.08,
        "Total Revenue": NaN,
        "Gross Profit": NaN,
        "Operating Income": -8,
        "EBIT": -8,
        "Net Income": -10
    },
    "2019-12-31": {
        "Diluted EPS": 0.0,
        "Total Revenue": NaN,
        "Gross Profit": NaN,
        "Operating Income": NaN,
        "EBIT": NaN,
        "Net Income": NaN
    },
    "2019-09-30": {
        "Diluted EPS": -7.61,
        "Total Revenue": NaN,
        "Gross Profit": NaN,
        "Operating Income": -11,
        "EBIT": -11,
        "Net Income": -12
    },
    "2018-12-31": {
        "Diluted EPS": 0.0,
        "Total Revenue": NaN,
        "Gross Profit": NaN,
        "Operating Income": NaN,
        "EBIT": NaN,
        "Net Income": NaN
    },
    "2023-06-30": {
        "Tax Effect Of Unusual Items": NaN,
        "Tax Rate For Calcs": NaN,
        "Normalized EBITDA": NaN,
        "Net Income From Continuing Operation Net Minority Interest": NaN,
        "Reconciled Depreciation": NaN,
        "EBITDA": NaN,
        "EBIT": NaN,
        "Normalized Income": NaN,
        "Net Income From Continuing And Discontinued Operation": NaN,
        "Total Expenses": NaN,
        "Total Operating Income As Reported": NaN,
        "Diluted Average Shares": 4649371.0,
        "Basic Average Shares": 4649371.0,
        "Diluted EPS": -7.38,
        "Basic EPS": -7.38,
        "Diluted NI Availto Com Stockholders": NaN,
        "Net Income Common Stockholders": NaN,
        "Net Income": NaN,
        "Net Income Including Noncontrolling Interests": NaN,
        "Net Income Continuous Operations": NaN,
        "Pretax Income": NaN,
        "Other Income Expense": NaN,
        "Other Non Operating Income Expenses": NaN,
        "Operating Income": NaN,
        "Operating Expense": NaN,
        "Research And Development": NaN,
        "Selling General And Administration": NaN,
        "General And Administrative Expense": NaN,
        "Other Gand A": NaN,
        "Total Revenue": NaN,
        "Operating Revenue": NaN
    },
    "2023-09-30": {
        "Tax Effect Of Unusual Items": NaN,
        "Tax Rate For Calcs": NaN,
        "Normalized EBITDA": NaN,
        "Net Income From Continuing Operation Net Minority Interest": NaN,
        "Reconciled Depreciation": NaN,
        "EBITDA": NaN,
        "EBIT": NaN,
        "Normalized Income": NaN,
        "Net Income From Continuing And Discontinued Operation": NaN,
        "Total Expenses": NaN,
        "Total Operating Income As Reported": NaN,
        "Diluted Average Shares": 9039427.0,
        "Basic Average Shares": 9039427.0,
        "Diluted EPS": -2.72,
        "Basic EPS": -2.72,
        "Diluted NI Availto Com Stockholders": NaN,
        "Net Income Common Stockholders": NaN,
        "Net Income": NaN,
        "Net Income Including Noncontrolling Interests": NaN,
        "Net Income Continuous Operations": NaN,
        "Pretax Income": NaN,
        "Other Income Expense": NaN,
        "Other Non Operating Income Expenses": NaN,
        "Operating Income": NaN,
        "Operating Expense": NaN,
        "Research And Development": NaN,
        "Selling General And Administration": NaN,
        "General And Administrative Expense": NaN,
        "Other Gand A": NaN,
        "Total Revenue": NaN,
        "Operating Revenue": NaN
    },
    "2023-12-31": {
        "Tax Effect Of Unusual Items": 0.0,
        "Tax Rate For Calcs": 0.0,
        "Normalized EBITDA": -27695000.0,
        "Net Income From Continuing Operation Net Minority Interest": -26878000.0,
        "Reconciled Depreciation": 111000.0,
        "EBITDA": -27695000.0,
        "EBIT": -27806000.0,
        "Normalized Income": -26878000.0,
        "Net Income From Continuing And Discontinued Operation": -26878000.0,
        "Total Expenses": 28321000.0,
        "Total Operating Income As Reported": -27806000.0,
        "Diluted Average Shares": NaN,
        "Basic Average Shares": NaN,
        "Diluted EPS": NaN,
        "Basic EPS": NaN,
        "Diluted NI Availto Com Stockholders": -26878000.0,
        "Net Income Common Stockholders": -26878000.0,
        "Net Income": -26878000.0,
        "Net Income Including Noncontrolling Interests": -26878000.0,
        "Net Income Continuous Operations": -26878000.0,
        "Pretax Income": -26878000.0,
        "Other Income Expense": 928000.0,
        "Other Non Operating Income Expenses": 928000.0,
        "Operating Income": -27806000.0,
        "Operating Expense": 28321000.0,
        "Research And Development": 18388000.0,
        "Selling General And Administration": 9933000.0,
        "General And Administrative Expense": 9933000.0,
        "Other Gand A": 9933000.0,
        "Total Revenue": 515000.0,
        "Operating Revenue": 515000.0
    },
    "2024-03-31": {
        "Tax Effect Of Unusual Items": 0.0,
        "Tax Rate For Calcs": 0.0,
        "Normalized EBITDA": -41774000.0,
        "Net Income From Continuing Operation Net Minority Interest": -39553000.0,
        "Reconciled Depreciation": 112000.0,
        "EBITDA": -41774000.0,
        "EBIT": -41886000.0,
        "Normalized Income": -39553000.0,
        "Net Income From Continuing And Discontinued Operation": -39553000.0,
        "Total Expenses": 42317000.0,
        "Total Operating Income As Reported": -41886000.0,
        "Diluted Average Shares": 13904374.0,
        "Basic Average Shares": 13904374.0,
        "Diluted EPS": -2.84,
        "Basic EPS": -2.84,
        "Diluted NI Availto Com Stockholders": -39553000.0,
        "Net Income Common Stockholders": -39553000.0,
        "Net Income": -39553000.0,
        "Net Income Including Noncontrolling Interests": -39553000.0,
        "Net Income Continuous Operations": -39553000.0,
        "Pretax Income": -39553000.0,
        "Other Income Expense": 2333000.0,
        "Other Non Operating Income Expenses": 2333000.0,
        "Operating Income": -41886000.0,
        "Operating Expense": 42317000.0,
        "Research And Development": 26984000.0,
        "Selling General And Administration": 15333000.0,
        "General And Administrative Expense": 15333000.0,
        "Other Gand A": 15333000.0,
        "Total Revenue": 431000.0,
        "Operating Revenue": 431000.0
    },
    "2024-06-30": {
        "Tax Effect Of Unusual Items": 0.0,
        "Tax Rate For Calcs": 0.0,
        "Normalized EBITDA": -37381000.0,
        "Net Income From Continuing Operation Net Minority Interest": -32677000.0,
        "Reconciled Depreciation": 107000.0,
        "EBITDA": -37381000.0,
        "EBIT": -37488000.0,
        "Normalized Income": -32677000.0,
        "Net Income From Continuing And Discontinued Operation": -32677000.0,
        "Total Expenses": 37845000.0,
        "Total Operating Income As Reported": -37488000.0,
        "Diluted Average Shares": 18824479.0,
        "Basic Average Shares": 18824479.0,
        "Diluted EPS": -1.74,
        "Basic EPS": -1.74,
        "Diluted NI Availto Com Stockholders": -32677000.0,
        "Net Income Common Stockholders": -32677000.0,
        "Net Income": -32677000.0,
        "Net Income Including Noncontrolling Interests": -32677000.0,
        "Net Income Continuous Operations": -32677000.0,
        "Pretax Income": -32677000.0,
        "Other Income Expense": 4811000.0,
        "Other Non Operating Income Expenses": 4811000.0,
        "Operating Income": -37488000.0,
        "Operating Expense": 37845000.0,
        "Research And Development": 27260000.0,
        "Selling General And Administration": 10585000.0,
        "General And Administrative Expense": 10585000.0,
        "Other Gand A": 10585000.0,
        "Total Revenue": 357000.0,
        "Operating Revenue": 357000.0
    },
    "2024-09-30": {
        "Tax Effect Of Unusual Items": 0.0,
        "Tax Rate For Calcs": 0.0,
        "Normalized EBITDA": -56743000.0,
        "Net Income From Continuing Operation Net Minority Interest": -51910000.0,
        "Reconciled Depreciation": 92000.0,
        "EBITDA": -56743000.0,
        "EBIT": -56835000.0,
        "Normalized Income": -51910000.0,
        "Net Income From Continuing And Discontinued Operation": -51910000.0,
        "Total Expenses": 57137000.0,
        "Total Operating Income As Reported": -56835000.0,
        "Diluted Average Shares": 18884562.0,
        "Basic Average Shares": 18884562.0,
        "Diluted EPS": -2.75,
        "Basic EPS": -2.75,
        "Diluted NI Availto Com Stockholders": -51910000.0,
        "Net Income Common Stockholders": -51910000.0,
        "Net Income": -51910000.0,
        "Net Income Including Noncontrolling Interests": -51910000.0,
        "Net Income Continuous Operations": -51910000.0,
        "Pretax Income": -51910000.0,
        "Other Income Expense": 4925000.0,
        "Other Non Operating Income Expenses": 4925000.0,
        "Operating Income": -56835000.0,
        "Operating Expense": 57137000.0,
        "Research And Development": 41881000.0,
        "Selling General And Administration": 15256000.0,
        "General And Administrative Expense": 15256000.0,
        "Other Gand A": 15256000.0,
        "Total Revenue": 302000.0,
        "Operating Revenue": 302000.0
    },
    "2024-12-31": {
        "Tax Effect Of Unusual Items": 0.0,
        "Tax Rate For Calcs": 0.0,
        "Normalized EBITDA": -63909000.0,
        "Net Income From Continuing Operation Net Minority Interest": -58679000.0,
        "Reconciled Depreciation": 47000.0,
        "EBITDA": -63909000.0,
        "EBIT": -63956000.0,
        "Normalized Income": -58679000.0,
        "Net Income From Continuing And Discontinued Operation": -58679000.0,
        "Total Expenses": 71419000.0,
        "Total Operating Income As Reported": -63956000.0,
        "Diluted Average Shares": 19980179.0,
        "Basic Average Shares": 19980179.0,
        "Diluted EPS": -2.94,
        "Basic EPS": -2.94,
        "Diluted NI Availto Com Stockholders": -58679000.0,
        "Net Income Common Stockholders": -58679000.0,
        "Net Income": -58679000.0,
        "Net Income Including Noncontrolling Interests": -58679000.0,
        "Net Income Continuous Operations": -58679000.0,
        "Pretax Income": -58679000.0,
        "Other Income Expense": 5277000.0,
        "Other Non Operating Income Expenses": 5277000.0,
        "Operating Income": -63956000.0,
        "Operating Expense": 71419000.0,
        "Research And Development": 56288000.0,
        "Selling General And Administration": 15131000.0,
        "General And Administrative Expense": 15131000.0,
        "Other Gand A": 15131000.0,
        "Total Revenue": 7463000.0,
        "Operating Revenue": 7463000.0
    }
}