{
    "2023-03-31": {
        "Tax Effect Of Unusual Items": NaN,
        "Tax Rate For Calcs": NaN,
        "Normalized EBITDA": NaN,
        "Total Unusual Items": NaN,
        "Total Unusual Items Excluding Goodwill": NaN,
        "Net Income From Continuing Operation Net Minority Interest": NaN,
        "Reconciled Cost Of Revenue": NaN,
        "EBITDA": NaN,
        "EBIT": NaN,
        "Net Interest Income": NaN,
        "Interest Expense": NaN,
        "Normalized Income": NaN,
        "Net Income From Continuing And Discontinued Operation": NaN,
        "Total Expenses": NaN,
        "Total Operating Income As Reported": NaN,
        "Diluted Average Shares": NaN,
        "Basic Average Shares": NaN,
        "Diluted EPS": NaN,
        "Basic EPS": NaN,
        "Diluted NI Availto Com Stockholders": NaN,
        "Net Income Common Stockholders": NaN,
        "Net Income": NaN,
        "Minority Interests": NaN,
        "Net Income Including Noncontrolling Interests": NaN,
        "Net Income Discontinuous Operations": NaN,
        "Net Income Continuous Operations": NaN,
        "Tax Provision": NaN,
        "Pretax Income": NaN,
        "Other Income Expense": NaN,
        "Other Non Operating Income Expenses": NaN,
        "Special Income Charges": 0.0,
        "Impairment Of Capital Assets": 0.0,
        "Restructuring And Mergern Acquisition": 0.0,
        "Earnings From Equity Interest": NaN,
        "Gain On Sale Of Security": NaN,
        "Net Non Operating Interest Income Expense": NaN,
        "Total Other Finance Cost": NaN,
        "Interest Expense Non Operating": NaN,
        "Operating Income": NaN,
        "Operating Expense": NaN,
        "Research And Development": NaN,
        "Selling General And Administration": NaN,
        "Selling And Marketing Expense": NaN,
        "General And Administrative Expense": NaN,
        "Other Gand A": NaN,
        "Salaries And Wages": NaN,
        "Gross Profit": NaN,
        "Cost Of Revenue": NaN,
        "Total Revenue": NaN,
        "Operating Revenue": NaN
    },
    "2022-12-31": {
        "Tax Effect Of Unusual Items": NaN,
        "Tax Rate For Calcs": NaN,
        "Normalized EBITDA": NaN,
        "Total Unusual Items": NaN,
        "Total Unusual Items Excluding Goodwill": NaN,
        "Net Income From Continuing Operation Net Minority Interest": NaN,
        "Reconciled Cost Of Revenue": NaN,
        "EBITDA": NaN,
        "EBIT": NaN,
        "Net Interest Income": NaN,
        "Interest Expense": -3636729.0,
        "Normalized Income": NaN,
        "Net Income From Continuing And Discontinued Operation": NaN,
        "Total Expenses": NaN,
        "Total Operating Income As Reported": NaN,
        "Diluted Average Shares": NaN,
        "Basic Average Shares": NaN,
        "Diluted EPS": NaN,
        "Basic EPS": NaN,
        "Diluted NI Availto Com Stockholders": NaN,
        "Net Income Common Stockholders": NaN,
        "Net Income": NaN,
        "Minority Interests": NaN,
        "Net Income Including Noncontrolling Interests": NaN,
        "Net Income Discontinuous Operations": NaN,
        "Net Income Continuous Operations": NaN,
        "Tax Provision": NaN,
        "Pretax Income": NaN,
        "Other Income Expense": NaN,
        "Other Non Operating Income Expenses": NaN,
        "Special Income Charges": -2709143.0,
        "Write Off": -3549298.0,
        "Impairment Of Capital Assets": NaN,
        "Restructuring And Mergern Acquisition": 30378741.0,
        "Earnings From Equity Interest": NaN,
        "Gain On Sale Of Security": NaN,
        "Net Non Operating Interest Income Expense": NaN,
        "Total Other Finance Cost": NaN,
        "Interest Expense Non Operating": -3636729.0,
        "Operating Income": NaN,
        "Operating Expense": NaN,
        "Research And Development": NaN,
        "Selling General And Administration": NaN,
        "Selling And Marketing Expense": NaN,
        "General And Administrative Expense": NaN,
        "Other Gand A": NaN,
        "Salaries And Wages": NaN,
        "Gross Profit": NaN,
        "Cost Of Revenue": NaN,
        "Total Revenue": NaN,
        "Operating Revenue": NaN
    },
    "2022-09-30": {
        "Tax Effect Of Unusual Items": NaN,
        "Tax Rate For Calcs": NaN,
        "Normalized EBITDA": NaN,
        "Total Unusual Items": NaN,
        "Total Unusual Items Excluding Goodwill": NaN,
        "Net Income From Continuing Operation Net Minority Interest": NaN,
        "Reconciled Cost Of Revenue": NaN,
        "EBITDA": NaN,
        "EBIT": NaN,
        "Net Interest Income": NaN,
        "Interest Expense": NaN,
        "Normalized Income": NaN,
        "Net Income From Continuing And Discontinued Operation": NaN,
        "Total Expenses": NaN,
        "Total Operating Income As Reported": NaN,
        "Diluted Average Shares": NaN,
        "Basic Average Shares": NaN,
        "Diluted EPS": NaN,
        "Basic EPS": NaN,
        "Diluted NI Availto Com Stockholders": NaN,
        "Net Income Common Stockholders": NaN,
        "Net Income": NaN,
        "Minority Interests": NaN,
        "Net Income Including Noncontrolling Interests": NaN,
        "Net Income Discontinuous Operations": NaN,
        "Net Income Continuous Operations": NaN,
        "Tax Provision": NaN,
        "Pretax Income": NaN,
        "Other Income Expense": NaN,
        "Other Non Operating Income Expenses": NaN,
        "Special Income Charges": NaN,
        "Write Off": 3549298.0,
        "Impairment Of Capital Assets": 1429429.0,
        "Restructuring And Mergern Acquisition": 0.0,
        "Earnings From Equity Interest": NaN,
        "Gain On Sale Of Security": NaN,
        "Net Non Operating Interest Income Expense": NaN,
        "Total Other Finance Cost": NaN,
        "Interest Expense Non Operating": NaN,
        "Operating Income": NaN,
        "Operating Expense": NaN,
        "Research And Development": NaN,
        "Selling General And Administration": NaN,
        "Selling And Marketing Expense": NaN,
        "General And Administrative Expense": NaN,
        "Other Gand A": NaN,
        "Salaries And Wages": NaN,
        "Gross Profit": NaN,
        "Cost Of Revenue": NaN,
        "Total Revenue": NaN,
        "Operating Revenue": NaN
    },
    "2022-06-30": {
        "Tax Effect Of Unusual Items": -1279568.0,
        "Tax Rate For Calcs": 0.4,
        "Normalized EBITDA": -139259560.0,
        "Total Unusual Items": -3198920.0,
        "Total Unusual Items Excluding Goodwill": -3198920.0,
        "Net Income From Continuing Operation Net Minority Interest": -144177194.0,
        "Reconciled Cost Of Revenue": 30021343.0,
        "EBITDA": -142458480.0,
        "EBIT": -142458480.0,
        "Net Interest Income": -1447778.0,
        "Interest Expense": 1447778.0,
        "Normalized Income": -142257842.0,
        "Net Income From Continuing And Discontinued Operation": -144177194.0,
        "Total Expenses": 158604148.0,
        "Total Operating Income As Reported": -17897607.0,
        "Diluted Average Shares": 49616648.0,
        "Basic Average Shares": 49616648.0,
        "Diluted EPS": -2.91,
        "Basic EPS": -2.91,
        "Diluted NI Availto Com Stockholders": -144177194.0,
        "Net Income Common Stockholders": -144177194.0,
        "Net Income": -144177194.0,
        "Minority Interests": 1.0,
        "Net Income Including Noncontrolling Interests": -144177195.0,
        "Net Income Discontinuous Operations": NaN,
        "Net Income Continuous Operations": -144177195.0,
        "Tax Provision": 270937.0,
        "Pretax Income": -143906258.0,
        "Other Income Expense": -35570600.0,
        "Other Non Operating Income Expenses": -32371680.0,
        "Special Income Charges": NaN,
        "Gain On Sale Of Business": NaN,
        "Write Off": NaN,
        "Impairment Of Capital Assets": NaN,
        "Restructuring And Mergern Acquisition": NaN,
        "Earnings From Equity Interest": NaN,
        "Gain On Sale Of Security": -3198920.0,
        "Net Non Operating Interest Income Expense": -1447778.0,
        "Total Other Finance Cost": NaN,
        "Interest Expense Non Operating": 1447778.0,
        "Operating Income": -106887880.0,
        "Operating Expense": 128582805.0,
        "Other Operating Expenses": NaN,
        "Research And Development": 4843244.0,
        "Selling General And Administration": 123739561.0,
        "Selling And Marketing Expense": 3119276.0,
        "General And Administrative Expense": 120620285.0,
        "Other Gand A": 31073684.0,
        "Salaries And Wages": 89546601.0,
        "Gross Profit": 21694925.0,
        "Cost Of Revenue": 30021343.0,
        "Total Revenue": 51716268.0,
        "Operating Revenue": 51716268.0
    },
    "2022-03-31": {
        "Diluted EPS": -1.06,
        "Total Revenue": 92,
        "Gross Profit": 36,
        "Operating Income": -1,
        "EBIT": -1,
        "Net Income": -33
    },
    "2021-12-31": {
        "Diluted EPS": 0.0,
        "Total Revenue": NaN,
        "Gross Profit": NaN,
        "Operating Income": NaN,
        "EBIT": NaN,
        "Net Income": NaN
    },
    "2021-09-30": {
        "Diluted EPS": -2.65,
        "Total Revenue": 75,
        "Gross Profit": 26,
        "Operating Income": -5,
        "EBIT": -5,
        "Net Income": -80
    },
    "2021-06-30": {
        "Diluted EPS": -0.32,
        "Total Revenue": 79,
        "Gross Profit": 35,
        "Operating Income": 15,
        "EBIT": 15,
        "Net Income": -10
    },
    "2023-06-30": {
        "Tax Effect Of Unusual Items": NaN,
        "Tax Rate For Calcs": NaN,
        "Normalized EBITDA": NaN,
        "Total Unusual Items": NaN,
        "Total Unusual Items Excluding Goodwill": NaN,
        "Net Income From Continuing Operation Net Minority Interest": NaN,
        "Reconciled Cost Of Revenue": NaN,
        "EBITDA": NaN,
        "EBIT": NaN,
        "Net Interest Income": NaN,
        "Interest Expense": NaN,
        "Normalized Income": NaN,
        "Net Income From Continuing And Discontinued Operation": NaN,
        "Total Expenses": NaN,
        "Total Operating Income As Reported": NaN,
        "Diluted Average Shares": NaN,
        "Basic Average Shares": NaN,
        "Diluted EPS": NaN,
        "Basic EPS": NaN,
        "Diluted NI Availto Com Stockholders": NaN,
        "Net Income Common Stockholders": NaN,
        "Net Income": NaN,
        "Minority Interests": NaN,
        "Net Income Including Noncontrolling Interests": NaN,
        "Net Income Discontinuous Operations": NaN,
        "Net Income Continuous Operations": NaN,
        "Tax Provision": NaN,
        "Pretax Income": NaN,
        "Other Income Expense": NaN,
        "Other Non Operating Income Expenses": NaN,
        "Special Income Charges": NaN,
        "Impairment Of Capital Assets": NaN,
        "Earnings From Equity Interest": NaN,
        "Gain On Sale Of Security": NaN,
        "Net Non Operating Interest Income Expense": NaN,
        "Total Other Finance Cost": 51464.0,
        "Interest Expense Non Operating": NaN,
        "Operating Income": NaN,
        "Operating Expense": NaN,
        "Research And Development": NaN,
        "Selling General And Administration": NaN,
        "Selling And Marketing Expense": NaN,
        "General And Administrative Expense": NaN,
        "Other Gand A": NaN,
        "Salaries And Wages": 0.0,
        "Gross Profit": NaN,
        "Cost Of Revenue": NaN,
        "Total Revenue": NaN,
        "Operating Revenue": NaN
    },
    "2023-09-30": {
        "Tax Effect Of Unusual Items": NaN,
        "Tax Rate For Calcs": NaN,
        "Normalized EBITDA": NaN,
        "Total Unusual Items": NaN,
        "Total Unusual Items Excluding Goodwill": NaN,
        "Net Income From Continuing Operation Net Minority Interest": NaN,
        "Reconciled Cost Of Revenue": NaN,
        "EBITDA": NaN,
        "EBIT": NaN,
        "Net Interest Income": NaN,
        "Interest Expense": NaN,
        "Normalized Income": NaN,
        "Net Income From Continuing And Discontinued Operation": NaN,
        "Total Expenses": NaN,
        "Total Operating Income As Reported": NaN,
        "Diluted Average Shares": NaN,
        "Basic Average Shares": NaN,
        "Diluted EPS": NaN,
        "Basic EPS": NaN,
        "Diluted NI Availto Com Stockholders": NaN,
        "Net Income Common Stockholders": NaN,
        "Net Income": NaN,
        "Minority Interests": NaN,
        "Net Income Including Noncontrolling Interests": NaN,
        "Net Income Discontinuous Operations": NaN,
        "Net Income Continuous Operations": NaN,
        "Tax Provision": NaN,
        "Pretax Income": NaN,
        "Other Income Expense": NaN,
        "Other Non Operating Income Expenses": NaN,
        "Special Income Charges": NaN,
        "Gain On Sale Of Business": NaN,
        "Impairment Of Capital Assets": 0.0,
        "Earnings From Equity Interest": NaN,
        "Gain On Sale Of Security": NaN,
        "Net Non Operating Interest Income Expense": NaN,
        "Interest Expense Non Operating": NaN,
        "Operating Income": NaN,
        "Operating Expense": NaN,
        "Research And Development": NaN,
        "Selling General And Administration": NaN,
        "Selling And Marketing Expense": NaN,
        "General And Administrative Expense": NaN,
        "Other Gand A": NaN,
        "Gross Profit": NaN,
        "Cost Of Revenue": NaN,
        "Total Revenue": NaN,
        "Operating Revenue": NaN
    },
    "2023-12-31": {
        "Tax Effect Of Unusual Items": NaN,
        "Tax Rate For Calcs": NaN,
        "Normalized EBITDA": NaN,
        "Total Unusual Items": NaN,
        "Total Unusual Items Excluding Goodwill": NaN,
        "Net Income From Continuing Operation Net Minority Interest": NaN,
        "Reconciled Cost Of Revenue": NaN,
        "EBITDA": NaN,
        "EBIT": NaN,
        "Net Interest Income": NaN,
        "Interest Expense": NaN,
        "Normalized Income": NaN,
        "Net Income From Continuing And Discontinued Operation": NaN,
        "Total Expenses": NaN,
        "Total Operating Income As Reported": NaN,
        "Diluted Average Shares": NaN,
        "Basic Average Shares": NaN,
        "Diluted EPS": NaN,
        "Basic EPS": NaN,
        "Diluted NI Availto Com Stockholders": NaN,
        "Net Income Common Stockholders": NaN,
        "Net Income": NaN,
        "Minority Interests": NaN,
        "Net Income Including Noncontrolling Interests": NaN,
        "Net Income Discontinuous Operations": NaN,
        "Net Income Continuous Operations": NaN,
        "Tax Provision": NaN,
        "Pretax Income": NaN,
        "Other Income Expense": NaN,
        "Other Non Operating Income Expenses": NaN,
        "Special Income Charges": NaN,
        "Gain On Sale Of Business": NaN,
        "Impairment Of Capital Assets": 3900268.0,
        "Earnings From Equity Interest": NaN,
        "Gain On Sale Of Security": NaN,
        "Net Non Operating Interest Income Expense": NaN,
        "Interest Expense Non Operating": NaN,
        "Operating Income": NaN,
        "Operating Expense": NaN,
        "Research And Development": NaN,
        "Selling General And Administration": NaN,
        "Selling And Marketing Expense": NaN,
        "General And Administrative Expense": NaN,
        "Other Gand A": NaN,
        "Gross Profit": NaN,
        "Cost Of Revenue": NaN,
        "Total Revenue": NaN,
        "Operating Revenue": NaN
    },
    "2024-03-31": {
        "Tax Effect Of Unusual Items": NaN,
        "Tax Rate For Calcs": NaN,
        "Normalized EBITDA": NaN,
        "Total Unusual Items": NaN,
        "Total Unusual Items Excluding Goodwill": NaN,
        "Net Income From Continuing Operation Net Minority Interest": NaN,
        "Reconciled Cost Of Revenue": NaN,
        "EBITDA": NaN,
        "EBIT": NaN,
        "Net Interest Income": NaN,
        "Interest Expense": NaN,
        "Normalized Income": NaN,
        "Net Income From Continuing And Discontinued Operation": NaN,
        "Total Expenses": NaN,
        "Total Operating Income As Reported": NaN,
        "Diluted Average Shares": 12215904.0,
        "Basic Average Shares": 12215904.0,
        "Diluted EPS": -0.7,
        "Basic EPS": -0.7,
        "Diluted NI Availto Com Stockholders": NaN,
        "Net Income Common Stockholders": NaN,
        "Net Income": NaN,
        "Minority Interests": NaN,
        "Net Income Including Noncontrolling Interests": NaN,
        "Net Income Discontinuous Operations": NaN,
        "Net Income Continuous Operations": NaN,
        "Tax Provision": NaN,
        "Pretax Income": NaN,
        "Other Income Expense": NaN,
        "Other Non Operating Income Expenses": NaN,
        "Special Income Charges": 0.0,
        "Gain On Sale Of Business": 0.0,
        "Impairment Of Capital Assets": 0.0,
        "Earnings From Equity Interest": NaN,
        "Gain On Sale Of Security": NaN,
        "Net Non Operating Interest Income Expense": NaN,
        "Interest Expense Non Operating": NaN,
        "Operating Income": NaN,
        "Operating Expense": NaN,
        "Research And Development": NaN,
        "Selling General And Administration": NaN,
        "Selling And Marketing Expense": NaN,
        "General And Administrative Expense": NaN,
        "Other Gand A": NaN,
        "Gross Profit": NaN,
        "Cost Of Revenue": NaN,
        "Total Revenue": NaN,
        "Operating Revenue": NaN
    },
    "2024-06-30": {
        "Tax Effect Of Unusual Items": -10395.0,
        "Tax Rate For Calcs": 0.165,
        "Normalized EBITDA": -8684000.0,
        "Total Unusual Items": -63000.0,
        "Total Unusual Items Excluding Goodwill": -63000.0,
        "Net Income From Continuing Operation Net Minority Interest": -8217000.0,
        "Reconciled Cost Of Revenue": 8708000.0,
        "EBITDA": -8747000.0,
        "EBIT": -8747000.0,
        "Net Interest Income": -76000.0,
        "Interest Expense": 76000.0,
        "Normalized Income": -8164395.0,
        "Net Income From Continuing And Discontinued Operation": -10390000.0,
        "Total Expenses": 23162000.0,
        "Total Operating Income As Reported": -8362000.0,
        "Diluted Average Shares": 13003881.0,
        "Basic Average Shares": 13003881.0,
        "Diluted EPS": -0.8,
        "Basic EPS": -0.8,
        "Diluted NI Availto Com Stockholders": -10390000.0,
        "Net Income Common Stockholders": -10390000.0,
        "Net Income": -10390000.0,
        "Minority Interests": 626000.0,
        "Net Income Including Noncontrolling Interests": -11016000.0,
        "Net Income Discontinuous Operations": -2173000.0,
        "Net Income Continuous Operations": -8843000.0,
        "Tax Provision": 20000.0,
        "Pretax Income": -8823000.0,
        "Other Income Expense": -181000.0,
        "Other Non Operating Income Expenses": 204000.0,
        "Special Income Charges": -363698.0,
        "Gain On Sale Of Business": -363698.0,
        "Impairment Of Capital Assets": NaN,
        "Earnings From Equity Interest": -322000.0,
        "Gain On Sale Of Security": -63000.0,
        "Net Non Operating Interest Income Expense": -76000.0,
        "Interest Expense Non Operating": 76000.0,
        "Operating Income": -8566000.0,
        "Operating Expense": 14454000.0,
        "Research And Development": 2007000.0,
        "Selling General And Administration": 12447000.0,
        "Selling And Marketing Expense": 4133000.0,
        "General And Administrative Expense": 8314000.0,
        "Other Gand A": 8314000.0,
        "Gross Profit": 5888000.0,
        "Cost Of Revenue": 8708000.0,
        "Total Revenue": 14596000.0,
        "Operating Revenue": 14596000.0
    },
    "2024-09-30": {
        "Tax Effect Of Unusual Items": 654.085335,
        "Tax Rate For Calcs": 0.006217,
        "Normalized EBITDA": -12137832.0,
        "Total Unusual Items": 105210.0,
        "Total Unusual Items Excluding Goodwill": 105210.0,
        "Net Income From Continuing Operation Net Minority Interest": -10643273.0,
        "Reconciled Cost Of Revenue": 3830506.0,
        "EBITDA": -12032622.0,
        "EBIT": -12032622.0,
        "Net Interest Income": -80552.0,
        "Interest Expense": 80552.0,
        "Normalized Income": -10747828.914665,
        "Net Income From Continuing And Discontinued Operation": -10672236.0,
        "Total Expenses": 19537668.0,
        "Total Operating Income As Reported": -11808320.0,
        "Diluted Average Shares": 12722810.0,
        "Basic Average Shares": 12722810.0,
        "Diluted EPS": -0.84,
        "Basic EPS": -0.84,
        "Diluted NI Availto Com Stockholders": -10672236.0,
        "Net Income Common Stockholders": -10672236.0,
        "Net Income": -10672236.0,
        "Minority Interests": 1394594.0,
        "Net Income Including Noncontrolling Interests": -12066830.0,
        "Net Income Discontinuous Operations": -28963.0,
        "Net Income Continuous Operations": -12037867.0,
        "Tax Provision": -75307.0,
        "Pretax Income": -12113174.0,
        "Other Income Expense": -272927.0,
        "Other Non Operating Income Expenses": -48625.0,
        "Special Income Charges": -329512.0,
        "Gain On Sale Of Business": -329512.0,
        "Impairment Of Capital Assets": NaN,
        "Earnings From Equity Interest": -329512.0,
        "Gain On Sale Of Security": 105210.0,
        "Net Non Operating Interest Income Expense": -80552.0,
        "Interest Expense Non Operating": 80552.0,
        "Operating Income": -11759695.0,
        "Operating Expense": 15707162.0,
        "Research And Development": 2588117.0,
        "Selling General And Administration": 13119045.0,
        "Selling And Marketing Expense": 1915373.0,
        "General And Administrative Expense": 11203672.0,
        "Other Gand A": 11203672.0,
        "Gross Profit": 3947467.0,
        "Cost Of Revenue": 3830506.0,
        "Total Revenue": 7777973.0,
        "Operating Revenue": 7777973.0
    },
    "2024-12-31": {
        "Tax Effect Of Unusual Items": -2120668.338401,
        "Tax Rate For Calcs": 0.297312,
        "Normalized EBITDA": -17757350.0,
        "Total Unusual Items": -7132802.0,
        "Total Unusual Items Excluding Goodwill": -7132802.0,
        "Net Income From Continuing Operation Net Minority Interest": -16345133.0,
        "Reconciled Cost Of Revenue": 6586483.0,
        "EBITDA": -24890152.0,
        "EBIT": -24890152.0,
        "Net Interest Income": 1960370.0,
        "Interest Expense": 78630.0,
        "Normalized Income": -11332999.338401,
        "Net Income From Continuing And Discontinued Operation": -16341715.0,
        "Total Expenses": 28349519.0,
        "Total Operating Income As Reported": -16567805.0,
        "Diluted Average Shares": NaN,
        "Basic Average Shares": NaN,
        "Diluted EPS": NaN,
        "Basic EPS": NaN,
        "Diluted NI Availto Com Stockholders": -16341715.0,
        "Net Income Common Stockholders": -16341715.0,
        "Net Income": -16341715.0,
        "Minority Interests": 1200128.0,
        "Net Income Including Noncontrolling Interests": -17541843.0,
        "Net Income Discontinuous Operations": 3418.0,
        "Net Income Continuous Operations": -17545261.0,
        "Tax Provision": -7423521.0,
        "Pretax Income": -24968782.0,
        "Other Income Expense": -9067731.0,
        "Other Non Operating Income Expenses": -1065384.0,
        "Special Income Charges": 2153455.0,
        "Gain On Sale Of Business": 2153455.0,
        "Impairment Of Capital Assets": NaN,
        "Earnings From Equity Interest": -869545.0,
        "Gain On Sale Of Security": -8376802.0,
        "Net Non Operating Interest Income Expense": 1960370.0,
        "Interest Expense Non Operating": 78630.0,
        "Operating Income": -17861421.0,
        "Operating Expense": 21763036.0,
        "Research And Development": 2578375.0,
        "Selling General And Administration": 19184661.0,
        "Selling And Marketing Expense": 2405716.0,
        "General And Administrative Expense": 16778945.0,
        "Other Gand A": 16778945.0,
        "Gross Profit": 3901615.0,
        "Cost Of Revenue": 6586483.0,
        "Total Revenue": 10488098.0,
        "Operating Revenue": 10488098.0
    },
    "2025-03-31": {
        "Tax Effect Of Unusual Items": -364.128962,
        "Tax Rate For Calcs": 0.00578,
        "Normalized EBITDA": -10941000.0,
        "Total Unusual Items": -63000.0,
        "Total Unusual Items Excluding Goodwill": -63000.0,
        "Net Income From Continuing Operation Net Minority Interest": -10383000.0,
        "Reconciled Cost Of Revenue": 9970000.0,
        "EBITDA": -11004000.0,
        "EBIT": -11004000.0,
        "Net Interest Income": -69000.0,
        "Interest Expense": 69000.0,
        "Normalized Income": -10320364.128962,
        "Net Income From Continuing And Discontinued Operation": -10390000.0,
        "Total Expenses": 28256000.0,
        "Total Operating Income As Reported": -10632000.0,
        "Diluted Average Shares": 13002975.0,
        "Basic Average Shares": 13002975.0,
        "Diluted EPS": -0.8,
        "Basic EPS": -0.8,
        "Diluted NI Availto Com Stockholders": -10390000.0,
        "Net Income Common Stockholders": -10390000.0,
        "Net Income": -10390000.0,
        "Minority Interests": 626000.0,
        "Net Income Including Noncontrolling Interests": -11016000.0,
        "Net Income Discontinuous Operations": -7000.0,
        "Net Income Continuous Operations": -11009000.0,
        "Tax Provision": -64000.0,
        "Pretax Income": -11073000.0,
        "Other Income Expense": -60000.0,
        "Other Non Operating Income Expenses": 312000.0,
        "Special Income Charges": 0.0,
        "Gain On Sale Of Business": 0.0,
        "Impairment Of Capital Assets": NaN,
        "Earnings From Equity Interest": -309000.0,
        "Gain On Sale Of Security": -63000.0,
        "Net Non Operating Interest Income Expense": -69000.0,
        "Interest Expense Non Operating": 69000.0,
        "Operating Income": -10944000.0,
        "Operating Expense": 18286000.0,
        "Research And Development": 2416000.0,
        "Selling General And Administration": 15870000.0,
        "Selling And Marketing Expense": 4789000.0,
        "General And Administrative Expense": 11081000.0,
        "Other Gand A": 11081000.0,
        "Gross Profit": 7342000.0,
        "Cost Of Revenue": 9970000.0,
        "Total Revenue": 17312000.0,
        "Operating Revenue": 17312000.0
    },
    "2025-06-30": {
        "Tax Effect Of Unusual Items": -2220.284827,
        "Tax Rate For Calcs": 0.003013,
        "Normalized EBITDA": -10152000.0,
        "Total Unusual Items": -737000.0,
        "Total Unusual Items Excluding Goodwill": -737000.0,
        "Net Income From Continuing Operation Net Minority Interest": -10604000.0,
        "Reconciled Cost Of Revenue": 10391000.0,
        "EBITDA": -10889000.0,
        "EBIT": -10889000.0,
        "Net Interest Income": -65000.0,
        "Interest Expense": 65000.0,
        "Normalized Income": -9869220.284827,
        "Net Income From Continuing And Discontinued Operation": -12410000.0,
        "Total Expenses": 27549000.0,
        "Total Operating Income As Reported": -10065000.0,
        "Diluted Average Shares": 13247315.0,
        "Basic Average Shares": 13247315.0,
        "Diluted EPS": -0.94,
        "Basic EPS": -0.94,
        "Diluted NI Availto Com Stockholders": -12410000.0,
        "Net Income Common Stockholders": -12410000.0,
        "Net Income": -12410000.0,
        "Minority Interests": 317000.0,
        "Net Income Including Noncontrolling Interests": -12727000.0,
        "Net Income Discontinuous Operations": -1806000.0,
        "Net Income Continuous Operations": -10921000.0,
        "Tax Provision": -33000.0,
        "Pretax Income": -10954000.0,
        "Other Income Expense": -1020000.0,
        "Other Non Operating Income Expenses": -196000.0,
        "Special Income Charges": NaN,
        "Gain On Sale Of Business": NaN,
        "Impairment Of Capital Assets": NaN,
        "Earnings From Equity Interest": -87000.0,
        "Gain On Sale Of Security": -737000.0,
        "Net Non Operating Interest Income Expense": -65000.0,
        "Interest Expense Non Operating": 65000.0,
        "Operating Income": -9869000.0,
        "Operating Expense": 17158000.0,
        "Research And Development": 1212000.0,
        "Selling General And Administration": 15946000.0,
        "Selling And Marketing Expense": 5457000.0,
        "General And Administrative Expense": 10489000.0,
        "Other Gand A": 10489000.0,
        "Gross Profit": 7289000.0,
        "Cost Of Revenue": 10391000.0,
        "Total Revenue": 17680000.0,
        "Operating Revenue": 17680000.0
    }
}