{
    "2024-06-30": {
        "Tax Effect Of Unusual Items": NaN,
        "Tax Rate For Calcs": NaN,
        "Normalized EBITDA": NaN,
        "Total Unusual Items": NaN,
        "Total Unusual Items Excluding Goodwill": NaN,
        "Net Income From Continuing Operation Net Minority Interest": NaN,
        "Reconciled Depreciation": NaN,
        "Reconciled Cost Of Revenue": NaN,
        "EBITDA": NaN,
        "EBIT": NaN,
        "Net Interest Income": NaN,
        "Interest Expense": NaN,
        "Normalized Income": NaN,
        "Net Income From Continuing And Discontinued Operation": NaN,
        "Total Expenses": NaN,
        "Total Operating Income As Reported": NaN,
        "Diluted Average Shares": 218618000.0,
        "Basic Average Shares": 218618000.0,
        "Diluted EPS": 0.249293,
        "Basic EPS": 0.249293,
        "Diluted NI Availto Com Stockholders": NaN,
        "Net Income Common Stockholders": NaN,
        "Net Income": NaN,
        "Net Income Including Noncontrolling Interests": NaN,
        "Net Income Discontinuous Operations": 0.0,
        "Net Income Continuous Operations": NaN,
        "Tax Provision": NaN,
        "Pretax Income": NaN,
        "Other Income Expense": NaN,
        "Other Non Operating Income Expenses": NaN,
        "Special Income Charges": NaN,
        "Other Special Charges": NaN,
        "Restructuring And Mergern Acquisition": NaN,
        "Net Non Operating Interest Income Expense": NaN,
        "Interest Expense Non Operating": NaN,
        "Operating Income": NaN,
        "Operating Expense": NaN,
        "Other Operating Expenses": NaN,
        "Selling General And Administration": NaN,
        "Gross Profit": NaN,
        "Cost Of Revenue": NaN,
        "Total Revenue": NaN,
        "Operating Revenue": NaN
    },
    "2023-06-30": {
        "Tax Effect Of Unusual Items": NaN,
        "Tax Rate For Calcs": NaN,
        "Normalized EBITDA": NaN,
        "Total Unusual Items": NaN,
        "Total Unusual Items Excluding Goodwill": NaN,
        "Net Income From Continuing Operation Net Minority Interest": NaN,
        "Reconciled Depreciation": NaN,
        "Reconciled Cost Of Revenue": NaN,
        "EBITDA": NaN,
        "EBIT": NaN,
        "Net Interest Income": NaN,
        "Interest Expense": NaN,
        "Normalized Income": NaN,
        "Net Income From Continuing And Discontinued Operation": NaN,
        "Total Expenses": NaN,
        "Total Operating Income As Reported": NaN,
        "Diluted Average Shares": 379014180.0,
        "Basic Average Shares": 379014180.0,
        "Diluted EPS": 0.059365,
        "Basic EPS": 0.059365,
        "Diluted NI Availto Com Stockholders": NaN,
        "Net Income Common Stockholders": NaN,
        "Preferred Stock Dividends": 6800000.0,
        "Net Income": NaN,
        "Net Income Including Noncontrolling Interests": NaN,
        "Net Income Continuous Operations": NaN,
        "Tax Provision": NaN,
        "Pretax Income": NaN,
        "Other Income Expense": NaN,
        "Special Income Charges": NaN,
        "Restructuring And Mergern Acquisition": NaN,
        "Net Non Operating Interest Income Expense": NaN,
        "Interest Expense Non Operating": NaN,
        "Operating Income": NaN,
        "Operating Expense": NaN,
        "Other Operating Expenses": NaN,
        "Selling General And Administration": NaN,
        "Gross Profit": NaN,
        "Cost Of Revenue": NaN,
        "Total Revenue": NaN,
        "Operating Revenue": NaN
    },
    "2024-09-30": {
        "Tax Effect Of Unusual Items": -2580000.0,
        "Tax Rate For Calcs": 0.258,
        "Normalized EBITDA": 245300000.0,
        "Total Unusual Items": -10000000.0,
        "Total Unusual Items Excluding Goodwill": -10000000.0,
        "Net Income From Continuing Operation Net Minority Interest": 53300000.0,
        "Reconciled Depreciation": 77800000.0,
        "Reconciled Cost Of Revenue": 888900000.0,
        "EBITDA": 235300000.0,
        "EBIT": 157500000.0,
        "Net Interest Income": -85700000.0,
        "Interest Expense": 85700000.0,
        "Normalized Income": 60720000.0,
        "Net Income From Continuing And Discontinued Operation": 53300000.0,
        "Total Expenses": 1137600000.0,
        "Total Operating Income As Reported": 157500000.0,
        "Diluted Average Shares": 379014180.0,
        "Basic Average Shares": 379014180.0,
        "Diluted EPS": 0.140628,
        "Basic EPS": 0.140628,
        "Diluted NI Availto Com Stockholders": 53300000.0,
        "Net Income Common Stockholders": 53300000.0,
        "Net Income": 53300000.0,
        "Net Income Including Noncontrolling Interests": 53300000.0,
        "Net Income Discontinuous Operations": 0.0,
        "Net Income Continuous Operations": 53300000.0,
        "Tax Provision": 18500000.0,
        "Pretax Income": 71800000.0,
        "Other Income Expense": -10000000.0,
        "Other Non Operating Income Expenses": NaN,
        "Special Income Charges": -10000000.0,
        "Other Special Charges": NaN,
        "Restructuring And Mergern Acquisition": 10000000.0,
        "Net Non Operating Interest Income Expense": -85700000.0,
        "Interest Expense Non Operating": 85700000.0,
        "Operating Income": 167500000.0,
        "Operating Expense": 248700000.0,
        "Other Operating Expenses": 9000000.0,
        "Selling General And Administration": 239700000.0,
        "Gross Profit": 416200000.0,
        "Cost Of Revenue": 888900000.0,
        "Total Revenue": 1305100000.0,
        "Operating Revenue": 1305100000.0
    },
    "2023-12-31": {
        "Tax Effect Of Unusual Items": NaN,
        "Tax Rate For Calcs": NaN,
        "Normalized EBITDA": NaN,
        "Total Unusual Items": NaN,
        "Total Unusual Items Excluding Goodwill": NaN,
        "Net Income From Continuing Operation Net Minority Interest": NaN,
        "Reconciled Depreciation": NaN,
        "Reconciled Cost Of Revenue": NaN,
        "EBITDA": NaN,
        "EBIT": NaN,
        "Net Interest Income": NaN,
        "Interest Expense": NaN,
        "Normalized Income": NaN,
        "Net Income From Continuing And Discontinued Operation": NaN,
        "Total Expenses": NaN,
        "Total Operating Income As Reported": NaN,
        "Diluted Average Shares": NaN,
        "Basic Average Shares": NaN,
        "Diluted EPS": NaN,
        "Basic EPS": NaN,
        "Diluted NI Availto Com Stockholders": NaN,
        "Net Income Common Stockholders": NaN,
        "Preferred Stock Dividends": 5400000.0,
        "Net Income": NaN,
        "Net Income Including Noncontrolling Interests": NaN,
        "Net Income Discontinuous Operations": NaN,
        "Net Income Continuous Operations": NaN,
        "Tax Provision": NaN,
        "Pretax Income": NaN,
        "Other Income Expense": NaN,
        "Other Non Operating Income Expenses": NaN,
        "Special Income Charges": NaN,
        "Other Special Charges": NaN,
        "Restructuring And Mergern Acquisition": NaN,
        "Net Non Operating Interest Income Expense": NaN,
        "Interest Expense Non Operating": NaN,
        "Operating Income": NaN,
        "Operating Expense": NaN,
        "Other Operating Expenses": NaN,
        "Selling General And Administration": NaN,
        "Gross Profit": NaN,
        "Cost Of Revenue": NaN,
        "Total Revenue": NaN,
        "Operating Revenue": NaN
    },
    "2023-09-30": {
        "Tax Effect Of Unusual Items": NaN,
        "Tax Rate For Calcs": NaN,
        "Normalized EBITDA": NaN,
        "Total Unusual Items": NaN,
        "Total Unusual Items Excluding Goodwill": NaN,
        "Net Income From Continuing Operation Net Minority Interest": NaN,
        "Reconciled Depreciation": NaN,
        "Reconciled Cost Of Revenue": NaN,
        "EBITDA": NaN,
        "EBIT": NaN,
        "Net Interest Income": NaN,
        "Interest Expense": NaN,
        "Normalized Income": NaN,
        "Net Income From Continuing And Discontinued Operation": NaN,
        "Total Expenses": NaN,
        "Total Operating Income As Reported": NaN,
        "Diluted Average Shares": 218618000.0,
        "Basic Average Shares": 218618000.0,
        "Diluted EPS": 0.230082,
        "Basic EPS": 0.230082,
        "Diluted NI Availto Com Stockholders": NaN,
        "Net Income Common Stockholders": NaN,
        "Preferred Stock Dividends": 7200000.0,
        "Net Income": NaN,
        "Net Income Including Noncontrolling Interests": NaN,
        "Net Income Discontinuous Operations": NaN,
        "Net Income Continuous Operations": NaN,
        "Tax Provision": NaN,
        "Pretax Income": NaN,
        "Other Income Expense": NaN,
        "Other Non Operating Income Expenses": NaN,
        "Special Income Charges": NaN,
        "Other Special Charges": NaN,
        "Restructuring And Mergern Acquisition": NaN,
        "Net Non Operating Interest Income Expense": NaN,
        "Interest Expense Non Operating": NaN,
        "Operating Income": NaN,
        "Operating Expense": NaN,
        "Other Operating Expenses": NaN,
        "Selling General And Administration": NaN,
        "Gross Profit": NaN,
        "Cost Of Revenue": NaN,
        "Total Revenue": NaN,
        "Operating Revenue": NaN
    },
    "2024-12-31": {
        "Tax Effect Of Unusual Items": -15456101.895735,
        "Tax Rate For Calcs": 0.08827,
        "Normalized EBITDA": 200100000.0,
        "Total Unusual Items": -175100000.0,
        "Total Unusual Items Excluding Goodwill": -175100000.0,
        "Net Income From Continuing Operation Net Minority Interest": -153900000.0,
        "Reconciled Depreciation": 106000000.0,
        "Reconciled Cost Of Revenue": 967100000.0,
        "EBITDA": 25000000.0,
        "EBIT": -81000000.0,
        "Net Interest Income": -87800000.0,
        "Interest Expense": 87800000.0,
        "Normalized Income": 5743898.104265,
        "Net Income From Continuing And Discontinued Operation": -157700000.0,
        "Total Expenses": 1303100000.0,
        "Total Operating Income As Reported": -81000000.0,
        "Diluted Average Shares": NaN,
        "Basic Average Shares": NaN,
        "Diluted EPS": NaN,
        "Basic EPS": NaN,
        "Diluted NI Availto Com Stockholders": -157700000.0,
        "Net Income Common Stockholders": -157700000.0,
        "Net Income": -157700000.0,
        "Net Income Including Noncontrolling Interests": -157700000.0,
        "Net Income Discontinuous Operations": NaN,
        "Net Income Continuous Operations": -153900000.0,
        "Tax Provision": -14900000.0,
        "Pretax Income": -168800000.0,
        "Other Income Expense": -175100000.0,
        "Other Non Operating Income Expenses": NaN,
        "Special Income Charges": -175100000.0,
        "Other Special Charges": NaN,
        "Restructuring And Mergern Acquisition": 175100000.0,
        "Net Non Operating Interest Income Expense": -87800000.0,
        "Interest Expense Non Operating": 87800000.0,
        "Operating Income": 94100000.0,
        "Operating Expense": 336000000.0,
        "Other Operating Expenses": 100000.0,
        "Selling General And Administration": 335900000.0,
        "Gross Profit": 430100000.0,
        "Cost Of Revenue": 967100000.0,
        "Total Revenue": 1397200000.0,
        "Operating Revenue": 1397200000.0
    },
    "2025-03-31": {
        "Tax Effect Of Unusual Items": -19739200.0,
        "Tax Rate For Calcs": 0.338,
        "Normalized EBITDA": 321500000.0,
        "Total Unusual Items": -58400000.0,
        "Total Unusual Items Excluding Goodwill": -58400000.0,
        "Net Income From Continuing Operation Net Minority Interest": 34700000.0,
        "Reconciled Depreciation": 128600000.0,
        "Reconciled Cost Of Revenue": 1092700000.0,
        "EBITDA": 263100000.0,
        "EBIT": 134500000.0,
        "Net Interest Income": -82100000.0,
        "Interest Expense": 82100000.0,
        "Normalized Income": 73360800.0,
        "Net Income From Continuing And Discontinued Operation": 28700000.0,
        "Total Expenses": 1420700000.0,
        "Total Operating Income As Reported": 153200000.0,
        "Diluted Average Shares": 381613000.0,
        "Basic Average Shares": 379251000.0,
        "Diluted EPS": 0.08,
        "Basic EPS": 0.08,
        "Diluted NI Availto Com Stockholders": 28700000.0,
        "Net Income Common Stockholders": 28700000.0,
        "Net Income": 28700000.0,
        "Net Income Including Noncontrolling Interests": 28700000.0,
        "Net Income Discontinuous Operations": -6000000.0,
        "Net Income Continuous Operations": 34700000.0,
        "Tax Provision": 17700000.0,
        "Pretax Income": 52400000.0,
        "Other Income Expense": -58500000.0,
        "Other Non Operating Income Expenses": -100000.0,
        "Special Income Charges": -58400000.0,
        "Other Special Charges": 18600000.0,
        "Restructuring And Mergern Acquisition": 39800000.0,
        "Net Non Operating Interest Income Expense": -82100000.0,
        "Interest Expense Non Operating": 82100000.0,
        "Operating Income": 193000000.0,
        "Operating Expense": 328000000.0,
        "Other Operating Expenses": 200000.0,
        "Selling General And Administration": 327800000.0,
        "Gross Profit": 521000000.0,
        "Cost Of Revenue": 1092700000.0,
        "Total Revenue": 1613700000.0,
        "Operating Revenue": 1417200000.0
    },
    "2024-03-31": {
        "Tax Effect Of Unusual Items": NaN,
        "Tax Rate For Calcs": NaN,
        "Normalized EBITDA": NaN,
        "Total Unusual Items": NaN,
        "Total Unusual Items Excluding Goodwill": NaN,
        "Net Income From Continuing Operation Net Minority Interest": NaN,
        "Reconciled Depreciation": NaN,
        "Reconciled Cost Of Revenue": NaN,
        "EBITDA": NaN,
        "EBIT": NaN,
        "Net Interest Income": NaN,
        "Interest Expense": NaN,
        "Normalized Income": NaN,
        "Net Income From Continuing And Discontinued Operation": NaN,
        "Total Expenses": NaN,
        "Total Operating Income As Reported": NaN,
        "Diluted Average Shares": 218618000.0,
        "Basic Average Shares": 218618000.0,
        "Diluted EPS": 0.15,
        "Basic EPS": 0.15,
        "Diluted NI Availto Com Stockholders": NaN,
        "Net Income Common Stockholders": NaN,
        "Net Income": NaN,
        "Net Income Including Noncontrolling Interests": NaN,
        "Net Income Discontinuous Operations": 0.0,
        "Net Income Continuous Operations": NaN,
        "Tax Provision": NaN,
        "Pretax Income": NaN,
        "Other Income Expense": NaN,
        "Other Non Operating Income Expenses": NaN,
        "Special Income Charges": NaN,
        "Other Special Charges": NaN,
        "Restructuring And Mergern Acquisition": NaN,
        "Net Non Operating Interest Income Expense": NaN,
        "Interest Expense Non Operating": NaN,
        "Operating Income": NaN,
        "Operating Expense": NaN,
        "Other Operating Expenses": NaN,
        "Selling General And Administration": NaN,
        "Gross Profit": NaN,
        "Cost Of Revenue": NaN,
        "Total Revenue": NaN,
        "Operating Revenue": NaN
    },
    "2025-06-30": {
        "Tax Effect Of Unusual Items": -17310042.735043,
        "Tax Rate For Calcs": 0.348291,
        "Normalized EBITDA": 323700000.0,
        "Total Unusual Items": -49700000.0,
        "Total Unusual Items Excluding Goodwill": -49700000.0,
        "Net Income From Continuing Operation Net Minority Interest": 30500000.0,
        "Reconciled Depreciation": 145300000.0,
        "Reconciled Cost Of Revenue": 1189200000.0,
        "EBITDA": 274000000.0,
        "EBIT": 128700000.0,
        "Net Interest Income": -81900000.0,
        "Interest Expense": 81900000.0,
        "Normalized Income": 62889957.264957,
        "Net Income From Continuing And Discontinued Operation": 27600000.0,
        "Total Expenses": 1567600000.0,
        "Total Operating Income As Reported": 112800000.0,
        "Diluted Average Shares": 376815000.0,
        "Basic Average Shares": 374796000.0,
        "Diluted EPS": 0.07,
        "Basic EPS": 0.07,
        "Diluted NI Availto Com Stockholders": 27600000.0,
        "Net Income Common Stockholders": 27600000.0,
        "Net Income": 27600000.0,
        "Net Income Including Noncontrolling Interests": 27600000.0,
        "Net Income Discontinuous Operations": -2900000.0,
        "Net Income Continuous Operations": 30500000.0,
        "Tax Provision": 16300000.0,
        "Pretax Income": 46800000.0,
        "Other Income Expense": -33800000.0,
        "Other Non Operating Income Expenses": 15900000.0,
        "Special Income Charges": -49700000.0,
        "Other Special Charges": NaN,
        "Restructuring And Mergern Acquisition": 49700000.0,
        "Net Non Operating Interest Income Expense": -81900000.0,
        "Interest Expense Non Operating": 81900000.0,
        "Operating Income": 162500000.0,
        "Operating Expense": 378400000.0,
        "Other Operating Expenses": -200000.0,
        "Selling General And Administration": 378600000.0,
        "Gross Profit": 540900000.0,
        "Cost Of Revenue": 1189200000.0,
        "Total Revenue": 1730100000.0,
        "Operating Revenue": 1730100000.0
    },
    "2025-09-30": {
        "Tax Effect Of Unusual Items": -17459000.0,
        "Tax Rate For Calcs": 0.395,
        "Normalized EBITDA": 357300000.0,
        "Total Unusual Items": -44200000.0,
        "Total Unusual Items Excluding Goodwill": -44200000.0,
        "Net Income From Continuing Operation Net Minority Interest": 40500000.0,
        "Reconciled Depreciation": 163100000.0,
        "Reconciled Cost Of Revenue": 1237900000.0,
        "EBITDA": 313100000.0,
        "EBIT": 150000000.0,
        "Net Interest Income": -83100000.0,
        "Interest Expense": 83100000.0,
        "Normalized Income": 67241000.0,
        "Net Income From Continuing And Discontinued Operation": 16800000.0,
        "Total Expenses": 1575500000.0,
        "Total Operating Income As Reported": 146400000.0,
        "Diluted Average Shares": 374055000.0,
        "Basic Average Shares": 372318000.0,
        "Diluted EPS": 0.04,
        "Basic EPS": 0.05,
        "Diluted NI Availto Com Stockholders": 16800000.0,
        "Net Income Common Stockholders": 16800000.0,
        "Net Income": 16800000.0,
        "Net Income Including Noncontrolling Interests": 16800000.0,
        "Net Income Discontinuous Operations": -23700000.0,
        "Net Income Continuous Operations": 40500000.0,
        "Tax Provision": 26400000.0,
        "Pretax Income": 66900000.0,
        "Other Income Expense": -40600000.0,
        "Other Non Operating Income Expenses": 3600000.0,
        "Special Income Charges": -44200000.0,
        "Other Special Charges": NaN,
        "Restructuring And Mergern Acquisition": 44200000.0,
        "Net Non Operating Interest Income Expense": -83100000.0,
        "Interest Expense Non Operating": 83100000.0,
        "Operating Income": 190600000.0,
        "Operating Expense": 337600000.0,
        "Other Operating Expenses": -5400000.0,
        "Selling General And Administration": 343000000.0,
        "Gross Profit": 528200000.0,
        "Cost Of Revenue": 1237900000.0,
        "Total Revenue": 1766100000.0,
        "Operating Revenue": 1766100000.0
    }
}