{
    "2023-03-31": {
        "Tax Effect Of Unusual Items": NaN,
        "Tax Rate For Calcs": NaN,
        "Normalized EBITDA": NaN,
        "Total Unusual Items": NaN,
        "Total Unusual Items Excluding Goodwill": NaN,
        "Net Income From Continuing Operation Net Minority Interest": NaN,
        "Reconciled Depreciation": NaN,
        "EBITDA": NaN,
        "EBIT": NaN,
        "Net Interest Income": NaN,
        "Interest Income": NaN,
        "Normalized Income": NaN,
        "Net Income From Continuing And Discontinued Operation": NaN,
        "Total Expenses": NaN,
        "Total Operating Income As Reported": NaN,
        "Diluted Average Shares": 89064895.0,
        "Basic Average Shares": 89064895.0,
        "Diluted EPS": -0.44,
        "Basic EPS": -0.44,
        "Diluted NI Availto Com Stockholders": NaN,
        "Net Income Common Stockholders": NaN,
        "Net Income": NaN,
        "Net Income Including Noncontrolling Interests": NaN,
        "Net Income Continuous Operations": NaN,
        "Tax Provision": NaN,
        "Pretax Income": NaN,
        "Other Income Expense": NaN,
        "Other Non Operating Income Expenses": NaN,
        "Securities Amortization": NaN,
        "Gain On Sale Of Security": NaN,
        "Net Non Operating Interest Income Expense": NaN,
        "Interest Income Non Operating": NaN,
        "Operating Income": NaN,
        "Operating Expense": NaN,
        "Research And Development": NaN,
        "Selling General And Administration": NaN,
        "General And Administrative Expense": NaN,
        "Other Gand A": NaN,
        "Salaries And Wages": NaN,
        "Total Revenue": NaN,
        "Operating Revenue": NaN
    },
    "2022-12-31": {
        "Tax Effect Of Unusual Items": NaN,
        "Tax Rate For Calcs": NaN,
        "Normalized EBITDA": NaN,
        "Total Unusual Items": NaN,
        "Total Unusual Items Excluding Goodwill": NaN,
        "Net Income From Continuing Operation Net Minority Interest": NaN,
        "Reconciled Depreciation": NaN,
        "EBITDA": NaN,
        "EBIT": NaN,
        "Net Interest Income": NaN,
        "Interest Income": NaN,
        "Normalized Income": NaN,
        "Net Income From Continuing And Discontinued Operation": NaN,
        "Total Expenses": NaN,
        "Total Operating Income As Reported": NaN,
        "Diluted Average Shares": NaN,
        "Basic Average Shares": NaN,
        "Diluted EPS": NaN,
        "Basic EPS": NaN,
        "Diluted NI Availto Com Stockholders": NaN,
        "Net Income Common Stockholders": NaN,
        "Otherunder Preferred Stock Dividend": 0.0,
        "Preferred Stock Dividends": 1314000.0,
        "Net Income": NaN,
        "Net Income Including Noncontrolling Interests": NaN,
        "Net Income Continuous Operations": NaN,
        "Tax Provision": NaN,
        "Pretax Income": NaN,
        "Other Income Expense": NaN,
        "Other Non Operating Income Expenses": NaN,
        "Securities Amortization": NaN,
        "Gain On Sale Of Security": NaN,
        "Net Non Operating Interest Income Expense": NaN,
        "Interest Income Non Operating": NaN,
        "Operating Income": NaN,
        "Operating Expense": NaN,
        "Research And Development": NaN,
        "Selling General And Administration": NaN,
        "General And Administrative Expense": NaN,
        "Other Gand A": NaN,
        "Salaries And Wages": NaN,
        "Total Revenue": NaN,
        "Operating Revenue": NaN
    },
    "2022-09-30": {
        "Tax Effect Of Unusual Items": NaN,
        "Tax Rate For Calcs": NaN,
        "Normalized EBITDA": NaN,
        "Total Unusual Items": NaN,
        "Total Unusual Items Excluding Goodwill": NaN,
        "Net Income From Continuing Operation Net Minority Interest": NaN,
        "Reconciled Depreciation": NaN,
        "EBITDA": NaN,
        "EBIT": NaN,
        "Normalized Income": NaN,
        "Net Income From Continuing And Discontinued Operation": NaN,
        "Total Expenses": NaN,
        "Total Operating Income As Reported": NaN,
        "Diluted Average Shares": NaN,
        "Basic Average Shares": NaN,
        "Diluted EPS": NaN,
        "Basic EPS": NaN,
        "Diluted NI Availto Com Stockholders": NaN,
        "Net Income Common Stockholders": NaN,
        "Otherunder Preferred Stock Dividend": 0.0,
        "Preferred Stock Dividends": 6362000.0,
        "Net Income": NaN,
        "Net Income Including Noncontrolling Interests": NaN,
        "Net Income Continuous Operations": NaN,
        "Tax Provision": NaN,
        "Pretax Income": NaN,
        "Other Income Expense": NaN,
        "Other Non Operating Income Expenses": NaN,
        "Gain On Sale Of Security": NaN,
        "Operating Income": NaN,
        "Operating Expense": NaN,
        "Research And Development": NaN,
        "Selling General And Administration": NaN,
        "General And Administrative Expense": NaN,
        "Other Gand A": NaN,
        "Salaries And Wages": NaN,
        "Total Revenue": NaN,
        "Operating Revenue": NaN
    },
    "2022-06-30": {
        "Tax Effect Of Unusual Items": -55238.872105,
        "Tax Rate For Calcs": 0.014837,
        "Normalized EBITDA": -22152000.0,
        "Total Unusual Items": -3723000.0,
        "Total Unusual Items Excluding Goodwill": -3723000.0,
        "Net Income From Continuing Operation Net Minority Interest": -29348000.0,
        "Reconciled Depreciation": 430000.0,
        "EBITDA": -25875000.0,
        "EBIT": -26305000.0,
        "Normalized Income": -25680238.872105,
        "Net Income From Continuing And Discontinued Operation": -29348000.0,
        "Total Expenses": 26305000.0,
        "Total Operating Income As Reported": -26305000.0,
        "Diluted Average Shares": 71795514.0,
        "Basic Average Shares": 71795514.0,
        "Diluted EPS": -0.496424,
        "Basic EPS": -0.496424,
        "Diluted NI Availto Com Stockholders": -23124000.0,
        "Net Income Common Stockholders": -23124000.0,
        "Otherunder Preferred Stock Dividend": NaN,
        "Preferred Stock Dividends": 6293000.0,
        "Net Income": -29348000.0,
        "Net Income Including Noncontrolling Interests": -29348000.0,
        "Net Income Continuous Operations": -29348000.0,
        "Tax Provision": -442000.0,
        "Pretax Income": -29790000.0,
        "Other Income Expense": -3485000.0,
        "Other Non Operating Income Expenses": 238000.0,
        "Gain On Sale Of Security": -3723000.0,
        "Operating Income": -26305000.0,
        "Operating Expense": 26305000.0,
        "Research And Development": 18940000.0,
        "Selling General And Administration": 7365000.0,
        "General And Administrative Expense": 7365000.0,
        "Other Gand A": 4345000.0,
        "Salaries And Wages": 3020000.0,
        "Total Revenue": 0.0,
        "Operating Revenue": 0.0
    },
    "2022-03-31": {
        "Diluted EPS": -1.58,
        "Total Revenue": NaN,
        "Gross Profit": NaN,
        "Operating Income": -20,
        "EBIT": -19,
        "Net Income": -30
    },
    "2021-12-31": {
        "Diluted EPS": 0.0,
        "Total Revenue": NaN,
        "Gross Profit": NaN,
        "Operating Income": NaN,
        "EBIT": NaN,
        "Net Income": NaN
    },
    "2021-09-30": {
        "Diluted EPS": -1.52,
        "Total Revenue": NaN,
        "Gross Profit": NaN,
        "Operating Income": -10,
        "EBIT": -10,
        "Net Income": -23
    },
    "2020-12-31": {
        "Diluted EPS": 0.0,
        "Total Revenue": NaN,
        "Gross Profit": NaN,
        "Operating Income": NaN,
        "EBIT": NaN,
        "Net Income": NaN
    },
    "2023-06-30": {
        "Tax Effect Of Unusual Items": NaN,
        "Tax Rate For Calcs": NaN,
        "Normalized EBITDA": NaN,
        "Total Unusual Items": NaN,
        "Total Unusual Items Excluding Goodwill": NaN,
        "Net Income From Continuing Operation Net Minority Interest": NaN,
        "Reconciled Depreciation": NaN,
        "EBITDA": NaN,
        "EBIT": NaN,
        "Net Interest Income": 635000.0,
        "Interest Income": 635000.0,
        "Normalized Income": NaN,
        "Net Income From Continuing And Discontinued Operation": NaN,
        "Total Expenses": NaN,
        "Total Operating Income As Reported": NaN,
        "Diluted Average Shares": 90467298.0,
        "Basic Average Shares": 90467298.0,
        "Diluted EPS": -0.47,
        "Basic EPS": -0.47,
        "Diluted NI Availto Com Stockholders": NaN,
        "Net Income Common Stockholders": NaN,
        "Net Income": NaN,
        "Net Income Including Noncontrolling Interests": NaN,
        "Net Income Continuous Operations": NaN,
        "Tax Provision": NaN,
        "Pretax Income": NaN,
        "Other Income Expense": NaN,
        "Other Non Operating Income Expenses": NaN,
        "Securities Amortization": -1964000.0,
        "Gain On Sale Of Security": NaN,
        "Net Non Operating Interest Income Expense": 635000.0,
        "Interest Income Non Operating": 635000.0,
        "Operating Income": NaN,
        "Operating Expense": NaN,
        "Research And Development": NaN,
        "Selling General And Administration": NaN,
        "General And Administrative Expense": NaN,
        "Other Gand A": NaN,
        "Salaries And Wages": NaN,
        "Total Revenue": NaN,
        "Operating Revenue": NaN
    },
    "2023-09-30": {
        "Tax Effect Of Unusual Items": NaN,
        "Tax Rate For Calcs": NaN,
        "Normalized EBITDA": NaN,
        "Total Unusual Items": NaN,
        "Total Unusual Items Excluding Goodwill": NaN,
        "Net Income From Continuing Operation Net Minority Interest": NaN,
        "Reconciled Depreciation": NaN,
        "EBITDA": NaN,
        "EBIT": NaN,
        "Net Interest Income": NaN,
        "Interest Income": NaN,
        "Normalized Income": NaN,
        "Net Income From Continuing And Discontinued Operation": NaN,
        "Total Expenses": NaN,
        "Total Operating Income As Reported": NaN,
        "Diluted Average Shares": 91846835.0,
        "Basic Average Shares": 91846835.0,
        "Diluted EPS": -0.55,
        "Basic EPS": -0.55,
        "Diluted NI Availto Com Stockholders": NaN,
        "Net Income Common Stockholders": NaN,
        "Net Income": NaN,
        "Net Income Including Noncontrolling Interests": NaN,
        "Net Income Continuous Operations": NaN,
        "Tax Provision": NaN,
        "Pretax Income": NaN,
        "Other Income Expense": NaN,
        "Other Non Operating Income Expenses": NaN,
        "Securities Amortization": NaN,
        "Gain On Sale Of Security": NaN,
        "Net Non Operating Interest Income Expense": NaN,
        "Interest Income Non Operating": NaN,
        "Operating Income": NaN,
        "Operating Expense": NaN,
        "Research And Development": NaN,
        "Selling General And Administration": NaN,
        "General And Administrative Expense": NaN,
        "Other Gand A": NaN,
        "Salaries And Wages": NaN,
        "Total Revenue": NaN,
        "Operating Revenue": NaN
    },
    "2023-12-31": {
        "Tax Effect Of Unusual Items": 0.0,
        "Tax Rate For Calcs": 0.0,
        "Normalized EBITDA": -40431000.0,
        "Total Unusual Items": -12865000.0,
        "Total Unusual Items Excluding Goodwill": -12865000.0,
        "Net Income From Continuing Operation Net Minority Interest": -65643000.0,
        "Reconciled Depreciation": 1247000.0,
        "EBITDA": -53296000.0,
        "EBIT": -54543000.0,
        "Net Interest Income": NaN,
        "Interest Income": NaN,
        "Normalized Income": -52778000.0,
        "Net Income From Continuing And Discontinued Operation": -65643000.0,
        "Total Expenses": 54543000.0,
        "Total Operating Income As Reported": -68043000.0,
        "Diluted Average Shares": NaN,
        "Basic Average Shares": NaN,
        "Diluted EPS": NaN,
        "Basic EPS": NaN,
        "Diluted NI Availto Com Stockholders": -65643000.0,
        "Net Income Common Stockholders": -65643000.0,
        "Net Income": -65643000.0,
        "Net Income Including Noncontrolling Interests": -65643000.0,
        "Net Income Continuous Operations": -65643000.0,
        "Tax Provision": 0.0,
        "Pretax Income": -65643000.0,
        "Other Income Expense": -11100000.0,
        "Other Non Operating Income Expenses": 1765000.0,
        "Securities Amortization": NaN,
        "Gain On Sale Of Security": 635000.0,
        "Net Non Operating Interest Income Expense": NaN,
        "Interest Income Non Operating": NaN,
        "Operating Income": -54543000.0,
        "Operating Expense": 54543000.0,
        "Research And Development": 41459000.0,
        "Selling General And Administration": 13084000.0,
        "General And Administrative Expense": 13084000.0,
        "Other Gand A": 8125000.0,
        "Salaries And Wages": 4959000.0,
        "Total Revenue": 0.0,
        "Operating Revenue": 0.0
    },
    "2024-03-31": {
        "Tax Effect Of Unusual Items": NaN,
        "Tax Rate For Calcs": NaN,
        "Normalized EBITDA": NaN,
        "Total Unusual Items": NaN,
        "Total Unusual Items Excluding Goodwill": NaN,
        "Net Income From Continuing Operation Net Minority Interest": NaN,
        "Reconciled Depreciation": NaN,
        "EBITDA": NaN,
        "EBIT": NaN,
        "Net Interest Income": NaN,
        "Interest Income": NaN,
        "Normalized Income": NaN,
        "Net Income From Continuing And Discontinued Operation": NaN,
        "Total Expenses": NaN,
        "Total Operating Income As Reported": NaN,
        "Diluted Average Shares": 104466178.0,
        "Basic Average Shares": 104466178.0,
        "Diluted EPS": -0.44,
        "Basic EPS": -0.44,
        "Diluted NI Availto Com Stockholders": NaN,
        "Net Income Common Stockholders": NaN,
        "Net Income": NaN,
        "Net Income Including Noncontrolling Interests": NaN,
        "Net Income Continuous Operations": NaN,
        "Tax Provision": NaN,
        "Pretax Income": NaN,
        "Other Income Expense": NaN,
        "Other Non Operating Income Expenses": NaN,
        "Securities Amortization": NaN,
        "Gain On Sale Of Security": NaN,
        "Net Non Operating Interest Income Expense": NaN,
        "Interest Income Non Operating": NaN,
        "Operating Income": NaN,
        "Operating Expense": NaN,
        "Research And Development": NaN,
        "Selling General And Administration": NaN,
        "General And Administrative Expense": NaN,
        "Other Gand A": NaN,
        "Salaries And Wages": NaN,
        "Total Revenue": NaN,
        "Operating Revenue": NaN
    },
    "2024-06-30": {
        "Tax Effect Of Unusual Items": NaN,
        "Tax Rate For Calcs": NaN,
        "Normalized EBITDA": NaN,
        "Total Unusual Items": NaN,
        "Total Unusual Items Excluding Goodwill": NaN,
        "Net Income From Continuing Operation Net Minority Interest": NaN,
        "Reconciled Depreciation": NaN,
        "EBITDA": NaN,
        "EBIT": NaN,
        "Net Interest Income": NaN,
        "Interest Income": NaN,
        "Normalized Income": NaN,
        "Net Income From Continuing And Discontinued Operation": NaN,
        "Total Expenses": NaN,
        "Total Operating Income As Reported": NaN,
        "Diluted Average Shares": 119188866.0,
        "Basic Average Shares": 119188866.0,
        "Diluted EPS": -0.46,
        "Basic EPS": -0.46,
        "Diluted NI Availto Com Stockholders": NaN,
        "Net Income Common Stockholders": NaN,
        "Net Income": NaN,
        "Net Income Including Noncontrolling Interests": NaN,
        "Net Income Continuous Operations": NaN,
        "Tax Provision": -134000.0,
        "Pretax Income": NaN,
        "Other Income Expense": NaN,
        "Other Non Operating Income Expenses": NaN,
        "Securities Amortization": NaN,
        "Gain On Sale Of Security": NaN,
        "Net Non Operating Interest Income Expense": NaN,
        "Interest Income Non Operating": NaN,
        "Operating Income": NaN,
        "Operating Expense": NaN,
        "Research And Development": NaN,
        "Selling General And Administration": NaN,
        "General And Administrative Expense": NaN,
        "Other Gand A": NaN,
        "Salaries And Wages": NaN,
        "Total Revenue": NaN,
        "Operating Revenue": NaN
    },
    "2024-09-30": {
        "Tax Effect Of Unusual Items": 0.0,
        "Tax Rate For Calcs": 0.0,
        "Normalized EBITDA": -52889000.0,
        "Total Unusual Items": 215000.0,
        "Total Unusual Items Excluding Goodwill": 215000.0,
        "Net Income From Continuing Operation Net Minority Interest": -52518000.0,
        "Reconciled Depreciation": 1558000.0,
        "EBITDA": -52674000.0,
        "EBIT": -54232000.0,
        "Net Interest Income": 697000.0,
        "Interest Income": 697000.0,
        "Normalized Income": -52733000.0,
        "Net Income From Continuing And Discontinued Operation": -52518000.0,
        "Total Expenses": 54441000.0,
        "Total Operating Income As Reported": -54232000.0,
        "Diluted Average Shares": 119764270.0,
        "Basic Average Shares": 119764270.0,
        "Diluted EPS": -0.44,
        "Basic EPS": -0.44,
        "Diluted NI Availto Com Stockholders": -52518000.0,
        "Net Income Common Stockholders": -52518000.0,
        "Net Income": -52518000.0,
        "Net Income Including Noncontrolling Interests": -52518000.0,
        "Net Income Continuous Operations": -52518000.0,
        "Tax Provision": 0.0,
        "Pretax Income": -52518000.0,
        "Other Income Expense": 1017000.0,
        "Other Non Operating Income Expenses": -83000.0,
        "Securities Amortization": -885000.0,
        "Gain On Sale Of Security": 215000.0,
        "Net Non Operating Interest Income Expense": 697000.0,
        "Interest Income Non Operating": 697000.0,
        "Operating Income": -54232000.0,
        "Operating Expense": 54441000.0,
        "Research And Development": 40340000.0,
        "Selling General And Administration": 14101000.0,
        "General And Administrative Expense": 14101000.0,
        "Other Gand A": 6668000.0,
        "Salaries And Wages": 7433000.0,
        "Total Revenue": 209000.0,
        "Operating Revenue": 209000.0
    },
    "2024-12-31": {
        "Tax Effect Of Unusual Items": 0.0,
        "Tax Rate For Calcs": 0.0,
        "Normalized EBITDA": -42564000.0,
        "Total Unusual Items": 59000.0,
        "Total Unusual Items Excluding Goodwill": 59000.0,
        "Net Income From Continuing Operation Net Minority Interest": -42276000.0,
        "Reconciled Depreciation": 1717000.0,
        "EBITDA": -42505000.0,
        "EBIT": -44222000.0,
        "Net Interest Income": 1538000.0,
        "Interest Income": 1538000.0,
        "Normalized Income": -42335000.0,
        "Net Income From Continuing And Discontinued Operation": -42276000.0,
        "Total Expenses": 46405000.0,
        "Total Operating Income As Reported": -44222000.0,
        "Diluted Average Shares": NaN,
        "Basic Average Shares": NaN,
        "Diluted EPS": NaN,
        "Basic EPS": NaN,
        "Diluted NI Availto Com Stockholders": -42276000.0,
        "Net Income Common Stockholders": -42276000.0,
        "Net Income": -42276000.0,
        "Net Income Including Noncontrolling Interests": -42276000.0,
        "Net Income Continuous Operations": -42276000.0,
        "Tax Provision": 0.0,
        "Pretax Income": -42276000.0,
        "Other Income Expense": 408000.0,
        "Other Non Operating Income Expenses": 43000.0,
        "Securities Amortization": -306000.0,
        "Gain On Sale Of Security": 59000.0,
        "Net Non Operating Interest Income Expense": 1538000.0,
        "Interest Income Non Operating": 1538000.0,
        "Operating Income": -44222000.0,
        "Operating Expense": 46405000.0,
        "Research And Development": 34104000.0,
        "Selling General And Administration": 12301000.0,
        "General And Administrative Expense": 12301000.0,
        "Other Gand A": 6005000.0,
        "Salaries And Wages": 6296000.0,
        "Total Revenue": 2183000.0,
        "Operating Revenue": 2183000.0
    },
    "2025-03-31": {
        "Tax Effect Of Unusual Items": 0.0,
        "Tax Rate For Calcs": 0.0,
        "Normalized EBITDA": -49636000.0,
        "Total Unusual Items": -1056000.0,
        "Total Unusual Items Excluding Goodwill": -1056000.0,
        "Net Income From Continuing Operation Net Minority Interest": -51890000.0,
        "Reconciled Depreciation": 1700000.0,
        "EBITDA": -50692000.0,
        "EBIT": -52392000.0,
        "Net Interest Income": 1182000.0,
        "Interest Income": 1182000.0,
        "Normalized Income": -50834000.0,
        "Net Income From Continuing And Discontinued Operation": -51890000.0,
        "Total Expenses": 53846000.0,
        "Total Operating Income As Reported": -52392000.0,
        "Diluted Average Shares": 130884490.0,
        "Basic Average Shares": 130884490.0,
        "Diluted EPS": -0.4,
        "Basic EPS": -0.4,
        "Diluted NI Availto Com Stockholders": -51890000.0,
        "Net Income Common Stockholders": -51890000.0,
        "Net Income": -51890000.0,
        "Net Income Including Noncontrolling Interests": -51890000.0,
        "Net Income Continuous Operations": -51890000.0,
        "Tax Provision": 0.0,
        "Pretax Income": -51890000.0,
        "Other Income Expense": -680000.0,
        "Other Non Operating Income Expenses": 37000.0,
        "Securities Amortization": -339000.0,
        "Gain On Sale Of Security": -1056000.0,
        "Net Non Operating Interest Income Expense": 1182000.0,
        "Interest Income Non Operating": 1182000.0,
        "Operating Income": -52392000.0,
        "Operating Expense": 53846000.0,
        "Research And Development": 40562000.0,
        "Selling General And Administration": 13284000.0,
        "General And Administrative Expense": 13284000.0,
        "Other Gand A": 6128000.0,
        "Salaries And Wages": 7156000.0,
        "Total Revenue": 1454000.0,
        "Operating Revenue": 1454000.0
    },
    "2025-06-30": {
        "Tax Effect Of Unusual Items": 0.0,
        "Tax Rate For Calcs": 0.0,
        "Normalized EBITDA": -51008000.0,
        "Total Unusual Items": -505000.0,
        "Total Unusual Items Excluding Goodwill": -505000.0,
        "Net Income From Continuing Operation Net Minority Interest": -52591000.0,
        "Reconciled Depreciation": 1864000.0,
        "EBITDA": -51513000.0,
        "EBIT": -53377000.0,
        "Net Interest Income": 743000.0,
        "Interest Income": 743000.0,
        "Normalized Income": -52086000.0,
        "Net Income From Continuing And Discontinued Operation": -52591000.0,
        "Total Expenses": 54492000.0,
        "Total Operating Income As Reported": -53377000.0,
        "Diluted Average Shares": 129185918.0,
        "Basic Average Shares": 129185918.0,
        "Diluted EPS": -0.41,
        "Basic EPS": -0.41,
        "Diluted NI Availto Com Stockholders": -52591000.0,
        "Net Income Common Stockholders": -52591000.0,
        "Net Income": -52591000.0,
        "Net Income Including Noncontrolling Interests": -52591000.0,
        "Net Income Continuous Operations": -52591000.0,
        "Tax Provision": 0.0,
        "Pretax Income": -52591000.0,
        "Other Income Expense": 43000.0,
        "Other Non Operating Income Expenses": 18000.0,
        "Securities Amortization": -530000.0,
        "Gain On Sale Of Security": -505000.0,
        "Net Non Operating Interest Income Expense": 743000.0,
        "Interest Income Non Operating": 743000.0,
        "Operating Income": -53377000.0,
        "Operating Expense": 54492000.0,
        "Research And Development": 41375000.0,
        "Selling General And Administration": 13117000.0,
        "General And Administrative Expense": 13117000.0,
        "Other Gand A": 6035000.0,
        "Salaries And Wages": 7082000.0,
        "Total Revenue": 1115000.0,
        "Operating Revenue": 1115000.0
    },
    "2025-09-30": {
        "Tax Effect Of Unusual Items": 0.0,
        "Tax Rate For Calcs": 0.0,
        "Normalized EBITDA": -53546000.0,
        "Total Unusual Items": 1454000.0,
        "Total Unusual Items Excluding Goodwill": 1454000.0,
        "Net Income From Continuing Operation Net Minority Interest": -50582000.0,
        "Reconciled Depreciation": 1881000.0,
        "EBITDA": -52092000.0,
        "EBIT": -53973000.0,
        "Net Interest Income": 1141000.0,
        "Interest Income": 1141000.0,
        "Normalized Income": -52036000.0,
        "Net Income From Continuing And Discontinued Operation": -50582000.0,
        "Total Expenses": 55198000.0,
        "Total Operating Income As Reported": -53973000.0,
        "Diluted Average Shares": 160503183.0,
        "Basic Average Shares": 160503183.0,
        "Diluted EPS": -0.32,
        "Basic EPS": -0.32,
        "Diluted NI Availto Com Stockholders": -50582000.0,
        "Net Income Common Stockholders": -50582000.0,
        "Net Income": -50582000.0,
        "Net Income Including Noncontrolling Interests": -50582000.0,
        "Net Income Continuous Operations": -50582000.0,
        "Tax Provision": NaN,
        "Pretax Income": -50582000.0,
        "Other Income Expense": 2250000.0,
        "Other Non Operating Income Expenses": 44000.0,
        "Securities Amortization": -752000.0,
        "Gain On Sale Of Security": 1454000.0,
        "Net Non Operating Interest Income Expense": 1141000.0,
        "Interest Income Non Operating": 1141000.0,
        "Operating Income": -53973000.0,
        "Operating Expense": 55198000.0,
        "Research And Development": 43990000.0,
        "Selling General And Administration": 11208000.0,
        "General And Administrative Expense": 11208000.0,
        "Other Gand A": 6838000.0,
        "Salaries And Wages": 4370000.0,
        "Total Revenue": 1225000.0,
        "Operating Revenue": 1225000.0
    }
}