{
    "2023-03-31": {
        "Tax Effect Of Unusual Items": NaN,
        "Tax Rate For Calcs": NaN,
        "Normalized EBITDA": NaN,
        "Total Unusual Items": 1000.0,
        "Total Unusual Items Excluding Goodwill": 1000.0,
        "Net Income From Continuing Operation Net Minority Interest": NaN,
        "Reconciled Depreciation": NaN,
        "Reconciled Cost Of Revenue": NaN,
        "EBITDA": NaN,
        "EBIT": NaN,
        "Net Interest Income": NaN,
        "Interest Expense": 192000.0,
        "Interest Income": 297000.0,
        "Normalized Income": NaN,
        "Net Income From Continuing And Discontinued Operation": NaN,
        "Total Expenses": NaN,
        "Total Operating Income As Reported": NaN,
        "Diluted Average Shares": NaN,
        "Basic Average Shares": NaN,
        "Diluted EPS": NaN,
        "Basic EPS": NaN,
        "Diluted NI Availto Com Stockholders": NaN,
        "Net Income Common Stockholders": NaN,
        "Net Income": NaN,
        "Net Income Including Noncontrolling Interests": NaN,
        "Net Income Continuous Operations": NaN,
        "Tax Provision": NaN,
        "Pretax Income": NaN,
        "Other Income Expense": 1000.0,
        "Gain On Sale Of Security": 1000.0,
        "Net Non Operating Interest Income Expense": NaN,
        "Total Other Finance Cost": -145000.0,
        "Interest Expense Non Operating": 192000.0,
        "Interest Income Non Operating": 297000.0,
        "Operating Income": NaN,
        "Operating Expense": NaN,
        "Research And Development": NaN,
        "Selling General And Administration": NaN,
        "Selling And Marketing Expense": NaN,
        "General And Administrative Expense": NaN,
        "Other Gand A": NaN,
        "Gross Profit": NaN,
        "Cost Of Revenue": NaN,
        "Total Revenue": NaN,
        "Operating Revenue": NaN
    },
    "2022-12-31": {
        "Tax Effect Of Unusual Items": NaN,
        "Tax Rate For Calcs": NaN,
        "Normalized EBITDA": NaN,
        "Total Unusual Items": -3419000.0,
        "Total Unusual Items Excluding Goodwill": -3419000.0,
        "Net Income From Continuing Operation Net Minority Interest": NaN,
        "Reconciled Depreciation": NaN,
        "Reconciled Cost Of Revenue": NaN,
        "EBITDA": NaN,
        "EBIT": NaN,
        "Net Interest Income": NaN,
        "Interest Expense": 128000.0,
        "Interest Income": 234000.0,
        "Normalized Income": NaN,
        "Net Income From Continuing And Discontinued Operation": NaN,
        "Total Expenses": NaN,
        "Total Operating Income As Reported": NaN,
        "Diluted Average Shares": NaN,
        "Basic Average Shares": NaN,
        "Diluted EPS": NaN,
        "Basic EPS": NaN,
        "Diluted NI Availto Com Stockholders": NaN,
        "Net Income Common Stockholders": NaN,
        "Net Income": NaN,
        "Net Income Including Noncontrolling Interests": NaN,
        "Net Income Continuous Operations": NaN,
        "Tax Provision": NaN,
        "Pretax Income": NaN,
        "Other Income Expense": -3419000.0,
        "Gain On Sale Of Security": -895000.0,
        "Net Non Operating Interest Income Expense": NaN,
        "Total Other Finance Cost": NaN,
        "Interest Expense Non Operating": 128000.0,
        "Interest Income Non Operating": 234000.0,
        "Operating Income": NaN,
        "Operating Expense": NaN,
        "Research And Development": NaN,
        "Selling General And Administration": NaN,
        "Selling And Marketing Expense": NaN,
        "General And Administrative Expense": NaN,
        "Other Gand A": NaN,
        "Gross Profit": NaN,
        "Cost Of Revenue": NaN,
        "Total Revenue": NaN,
        "Operating Revenue": NaN
    },
    "2022-09-30": {
        "Tax Effect Of Unusual Items": NaN,
        "Tax Rate For Calcs": NaN,
        "Normalized EBITDA": NaN,
        "Total Unusual Items": 3037000.0,
        "Total Unusual Items Excluding Goodwill": 3037000.0,
        "Net Income From Continuing Operation Net Minority Interest": NaN,
        "Reconciled Depreciation": NaN,
        "Reconciled Cost Of Revenue": NaN,
        "EBITDA": NaN,
        "EBIT": NaN,
        "Net Interest Income": NaN,
        "Interest Expense": 14000.0,
        "Interest Income": NaN,
        "Normalized Income": NaN,
        "Net Income From Continuing And Discontinued Operation": NaN,
        "Total Expenses": NaN,
        "Total Operating Income As Reported": NaN,
        "Diluted Average Shares": 20820833.0,
        "Basic Average Shares": 20820833.0,
        "Diluted EPS": -0.24,
        "Basic EPS": -0.24,
        "Diluted NI Availto Com Stockholders": NaN,
        "Net Income Common Stockholders": NaN,
        "Net Income": NaN,
        "Net Income Including Noncontrolling Interests": NaN,
        "Net Income Continuous Operations": NaN,
        "Tax Provision": NaN,
        "Pretax Income": NaN,
        "Other Income Expense": 3037000.0,
        "Gain On Sale Of Security": 3037000.0,
        "Net Non Operating Interest Income Expense": NaN,
        "Total Other Finance Cost": NaN,
        "Interest Expense Non Operating": 14000.0,
        "Interest Income Non Operating": NaN,
        "Operating Income": NaN,
        "Operating Expense": NaN,
        "Research And Development": NaN,
        "Selling General And Administration": NaN,
        "Selling And Marketing Expense": NaN,
        "General And Administrative Expense": NaN,
        "Other Gand A": NaN,
        "Gross Profit": NaN,
        "Cost Of Revenue": NaN,
        "Total Revenue": NaN,
        "Operating Revenue": NaN
    },
    "2022-06-30": {
        "Tax Effect Of Unusual Items": 654800.0,
        "Tax Rate For Calcs": 0.4,
        "Normalized EBITDA": -7038000.0,
        "Total Unusual Items": 1637000.0,
        "Total Unusual Items Excluding Goodwill": 1637000.0,
        "Net Income From Continuing Operation Net Minority Interest": -5930000.0,
        "Reconciled Depreciation": 497000.0,
        "Reconciled Cost Of Revenue": 1089000.0,
        "EBITDA": -5401000.0,
        "EBIT": -5898000.0,
        "Net Interest Income": 227000.0,
        "Interest Expense": 16000.0,
        "Interest Income": 243000.0,
        "Normalized Income": -6912200.0,
        "Net Income From Continuing And Discontinued Operation": -5930000.0,
        "Total Expenses": 9803000.0,
        "Total Operating Income As Reported": 7778000.0,
        "Diluted Average Shares": 21178571.0,
        "Basic Average Shares": 21178571.0,
        "Diluted EPS": -0.28,
        "Basic EPS": -0.28,
        "Diluted NI Availto Com Stockholders": -5930000.0,
        "Net Income Common Stockholders": -5930000.0,
        "Net Income": -5930000.0,
        "Net Income Including Noncontrolling Interests": -5930000.0,
        "Net Income Continuous Operations": -5930000.0,
        "Tax Provision": 16000.0,
        "Pretax Income": -5914000.0,
        "Other Income Expense": 1637000.0,
        "Gain On Sale Of Security": 1637000.0,
        "Net Non Operating Interest Income Expense": 227000.0,
        "Total Other Finance Cost": NaN,
        "Interest Expense Non Operating": 16000.0,
        "Interest Income Non Operating": 243000.0,
        "Operating Income": -7778000.0,
        "Operating Expense": 8714000.0,
        "Research And Development": 3688000.0,
        "Selling General And Administration": 5026000.0,
        "Selling And Marketing Expense": 2394000.0,
        "General And Administrative Expense": 2632000.0,
        "Other Gand A": 2632000.0,
        "Gross Profit": 936000.0,
        "Cost Of Revenue": 1089000.0,
        "Total Revenue": 2025000.0,
        "Operating Revenue": 2025000.0
    },
    "2022-03-31": {
        "Diluted EPS": -0.4,
        "Total Revenue": 1,
        "Gross Profit": 0,
        "Operating Income": -7,
        "EBIT": -7,
        "Net Income": -8
    },
    "2021-12-31": {
        "Diluted EPS": -0.49,
        "Total Revenue": 1,
        "Gross Profit": 0,
        "Operating Income": -10,
        "EBIT": -9,
        "Net Income": -10
    },
    "2021-09-30": {
        "Diluted EPS": -0.29,
        "Total Revenue": 3,
        "Gross Profit": 1,
        "Operating Income": -8,
        "EBIT": -7,
        "Net Income": -6
    },
    "2021-06-30": {
        "Diluted EPS": -0.35,
        "Total Revenue": 3,
        "Gross Profit": 1,
        "Operating Income": -6,
        "EBIT": -6,
        "Net Income": -7
    },
    "2021-03-31": {
        "Diluted EPS": -0.37,
        "Total Revenue": 1,
        "Gross Profit": 0,
        "Operating Income": -7,
        "EBIT": -6,
        "Net Income": -7
    },
    "2020-12-31": {
        "Diluted EPS": -0.41,
        "Total Revenue": 3,
        "Gross Profit": 1,
        "Operating Income": -5,
        "EBIT": -5,
        "Net Income": -8
    },
    "2020-09-30": {
        "Diluted EPS": -0.33,
        "Total Revenue": 2,
        "Gross Profit": 1,
        "Operating Income": -5,
        "EBIT": -5,
        "Net Income": -6
    },
    "2020-06-30": {
        "Diluted EPS": -0.33,
        "Total Revenue": 1,
        "Gross Profit": 0,
        "Operating Income": -4,
        "EBIT": -4,
        "Net Income": -5
    },
    "2020-03-31": {
        "Diluted EPS": -0.18,
        "Total Revenue": 1,
        "Gross Profit": 0,
        "Operating Income": -5,
        "EBIT": -4,
        "Net Income": -3
    },
    "2019-12-31": {
        "Diluted EPS": -0.33,
        "Total Revenue": 2,
        "Gross Profit": 2,
        "Operating Income": 2,
        "EBIT": 2,
        "Net Income": -4
    },
    "2019-09-30": {
        "Diluted EPS": -0.43,
        "Total Revenue": 1,
        "Gross Profit": 1,
        "Operating Income": 1,
        "EBIT": 1,
        "Net Income": -5
    },
    "2019-06-30": {
        "Diluted EPS": -0.04,
        "Total Revenue": 0,
        "Gross Profit": 0,
        "Operating Income": 0,
        "EBIT": 0,
        "Net Income": -4
    },
    "2019-03-31": {
        "Diluted EPS": -0.02,
        "Total Revenue": 1,
        "Gross Profit": 1,
        "Operating Income": 1,
        "EBIT": 1,
        "Net Income": -2
    },
    "2023-06-30": {
        "Tax Effect Of Unusual Items": NaN,
        "Tax Rate For Calcs": NaN,
        "Normalized EBITDA": NaN,
        "Total Unusual Items": -1187000.0,
        "Total Unusual Items Excluding Goodwill": -1187000.0,
        "Net Income From Continuing Operation Net Minority Interest": NaN,
        "Reconciled Depreciation": NaN,
        "Reconciled Cost Of Revenue": NaN,
        "EBITDA": NaN,
        "EBIT": NaN,
        "Net Interest Income": NaN,
        "Interest Expense": 192000.0,
        "Interest Income": 455000.0,
        "Normalized Income": NaN,
        "Net Income From Continuing And Discontinued Operation": NaN,
        "Total Expenses": NaN,
        "Total Operating Income As Reported": NaN,
        "Diluted Average Shares": 21014286.0,
        "Basic Average Shares": 21014286.0,
        "Diluted EPS": -0.35,
        "Basic EPS": -0.35,
        "Diluted NI Availto Com Stockholders": NaN,
        "Net Income Common Stockholders": NaN,
        "Net Income": NaN,
        "Net Income Including Noncontrolling Interests": NaN,
        "Net Income Continuous Operations": NaN,
        "Tax Provision": NaN,
        "Pretax Income": NaN,
        "Other Income Expense": -1187000.0,
        "Gain On Sale Of Security": -1187000.0,
        "Net Non Operating Interest Income Expense": NaN,
        "Total Other Finance Cost": 884000.0,
        "Interest Expense Non Operating": 192000.0,
        "Interest Income Non Operating": 455000.0,
        "Operating Income": NaN,
        "Operating Expense": NaN,
        "Research And Development": NaN,
        "Selling General And Administration": NaN,
        "Selling And Marketing Expense": NaN,
        "General And Administrative Expense": NaN,
        "Other Gand A": NaN,
        "Gross Profit": NaN,
        "Cost Of Revenue": NaN,
        "Total Revenue": NaN,
        "Operating Revenue": NaN
    },
    "2023-09-30": {
        "Tax Effect Of Unusual Items": NaN,
        "Tax Rate For Calcs": NaN,
        "Normalized EBITDA": NaN,
        "Total Unusual Items": 743000.0,
        "Total Unusual Items Excluding Goodwill": 743000.0,
        "Net Income From Continuing Operation Net Minority Interest": NaN,
        "Reconciled Depreciation": NaN,
        "Reconciled Cost Of Revenue": NaN,
        "EBITDA": NaN,
        "EBIT": NaN,
        "Net Interest Income": NaN,
        "Interest Expense": NaN,
        "Interest Income": 1014000.0,
        "Normalized Income": NaN,
        "Net Income From Continuing And Discontinued Operation": NaN,
        "Total Expenses": NaN,
        "Total Operating Income As Reported": NaN,
        "Diluted Average Shares": NaN,
        "Basic Average Shares": NaN,
        "Diluted EPS": NaN,
        "Basic EPS": NaN,
        "Diluted NI Availto Com Stockholders": NaN,
        "Net Income Common Stockholders": NaN,
        "Net Income": NaN,
        "Net Income Including Noncontrolling Interests": NaN,
        "Net Income Continuous Operations": NaN,
        "Tax Provision": NaN,
        "Pretax Income": NaN,
        "Other Income Expense": 743000.0,
        "Gain On Sale Of Security": 743000.0,
        "Net Non Operating Interest Income Expense": NaN,
        "Total Other Finance Cost": -283000.0,
        "Interest Expense Non Operating": NaN,
        "Interest Income Non Operating": 1014000.0,
        "Operating Income": NaN,
        "Operating Expense": NaN,
        "Research And Development": NaN,
        "Selling General And Administration": NaN,
        "Selling And Marketing Expense": 2181000.0,
        "General And Administrative Expense": 2024000.0,
        "Other Gand A": 2024000.0,
        "Gross Profit": NaN,
        "Cost Of Revenue": NaN,
        "Total Revenue": NaN,
        "Operating Revenue": NaN
    },
    "2023-12-31": {
        "Tax Effect Of Unusual Items": NaN,
        "Tax Rate For Calcs": NaN,
        "Normalized EBITDA": NaN,
        "Total Unusual Items": NaN,
        "Total Unusual Items Excluding Goodwill": NaN,
        "Net Income From Continuing Operation Net Minority Interest": NaN,
        "Reconciled Depreciation": NaN,
        "Reconciled Cost Of Revenue": NaN,
        "EBITDA": NaN,
        "EBIT": NaN,
        "Net Interest Income": NaN,
        "Interest Expense": NaN,
        "Interest Income": 1367000.0,
        "Normalized Income": NaN,
        "Net Income From Continuing And Discontinued Operation": NaN,
        "Total Expenses": NaN,
        "Total Operating Income As Reported": NaN,
        "Diluted Average Shares": NaN,
        "Basic Average Shares": NaN,
        "Diluted EPS": NaN,
        "Basic EPS": NaN,
        "Diluted NI Availto Com Stockholders": NaN,
        "Net Income Common Stockholders": NaN,
        "Net Income": NaN,
        "Net Income Including Noncontrolling Interests": NaN,
        "Net Income Continuous Operations": NaN,
        "Tax Provision": NaN,
        "Pretax Income": NaN,
        "Other Income Expense": NaN,
        "Gain On Sale Of Security": NaN,
        "Net Non Operating Interest Income Expense": NaN,
        "Total Other Finance Cost": NaN,
        "Interest Expense Non Operating": NaN,
        "Interest Income Non Operating": 1367000.0,
        "Operating Income": NaN,
        "Operating Expense": NaN,
        "Research And Development": NaN,
        "Selling General And Administration": NaN,
        "Selling And Marketing Expense": 2916000.0,
        "General And Administrative Expense": 2958000.0,
        "Other Gand A": 2958000.0,
        "Gross Profit": NaN,
        "Cost Of Revenue": NaN,
        "Total Revenue": NaN,
        "Operating Revenue": NaN
    },
    "2024-03-31": {
        "Tax Effect Of Unusual Items": NaN,
        "Tax Rate For Calcs": NaN,
        "Normalized EBITDA": NaN,
        "Total Unusual Items": 870000.0,
        "Total Unusual Items Excluding Goodwill": 870000.0,
        "Net Income From Continuing Operation Net Minority Interest": NaN,
        "Reconciled Depreciation": NaN,
        "Reconciled Cost Of Revenue": NaN,
        "EBITDA": NaN,
        "EBIT": NaN,
        "Net Interest Income": NaN,
        "Interest Expense": NaN,
        "Normalized Income": NaN,
        "Net Income From Continuing And Discontinued Operation": NaN,
        "Total Expenses": NaN,
        "Total Operating Income As Reported": NaN,
        "Diluted Average Shares": NaN,
        "Basic Average Shares": NaN,
        "Diluted EPS": NaN,
        "Basic EPS": NaN,
        "Diluted NI Availto Com Stockholders": NaN,
        "Net Income Common Stockholders": NaN,
        "Net Income": NaN,
        "Net Income Including Noncontrolling Interests": NaN,
        "Net Income Continuous Operations": NaN,
        "Tax Provision": NaN,
        "Pretax Income": NaN,
        "Other Income Expense": 870000.0,
        "Gain On Sale Of Security": 870000.0,
        "Net Non Operating Interest Income Expense": NaN,
        "Total Other Finance Cost": -462000.0,
        "Interest Expense Non Operating": NaN,
        "Operating Income": NaN,
        "Operating Expense": NaN,
        "Research And Development": NaN,
        "Selling General And Administration": NaN,
        "Selling And Marketing Expense": 2431000.0,
        "General And Administrative Expense": 2387000.0,
        "Other Gand A": 2387000.0,
        "Gross Profit": NaN,
        "Cost Of Revenue": NaN,
        "Total Revenue": NaN,
        "Operating Revenue": NaN
    },
    "2024-06-30": {
        "Tax Effect Of Unusual Items": 78000.0,
        "Tax Rate For Calcs": 0.15,
        "Normalized EBITDA": -8128000.0,
        "Total Unusual Items": 520000.0,
        "Total Unusual Items Excluding Goodwill": 520000.0,
        "Net Income From Continuing Operation Net Minority Interest": -6919000.0,
        "Reconciled Depreciation": 234000.0,
        "Reconciled Cost Of Revenue": 812000.0,
        "EBITDA": -7608000.0,
        "EBIT": -7842000.0,
        "Net Interest Income": 422000.0,
        "Interest Expense": NaN,
        "Normalized Income": -7361000.0,
        "Net Income From Continuing And Discontinued Operation": -6919000.0,
        "Total Expenses": 10075000.0,
        "Total Operating Income As Reported": -7842000.0,
        "Diluted Average Shares": 24440444.0,
        "Basic Average Shares": 24440444.0,
        "Diluted EPS": -0.28,
        "Basic EPS": -0.28,
        "Diluted NI Availto Com Stockholders": -6919000.0,
        "Net Income Common Stockholders": -6919000.0,
        "Net Income": -6919000.0,
        "Net Income Including Noncontrolling Interests": -6919000.0,
        "Net Income Continuous Operations": -6919000.0,
        "Tax Provision": 19000.0,
        "Pretax Income": -6900000.0,
        "Other Income Expense": 520000.0,
        "Gain On Sale Of Security": 520000.0,
        "Net Non Operating Interest Income Expense": 422000.0,
        "Total Other Finance Cost": -422000.0,
        "Interest Expense Non Operating": NaN,
        "Operating Income": -7842000.0,
        "Operating Expense": 9263000.0,
        "Research And Development": 4205000.0,
        "Selling General And Administration": 5058000.0,
        "Selling And Marketing Expense": 2969000.0,
        "General And Administrative Expense": 2109000.0,
        "Other Gand A": 2109000.0,
        "Gross Profit": 1421000.0,
        "Cost Of Revenue": 812000.0,
        "Total Revenue": 2233000.0,
        "Operating Revenue": 2233000.0
    },
    "2024-09-30": {
        "Tax Effect Of Unusual Items": -61500.0,
        "Tax Rate For Calcs": 0.15,
        "Normalized EBITDA": -8374000.0,
        "Total Unusual Items": -410000.0,
        "Total Unusual Items Excluding Goodwill": -410000.0,
        "Net Income From Continuing Operation Net Minority Interest": -9365000.0,
        "Reconciled Depreciation": 214000.0,
        "Reconciled Cost Of Revenue": 1044000.0,
        "EBITDA": -8784000.0,
        "EBIT": -8998000.0,
        "Net Interest Income": 220000.0,
        "Interest Expense": 199000.0,
        "Normalized Income": -9016500.0,
        "Net Income From Continuing And Discontinued Operation": -9365000.0,
        "Total Expenses": 11830000.0,
        "Total Operating Income As Reported": -8998000.0,
        "Diluted Average Shares": 24534964.0,
        "Basic Average Shares": 24534964.0,
        "Diluted EPS": -0.38,
        "Basic EPS": -0.38,
        "Diluted NI Availto Com Stockholders": -9365000.0,
        "Net Income Common Stockholders": -9365000.0,
        "Net Income": -9365000.0,
        "Net Income Including Noncontrolling Interests": -9365000.0,
        "Net Income Continuous Operations": -9365000.0,
        "Tax Provision": 177000.0,
        "Pretax Income": -9188000.0,
        "Other Income Expense": -410000.0,
        "Gain On Sale Of Security": -410000.0,
        "Net Non Operating Interest Income Expense": 220000.0,
        "Total Other Finance Cost": -220000.0,
        "Interest Expense Non Operating": 199000.0,
        "Operating Income": -8998000.0,
        "Operating Expense": 10786000.0,
        "Research And Development": 4166000.0,
        "Selling General And Administration": 6620000.0,
        "Selling And Marketing Expense": 2915000.0,
        "General And Administrative Expense": 3725000.0,
        "Other Gand A": 3725000.0,
        "Gross Profit": 1788000.0,
        "Cost Of Revenue": 1044000.0,
        "Total Revenue": 2832000.0,
        "Operating Revenue": 2832000.0
    },
    "2024-12-31": {
        "Tax Effect Of Unusual Items": 0.0,
        "Tax Rate For Calcs": 0.042714,
        "Normalized EBITDA": -8683000.0,
        "Total Unusual Items": NaN,
        "Total Unusual Items Excluding Goodwill": NaN,
        "Net Income From Continuing Operation Net Minority Interest": -5334000.0,
        "Reconciled Depreciation": 76000.0,
        "Reconciled Cost Of Revenue": 1181000.0,
        "EBITDA": -8683000.0,
        "EBIT": -8759000.0,
        "Net Interest Income": -621000.0,
        "Interest Expense": NaN,
        "Normalized Income": -5334000.0,
        "Net Income From Continuing And Discontinued Operation": -5334000.0,
        "Total Expenses": 12464000.0,
        "Total Operating Income As Reported": -8759000.0,
        "Diluted Average Shares": 25770800.0,
        "Basic Average Shares": 25770800.0,
        "Diluted EPS": -0.2,
        "Basic EPS": -0.2,
        "Diluted NI Availto Com Stockholders": -5334000.0,
        "Net Income Common Stockholders": -5334000.0,
        "Net Income": -5334000.0,
        "Net Income Including Noncontrolling Interests": -5334000.0,
        "Net Income Continuous Operations": -5334000.0,
        "Tax Provision": -238000.0,
        "Pretax Income": -5572000.0,
        "Other Income Expense": NaN,
        "Gain On Sale Of Security": NaN,
        "Net Non Operating Interest Income Expense": -621000.0,
        "Total Other Finance Cost": NaN,
        "Interest Expense Non Operating": NaN,
        "Operating Income": -8759000.0,
        "Operating Expense": 11283000.0,
        "Research And Development": 4685000.0,
        "Selling General And Administration": 6598000.0,
        "Selling And Marketing Expense": NaN,
        "General And Administrative Expense": NaN,
        "Other Gand A": NaN,
        "Gross Profit": 2524000.0,
        "Cost Of Revenue": 1181000.0,
        "Total Revenue": 3705000.0,
        "Operating Revenue": 3705000.0
    },
    "2025-03-31": {
        "Tax Effect Of Unusual Items": 5700.0,
        "Tax Rate For Calcs": 0.15,
        "Normalized EBITDA": -11041000.0,
        "Total Unusual Items": 38000.0,
        "Total Unusual Items Excluding Goodwill": 38000.0,
        "Net Income From Continuing Operation Net Minority Interest": -10724000.0,
        "Reconciled Depreciation": 163000.0,
        "Reconciled Cost Of Revenue": 768000.0,
        "EBITDA": -11003000.0,
        "EBIT": -11166000.0,
        "Net Interest Income": 445000.0,
        "Interest Expense": NaN,
        "Normalized Income": -10756300.0,
        "Net Income From Continuing And Discontinued Operation": -10724000.0,
        "Total Expenses": 13787000.0,
        "Total Operating Income As Reported": -11166000.0,
        "Diluted Average Shares": 30041735.0,
        "Basic Average Shares": 30041735.0,
        "Diluted EPS": -0.36,
        "Basic EPS": -0.36,
        "Diluted NI Availto Com Stockholders": -10724000.0,
        "Net Income Common Stockholders": -10724000.0,
        "Net Income": -10724000.0,
        "Net Income Including Noncontrolling Interests": -10724000.0,
        "Net Income Continuous Operations": -10724000.0,
        "Tax Provision": 41000.0,
        "Pretax Income": -10683000.0,
        "Other Income Expense": 38000.0,
        "Gain On Sale Of Security": 38000.0,
        "Net Non Operating Interest Income Expense": 445000.0,
        "Total Other Finance Cost": -445000.0,
        "Interest Expense Non Operating": NaN,
        "Operating Income": -11166000.0,
        "Operating Expense": 13019000.0,
        "Research And Development": 4808000.0,
        "Selling General And Administration": 8211000.0,
        "Selling And Marketing Expense": NaN,
        "General And Administrative Expense": NaN,
        "Other Gand A": NaN,
        "Gross Profit": 1853000.0,
        "Cost Of Revenue": 768000.0,
        "Total Revenue": 2621000.0,
        "Operating Revenue": 2621000.0
    },
    "2025-06-30": {
        "Tax Effect Of Unusual Items": -325200.0,
        "Tax Rate For Calcs": 0.15,
        "Normalized EBITDA": -11497000.0,
        "Total Unusual Items": -2168000.0,
        "Total Unusual Items Excluding Goodwill": -2168000.0,
        "Net Income From Continuing Operation Net Minority Interest": -15695000.0,
        "Reconciled Depreciation": 141000.0,
        "Reconciled Cost Of Revenue": 593000.0,
        "EBITDA": -13665000.0,
        "EBIT": -13806000.0,
        "Net Interest Income": 343000.0,
        "Interest Expense": NaN,
        "Normalized Income": -13852200.0,
        "Net Income From Continuing And Discontinued Operation": -15695000.0,
        "Total Expenses": 16017000.0,
        "Total Operating Income As Reported": -13806000.0,
        "Diluted Average Shares": 30053142.0,
        "Basic Average Shares": 30053142.0,
        "Diluted EPS": -0.52,
        "Basic EPS": -0.52,
        "Diluted NI Availto Com Stockholders": -15695000.0,
        "Net Income Common Stockholders": -15695000.0,
        "Net Income": -15695000.0,
        "Net Income Including Noncontrolling Interests": -15695000.0,
        "Net Income Continuous Operations": -15695000.0,
        "Tax Provision": 64000.0,
        "Pretax Income": -15631000.0,
        "Other Income Expense": -2168000.0,
        "Gain On Sale Of Security": -2168000.0,
        "Net Non Operating Interest Income Expense": 343000.0,
        "Total Other Finance Cost": -343000.0,
        "Interest Expense Non Operating": NaN,
        "Operating Income": -13806000.0,
        "Operating Expense": 15424000.0,
        "Research And Development": 6098000.0,
        "Selling General And Administration": 9326000.0,
        "Selling And Marketing Expense": NaN,
        "General And Administrative Expense": NaN,
        "Other Gand A": NaN,
        "Gross Profit": 1618000.0,
        "Cost Of Revenue": 593000.0,
        "Total Revenue": 2211000.0,
        "Operating Revenue": 2211000.0
    }
}