{
    "2023-03-31": {
        "Tax Effect Of Unusual Items": NaN,
        "Tax Rate For Calcs": NaN,
        "Normalized EBITDA": NaN,
        "Total Unusual Items": NaN,
        "Total Unusual Items Excluding Goodwill": NaN,
        "Net Income From Continuing Operation Net Minority Interest": NaN,
        "Reconciled Depreciation": NaN,
        "EBITDA": NaN,
        "EBIT": NaN,
        "Net Interest Income": NaN,
        "Normalized Income": NaN,
        "Net Income From Continuing And Discontinued Operation": NaN,
        "Total Expenses": NaN,
        "Total Operating Income As Reported": NaN,
        "Diluted Average Shares": NaN,
        "Basic Average Shares": NaN,
        "Diluted EPS": NaN,
        "Basic EPS": NaN,
        "Diluted NI Availto Com Stockholders": NaN,
        "Net Income Common Stockholders": NaN,
        "Net Income": NaN,
        "Minority Interests": NaN,
        "Net Income Including Noncontrolling Interests": NaN,
        "Net Income Continuous Operations": NaN,
        "Tax Provision": NaN,
        "Pretax Income": NaN,
        "Other Income Expense": NaN,
        "Other Non Operating Income Expenses": NaN,
        "Special Income Charges": NaN,
        "Gain On Sale Of Business": 0.0,
        "Other Special Charges": -408000.0,
        "Earnings From Equity Interest": NaN,
        "Net Non Operating Interest Income Expense": NaN,
        "Total Other Finance Cost": NaN,
        "Operating Income": NaN,
        "Operating Expense": NaN,
        "Other Operating Expenses": -42000.0,
        "Research And Development": NaN,
        "Selling General And Administration": NaN,
        "General And Administrative Expense": NaN,
        "Other Gand A": NaN,
        "Total Revenue": NaN,
        "Operating Revenue": NaN
    },
    "2022-12-31": {
        "Tax Effect Of Unusual Items": NaN,
        "Tax Rate For Calcs": NaN,
        "Normalized EBITDA": NaN,
        "Total Unusual Items": NaN,
        "Total Unusual Items Excluding Goodwill": NaN,
        "Net Income From Continuing Operation Net Minority Interest": NaN,
        "Reconciled Depreciation": NaN,
        "EBITDA": NaN,
        "EBIT": NaN,
        "Net Interest Income": NaN,
        "Normalized Income": NaN,
        "Net Income From Continuing And Discontinued Operation": NaN,
        "Total Expenses": NaN,
        "Total Operating Income As Reported": NaN,
        "Diluted Average Shares": NaN,
        "Basic Average Shares": NaN,
        "Diluted EPS": NaN,
        "Basic EPS": NaN,
        "Diluted NI Availto Com Stockholders": NaN,
        "Net Income Common Stockholders": NaN,
        "Net Income": NaN,
        "Minority Interests": NaN,
        "Net Income Including Noncontrolling Interests": NaN,
        "Net Income Continuous Operations": NaN,
        "Tax Provision": NaN,
        "Pretax Income": NaN,
        "Other Income Expense": NaN,
        "Other Non Operating Income Expenses": NaN,
        "Special Income Charges": NaN,
        "Gain On Sale Of Business": 0.0,
        "Other Special Charges": -1482000.0,
        "Earnings From Equity Interest": NaN,
        "Net Non Operating Interest Income Expense": NaN,
        "Total Other Finance Cost": NaN,
        "Operating Income": NaN,
        "Operating Expense": NaN,
        "Other Operating Expenses": NaN,
        "Research And Development": NaN,
        "Selling General And Administration": NaN,
        "General And Administrative Expense": NaN,
        "Other Gand A": NaN,
        "Total Revenue": NaN,
        "Operating Revenue": NaN
    },
    "2022-09-30": {
        "Tax Effect Of Unusual Items": NaN,
        "Tax Rate For Calcs": NaN,
        "Normalized EBITDA": NaN,
        "Total Unusual Items": NaN,
        "Total Unusual Items Excluding Goodwill": NaN,
        "Net Income From Continuing Operation Net Minority Interest": NaN,
        "Reconciled Depreciation": NaN,
        "EBITDA": NaN,
        "EBIT": NaN,
        "Net Interest Income": NaN,
        "Normalized Income": NaN,
        "Net Income From Continuing And Discontinued Operation": NaN,
        "Total Expenses": NaN,
        "Total Operating Income As Reported": NaN,
        "Diluted Average Shares": 71382837.0,
        "Basic Average Shares": 71382837.0,
        "Diluted EPS": -0.33,
        "Basic EPS": -0.33,
        "Diluted NI Availto Com Stockholders": NaN,
        "Net Income Common Stockholders": NaN,
        "Net Income": NaN,
        "Minority Interests": NaN,
        "Net Income Including Noncontrolling Interests": NaN,
        "Net Income Continuous Operations": NaN,
        "Tax Provision": NaN,
        "Pretax Income": NaN,
        "Other Income Expense": NaN,
        "Other Non Operating Income Expenses": NaN,
        "Special Income Charges": NaN,
        "Gain On Sale Of Business": 0.0,
        "Other Special Charges": NaN,
        "Earnings From Equity Interest": NaN,
        "Net Non Operating Interest Income Expense": NaN,
        "Total Other Finance Cost": -599000.0,
        "Operating Income": NaN,
        "Operating Expense": NaN,
        "Other Operating Expenses": NaN,
        "Research And Development": NaN,
        "Selling General And Administration": NaN,
        "General And Administrative Expense": NaN,
        "Other Gand A": NaN,
        "Total Revenue": NaN,
        "Operating Revenue": NaN
    },
    "2022-06-30": {
        "Tax Effect Of Unusual Items": 457600.0,
        "Tax Rate For Calcs": 0.4,
        "Normalized EBITDA": -16389000.0,
        "Total Unusual Items": 1144000.0,
        "Total Unusual Items Excluding Goodwill": 1144000.0,
        "Net Income From Continuing Operation Net Minority Interest": -14887000.0,
        "Reconciled Depreciation": 591000.0,
        "EBITDA": -15245000.0,
        "EBIT": -15836000.0,
        "Net Interest Income": -119000.0,
        "Normalized Income": -15573400.0,
        "Net Income From Continuing And Discontinued Operation": -14887000.0,
        "Total Expenses": 16861000.0,
        "Total Operating Income As Reported": -15737000.0,
        "Diluted Average Shares": 71362088.0,
        "Basic Average Shares": 71362088.0,
        "Diluted EPS": -0.19,
        "Basic EPS": -0.19,
        "Diluted NI Availto Com Stockholders": -14887000.0,
        "Net Income Common Stockholders": -14887000.0,
        "Net Income": -14887000.0,
        "Minority Interests": -217000.0,
        "Net Income Including Noncontrolling Interests": -14670000.0,
        "Net Income Continuous Operations": -14670000.0,
        "Tax Provision": 20000.0,
        "Pretax Income": -14650000.0,
        "Other Income Expense": 1305000.0,
        "Other Non Operating Income Expenses": 161000.0,
        "Special Income Charges": 1144000.0,
        "Gain On Sale Of Business": 0.0,
        "Other Special Charges": -1144000.0,
        "Earnings From Equity Interest": 0.0,
        "Net Non Operating Interest Income Expense": -119000.0,
        "Total Other Finance Cost": 119000.0,
        "Operating Income": -15836000.0,
        "Operating Expense": 16861000.0,
        "Other Operating Expenses": NaN,
        "Research And Development": 11449000.0,
        "Selling General And Administration": 5412000.0,
        "General And Administrative Expense": 5412000.0,
        "Other Gand A": 5412000.0,
        "Total Revenue": 1025000.0,
        "Operating Revenue": 1025000.0
    },
    "2022-03-31": {
        "Diluted EPS": -0.22,
        "Total Revenue": 1,
        "Gross Profit": 1,
        "Operating Income": -19,
        "EBIT": -18,
        "Net Income": -16
    },
    "2021-12-31": {
        "Diluted EPS": -0.29,
        "Total Revenue": 0,
        "Gross Profit": 0,
        "Operating Income": -20,
        "EBIT": -19,
        "Net Income": -21
    },
    "2021-09-30": {
        "Diluted EPS": -0.26,
        "Total Revenue": 1,
        "Gross Profit": 1,
        "Operating Income": -17,
        "EBIT": -17,
        "Net Income": -18
    },
    "2021-06-30": {
        "Diluted EPS": -0.29,
        "Total Revenue": 0,
        "Gross Profit": 0,
        "Operating Income": -16,
        "EBIT": -15,
        "Net Income": -19
    },
    "2021-03-31": {
        "Diluted EPS": -0.3,
        "Total Revenue": NaN,
        "Gross Profit": NaN,
        "Operating Income": -15,
        "EBIT": -14,
        "Net Income": -15
    },
    "2020-12-31": {
        "Diluted EPS": -0.32,
        "Total Revenue": NaN,
        "Gross Profit": NaN,
        "Operating Income": -14,
        "EBIT": -13,
        "Net Income": -16
    },
    "2020-09-30": {
        "Diluted EPS": -0.3,
        "Total Revenue": NaN,
        "Gross Profit": NaN,
        "Operating Income": -13,
        "EBIT": -12,
        "Net Income": -15
    },
    "2020-06-30": {
        "Diluted EPS": -0.09,
        "Total Revenue": NaN,
        "Gross Profit": NaN,
        "Operating Income": -4,
        "EBIT": -3,
        "Net Income": -5
    },
    "2020-03-31": {
        "Diluted EPS": -0.35,
        "Total Revenue": NaN,
        "Gross Profit": NaN,
        "Operating Income": -18,
        "EBIT": -18,
        "Net Income": -18
    },
    "2019-12-31": {
        "Diluted EPS": -0.46,
        "Total Revenue": NaN,
        "Gross Profit": NaN,
        "Operating Income": -19,
        "EBIT": -19,
        "Net Income": -21
    },
    "2019-09-30": {
        "Diluted EPS": -0.35,
        "Total Revenue": NaN,
        "Gross Profit": NaN,
        "Operating Income": -15,
        "EBIT": -14,
        "Net Income": -13
    },
    "2019-06-30": {
        "Diluted EPS": -0.34,
        "Total Revenue": NaN,
        "Gross Profit": NaN,
        "Operating Income": -13,
        "EBIT": -13,
        "Net Income": -13
    },
    "2019-03-31": {
        "Diluted EPS": -0.41,
        "Total Revenue": NaN,
        "Gross Profit": NaN,
        "Operating Income": -17,
        "EBIT": -16,
        "Net Income": -16
    },
    "2018-12-31": {
        "Diluted EPS": -0.37,
        "Total Revenue": NaN,
        "Gross Profit": NaN,
        "Operating Income": -15,
        "EBIT": -14,
        "Net Income": -15
    },
    "2018-09-30": {
        "Diluted EPS": -0.21,
        "Total Revenue": NaN,
        "Gross Profit": NaN,
        "Operating Income": -7,
        "EBIT": -7,
        "Net Income": -7
    },
    "2018-06-30": {
        "Diluted EPS": -0.27,
        "Total Revenue": NaN,
        "Gross Profit": NaN,
        "Operating Income": -9,
        "EBIT": -9,
        "Net Income": -9
    },
    "2018-03-31": {
        "Diluted EPS": -0.42,
        "Total Revenue": NaN,
        "Gross Profit": NaN,
        "Operating Income": -12,
        "EBIT": -12,
        "Net Income": -13
    },
    "2017-12-31": {
        "Diluted EPS": -0.45,
        "Total Revenue": NaN,
        "Gross Profit": NaN,
        "Operating Income": -13,
        "EBIT": -12,
        "Net Income": -13
    },
    "2017-09-30": {
        "Diluted EPS": -0.49,
        "Total Revenue": NaN,
        "Gross Profit": NaN,
        "Operating Income": -11,
        "EBIT": -11,
        "Net Income": -12
    },
    "2017-06-30": {
        "Diluted EPS": -0.52,
        "Total Revenue": NaN,
        "Gross Profit": NaN,
        "Operating Income": -11,
        "EBIT": -11,
        "Net Income": -12
    },
    "2017-03-31": {
        "Diluted EPS": -0.48,
        "Total Revenue": NaN,
        "Gross Profit": NaN,
        "Operating Income": -11,
        "EBIT": -10,
        "Net Income": -11
    },
    "2016-12-31": {
        "Diluted EPS": -0.41,
        "Total Revenue": NaN,
        "Gross Profit": NaN,
        "Operating Income": -11,
        "EBIT": -11,
        "Net Income": -9
    },
    "2016-09-30": {
        "Diluted EPS": -0.48,
        "Total Revenue": NaN,
        "Gross Profit": NaN,
        "Operating Income": -11,
        "EBIT": -11,
        "Net Income": -11
    },
    "2016-06-30": {
        "Diluted EPS": -0.49,
        "Total Revenue": NaN,
        "Gross Profit": NaN,
        "Operating Income": -12,
        "EBIT": -12,
        "Net Income": -11
    },
    "2016-03-31": {
        "Diluted EPS": -0.49,
        "Total Revenue": NaN,
        "Gross Profit": NaN,
        "Operating Income": -10,
        "EBIT": -9,
        "Net Income": -11
    },
    "2015-12-31": {
        "Diluted EPS": -0.29,
        "Total Revenue": NaN,
        "Gross Profit": NaN,
        "Operating Income": -6,
        "EBIT": -6,
        "Net Income": -7
    },
    "2015-09-30": {
        "Diluted EPS": -0.3,
        "Total Revenue": NaN,
        "Gross Profit": NaN,
        "Operating Income": -8,
        "EBIT": -8,
        "Net Income": -7
    },
    "2015-06-30": {
        "Diluted EPS": -0.41,
        "Total Revenue": NaN,
        "Gross Profit": NaN,
        "Operating Income": -8,
        "EBIT": -8,
        "Net Income": -10
    },
    "2015-03-31": {
        "Diluted EPS": 0.01,
        "Total Revenue": NaN,
        "Gross Profit": NaN,
        "Operating Income": -8,
        "EBIT": -8,
        "Net Income": 0
    },
    "2014-12-31": {
        "Diluted EPS": -0.3,
        "Total Revenue": NaN,
        "Gross Profit": NaN,
        "Operating Income": NaN,
        "EBIT": 0,
        "Net Income": -2
    },
    "2014-09-30": {
        "Diluted EPS": -0.53,
        "Total Revenue": NaN,
        "Gross Profit": NaN,
        "Operating Income": -6,
        "EBIT": -6,
        "Net Income": -4
    },
    "2023-06-30": {
        "Tax Effect Of Unusual Items": NaN,
        "Tax Rate For Calcs": NaN,
        "Normalized EBITDA": NaN,
        "Total Unusual Items": NaN,
        "Total Unusual Items Excluding Goodwill": NaN,
        "Net Income From Continuing Operation Net Minority Interest": NaN,
        "Reconciled Depreciation": NaN,
        "EBITDA": NaN,
        "EBIT": NaN,
        "Net Interest Income": NaN,
        "Normalized Income": NaN,
        "Net Income From Continuing And Discontinued Operation": NaN,
        "Total Expenses": NaN,
        "Total Operating Income As Reported": NaN,
        "Diluted Average Shares": 80939392.0,
        "Basic Average Shares": 80939392.0,
        "Diluted EPS": -0.1,
        "Basic EPS": -0.1,
        "Diluted NI Availto Com Stockholders": NaN,
        "Net Income Common Stockholders": NaN,
        "Net Income": NaN,
        "Minority Interests": NaN,
        "Net Income Including Noncontrolling Interests": NaN,
        "Net Income Continuous Operations": NaN,
        "Tax Provision": NaN,
        "Pretax Income": NaN,
        "Other Income Expense": NaN,
        "Other Non Operating Income Expenses": NaN,
        "Special Income Charges": NaN,
        "Gain On Sale Of Business": NaN,
        "Other Special Charges": -101000.0,
        "Earnings From Equity Interest": NaN,
        "Net Non Operating Interest Income Expense": NaN,
        "Total Other Finance Cost": -470000.0,
        "Operating Income": NaN,
        "Operating Expense": NaN,
        "Other Operating Expenses": NaN,
        "Research And Development": NaN,
        "Selling General And Administration": NaN,
        "General And Administrative Expense": NaN,
        "Other Gand A": NaN,
        "Total Revenue": NaN,
        "Operating Revenue": NaN
    },
    "2023-09-30": {
        "Tax Effect Of Unusual Items": NaN,
        "Tax Rate For Calcs": NaN,
        "Normalized EBITDA": NaN,
        "Total Unusual Items": NaN,
        "Total Unusual Items Excluding Goodwill": NaN,
        "Net Income From Continuing Operation Net Minority Interest": NaN,
        "Reconciled Depreciation": NaN,
        "EBITDA": NaN,
        "EBIT": NaN,
        "Net Interest Income": NaN,
        "Normalized Income": NaN,
        "Net Income From Continuing And Discontinued Operation": NaN,
        "Total Expenses": NaN,
        "Total Operating Income As Reported": NaN,
        "Diluted Average Shares": 81000320.0,
        "Basic Average Shares": 81000320.0,
        "Diluted EPS": -0.07,
        "Basic EPS": -0.07,
        "Diluted NI Availto Com Stockholders": NaN,
        "Net Income Common Stockholders": NaN,
        "Net Income": NaN,
        "Minority Interests": NaN,
        "Net Income Including Noncontrolling Interests": NaN,
        "Net Income Continuous Operations": NaN,
        "Tax Provision": NaN,
        "Pretax Income": NaN,
        "Other Income Expense": NaN,
        "Other Non Operating Income Expenses": NaN,
        "Special Income Charges": NaN,
        "Gain On Sale Of Business": 92000.0,
        "Other Special Charges": -1357000.0,
        "Earnings From Equity Interest": 0.0,
        "Gain On Sale Of Security": NaN,
        "Net Non Operating Interest Income Expense": NaN,
        "Total Other Finance Cost": -363000.0,
        "Operating Income": NaN,
        "Operating Expense": NaN,
        "Other Operating Expenses": NaN,
        "Research And Development": NaN,
        "Selling General And Administration": NaN,
        "General And Administrative Expense": NaN,
        "Other Gand A": NaN,
        "Total Revenue": NaN,
        "Operating Revenue": NaN
    },
    "2023-12-31": {
        "Tax Effect Of Unusual Items": NaN,
        "Tax Rate For Calcs": NaN,
        "Normalized EBITDA": NaN,
        "Total Unusual Items": 2676000.0,
        "Total Unusual Items Excluding Goodwill": 2676000.0,
        "Net Income From Continuing Operation Net Minority Interest": NaN,
        "Reconciled Depreciation": NaN,
        "EBITDA": NaN,
        "EBIT": NaN,
        "Net Interest Income": NaN,
        "Normalized Income": NaN,
        "Net Income From Continuing And Discontinued Operation": NaN,
        "Total Expenses": NaN,
        "Total Operating Income As Reported": NaN,
        "Diluted Average Shares": NaN,
        "Basic Average Shares": NaN,
        "Diluted EPS": NaN,
        "Basic EPS": NaN,
        "Diluted NI Availto Com Stockholders": NaN,
        "Net Income Common Stockholders": NaN,
        "Net Income": NaN,
        "Minority Interests": NaN,
        "Net Income Including Noncontrolling Interests": NaN,
        "Net Income Continuous Operations": NaN,
        "Tax Provision": NaN,
        "Pretax Income": NaN,
        "Other Income Expense": NaN,
        "Other Non Operating Income Expenses": NaN,
        "Special Income Charges": 2931000.0,
        "Gain On Sale Of Business": 0.0,
        "Other Special Charges": 0.0,
        "Earnings From Equity Interest": 0.0,
        "Gain On Sale Of Security": -311000.0,
        "Net Non Operating Interest Income Expense": NaN,
        "Total Other Finance Cost": NaN,
        "Operating Income": NaN,
        "Operating Expense": NaN,
        "Other Operating Expenses": NaN,
        "Research And Development": NaN,
        "Selling General And Administration": NaN,
        "General And Administrative Expense": NaN,
        "Other Gand A": NaN,
        "Total Revenue": NaN,
        "Operating Revenue": NaN
    },
    "2024-03-31": {
        "Tax Effect Of Unusual Items": NaN,
        "Tax Rate For Calcs": NaN,
        "Normalized EBITDA": NaN,
        "Total Unusual Items": -68000.0,
        "Total Unusual Items Excluding Goodwill": -68000.0,
        "Net Income From Continuing Operation Net Minority Interest": NaN,
        "Reconciled Depreciation": NaN,
        "EBITDA": NaN,
        "EBIT": NaN,
        "Net Interest Income": NaN,
        "Normalized Income": NaN,
        "Net Income From Continuing And Discontinued Operation": NaN,
        "Total Expenses": NaN,
        "Total Operating Income As Reported": NaN,
        "Diluted Average Shares": 81571028.0,
        "Basic Average Shares": 81571028.0,
        "Diluted EPS": -0.09,
        "Basic EPS": -0.09,
        "Diluted NI Availto Com Stockholders": NaN,
        "Net Income Common Stockholders": NaN,
        "Net Income": NaN,
        "Minority Interests": NaN,
        "Net Income Including Noncontrolling Interests": NaN,
        "Net Income Continuous Operations": NaN,
        "Tax Provision": NaN,
        "Pretax Income": NaN,
        "Other Income Expense": NaN,
        "Other Non Operating Income Expenses": NaN,
        "Special Income Charges": 0.0,
        "Gain On Sale Of Business": NaN,
        "Earnings From Equity Interest": NaN,
        "Gain On Sale Of Security": -68000.0,
        "Net Non Operating Interest Income Expense": NaN,
        "Total Other Finance Cost": -488000.0,
        "Operating Income": NaN,
        "Operating Expense": NaN,
        "Other Operating Expenses": NaN,
        "Research And Development": NaN,
        "Selling General And Administration": NaN,
        "General And Administrative Expense": NaN,
        "Other Gand A": NaN,
        "Total Revenue": NaN,
        "Operating Revenue": NaN
    },
    "2024-06-30": {
        "Tax Effect Of Unusual Items": 0.0,
        "Tax Rate For Calcs": 0.069156,
        "Normalized EBITDA": -2889000.0,
        "Total Unusual Items": 0.0,
        "Total Unusual Items Excluding Goodwill": 0.0,
        "Net Income From Continuing Operation Net Minority Interest": -2692000.0,
        "Reconciled Depreciation": 711000.0,
        "EBITDA": -2889000.0,
        "EBIT": -3600000.0,
        "Net Interest Income": 513000.0,
        "Normalized Income": -2692000.0,
        "Net Income From Continuing And Discontinued Operation": -2692000.0,
        "Total Expenses": 9905000.0,
        "Total Operating Income As Reported": -3600000.0,
        "Diluted Average Shares": 81665565.0,
        "Basic Average Shares": 81665565.0,
        "Diluted EPS": -0.03,
        "Basic EPS": -0.03,
        "Diluted NI Availto Com Stockholders": -2692000.0,
        "Net Income Common Stockholders": -2692000.0,
        "Net Income": -2692000.0,
        "Minority Interests": 0.0,
        "Net Income Including Noncontrolling Interests": -2692000.0,
        "Net Income Continuous Operations": -2692000.0,
        "Tax Provision": -200000.0,
        "Pretax Income": -2892000.0,
        "Other Income Expense": 195000.0,
        "Other Non Operating Income Expenses": 195000.0,
        "Special Income Charges": 0.0,
        "Gain On Sale Of Business": NaN,
        "Earnings From Equity Interest": 0.0,
        "Gain On Sale Of Security": 195000.0,
        "Net Non Operating Interest Income Expense": 513000.0,
        "Total Other Finance Cost": -513000.0,
        "Operating Income": -3600000.0,
        "Operating Expense": 9905000.0,
        "Other Operating Expenses": -156000.0,
        "Research And Development": 7048000.0,
        "Selling General And Administration": 3013000.0,
        "General And Administrative Expense": 3013000.0,
        "Other Gand A": 3013000.0,
        "Total Revenue": 6305000.0,
        "Operating Revenue": 6305000.0
    },
    "2024-09-30": {
        "Tax Effect Of Unusual Items": 0.0,
        "Tax Rate For Calcs": 0.0,
        "Normalized EBITDA": -8028000.0,
        "Total Unusual Items": 0.0,
        "Total Unusual Items Excluding Goodwill": 0.0,
        "Net Income From Continuing Operation Net Minority Interest": -8108000.0,
        "Reconciled Depreciation": 688000.0,
        "EBITDA": -8028000.0,
        "EBIT": -8716000.0,
        "Net Interest Income": 469000.0,
        "Normalized Income": -8108000.0,
        "Net Income From Continuing And Discontinued Operation": -8108000.0,
        "Total Expenses": 12559000.0,
        "Total Operating Income As Reported": -8716000.0,
        "Diluted Average Shares": 81682296.0,
        "Basic Average Shares": 81682296.0,
        "Diluted EPS": -0.1,
        "Basic EPS": -0.1,
        "Diluted NI Availto Com Stockholders": -8108000.0,
        "Net Income Common Stockholders": -8108000.0,
        "Net Income": -8108000.0,
        "Minority Interests": 0.0,
        "Net Income Including Noncontrolling Interests": -8108000.0,
        "Net Income Continuous Operations": -8108000.0,
        "Tax Provision": 0.0,
        "Pretax Income": -8108000.0,
        "Other Income Expense": 139000.0,
        "Other Non Operating Income Expenses": 139000.0,
        "Special Income Charges": 0.0,
        "Gain On Sale Of Business": 0.0,
        "Earnings From Equity Interest": 0.0,
        "Gain On Sale Of Security": 139000.0,
        "Net Non Operating Interest Income Expense": 469000.0,
        "Total Other Finance Cost": -469000.0,
        "Operating Income": -8716000.0,
        "Operating Expense": 12559000.0,
        "Other Operating Expenses": -138000.0,
        "Research And Development": 9414000.0,
        "Selling General And Administration": 3283000.0,
        "General And Administrative Expense": 3283000.0,
        "Other Gand A": 3283000.0,
        "Total Revenue": 3843000.0,
        "Operating Revenue": 3843000.0
    },
    "2024-12-31": {
        "Tax Effect Of Unusual Items": 0.0,
        "Tax Rate For Calcs": 0.0,
        "Normalized EBITDA": -5814000.0,
        "Total Unusual Items": -7000.0,
        "Total Unusual Items Excluding Goodwill": -7000.0,
        "Net Income From Continuing Operation Net Minority Interest": -9305000.0,
        "Reconciled Depreciation": 671000.0,
        "EBITDA": -5821000.0,
        "EBIT": -6492000.0,
        "Net Interest Income": 704000.0,
        "Normalized Income": -9298000.0,
        "Net Income From Continuing And Discontinued Operation": -9305000.0,
        "Total Expenses": 14388000.0,
        "Total Operating Income As Reported": -10081000.0,
        "Diluted Average Shares": NaN,
        "Basic Average Shares": NaN,
        "Diluted EPS": NaN,
        "Basic EPS": NaN,
        "Diluted NI Availto Com Stockholders": -9305000.0,
        "Net Income Common Stockholders": -9305000.0,
        "Net Income": -9305000.0,
        "Minority Interests": 0.0,
        "Net Income Including Noncontrolling Interests": -9305000.0,
        "Net Income Continuous Operations": -9305000.0,
        "Tax Provision": 0.0,
        "Pretax Income": -9305000.0,
        "Other Income Expense": 72000.0,
        "Other Non Operating Income Expenses": 79000.0,
        "Special Income Charges": 0.0,
        "Gain On Sale Of Business": 0.0,
        "Earnings From Equity Interest": 0.0,
        "Gain On Sale Of Security": 72000.0,
        "Net Non Operating Interest Income Expense": 704000.0,
        "Total Other Finance Cost": NaN,
        "Operating Income": -10081000.0,
        "Operating Expense": 14388000.0,
        "Other Operating Expenses": -136000.0,
        "Research And Development": 10611000.0,
        "Selling General And Administration": 3913000.0,
        "General And Administrative Expense": 3913000.0,
        "Other Gand A": 3913000.0,
        "Total Revenue": 4307000.0,
        "Operating Revenue": 4307000.0
    },
    "2025-03-31": {
        "Tax Effect Of Unusual Items": 0.0,
        "Tax Rate For Calcs": 0.0,
        "Normalized EBITDA": -10138000.0,
        "Total Unusual Items": NaN,
        "Total Unusual Items Excluding Goodwill": NaN,
        "Net Income From Continuing Operation Net Minority Interest": -10079000.0,
        "Reconciled Depreciation": 678000.0,
        "EBITDA": -10138000.0,
        "EBIT": -10816000.0,
        "Net Interest Income": 455000.0,
        "Normalized Income": -10079000.0,
        "Net Income From Continuing And Discontinued Operation": -10079000.0,
        "Total Expenses": 15335000.0,
        "Total Operating Income As Reported": -10816000.0,
        "Diluted Average Shares": 105296833.0,
        "Basic Average Shares": 105296833.0,
        "Diluted EPS": -0.1,
        "Basic EPS": -0.1,
        "Diluted NI Availto Com Stockholders": -10079000.0,
        "Net Income Common Stockholders": -10079000.0,
        "Net Income": -10079000.0,
        "Minority Interests": 0.0,
        "Net Income Including Noncontrolling Interests": -10079000.0,
        "Net Income Continuous Operations": -10079000.0,
        "Tax Provision": 0.0,
        "Pretax Income": -10079000.0,
        "Other Income Expense": 282000.0,
        "Other Non Operating Income Expenses": 282000.0,
        "Special Income Charges": NaN,
        "Gain On Sale Of Business": NaN,
        "Earnings From Equity Interest": NaN,
        "Gain On Sale Of Security": NaN,
        "Net Non Operating Interest Income Expense": 455000.0,
        "Total Other Finance Cost": -455000.0,
        "Operating Income": -10816000.0,
        "Operating Expense": 15335000.0,
        "Other Operating Expenses": -222000.0,
        "Research And Development": 12323000.0,
        "Selling General And Administration": 3234000.0,
        "General And Administrative Expense": 3234000.0,
        "Other Gand A": 3234000.0,
        "Total Revenue": 4519000.0,
        "Operating Revenue": 4519000.0
    },
    "2025-06-30": {
        "Tax Effect Of Unusual Items": 0.0,
        "Tax Rate For Calcs": 0.21,
        "Normalized EBITDA": -11574000.0,
        "Total Unusual Items": NaN,
        "Total Unusual Items Excluding Goodwill": NaN,
        "Net Income From Continuing Operation Net Minority Interest": -12179000.0,
        "Reconciled Depreciation": 675000.0,
        "EBITDA": -11574000.0,
        "EBIT": -12249000.0,
        "Net Interest Income": 192000.0,
        "Normalized Income": -12179000.0,
        "Net Income From Continuing And Discontinued Operation": -12179000.0,
        "Total Expenses": 16066000.0,
        "Total Operating Income As Reported": -12249000.0,
        "Diluted Average Shares": 105343897.0,
        "Basic Average Shares": 105343897.0,
        "Diluted EPS": -0.12,
        "Basic EPS": -0.12,
        "Diluted NI Availto Com Stockholders": -12179000.0,
        "Net Income Common Stockholders": -12179000.0,
        "Net Income": -12179000.0,
        "Minority Interests": 0.0,
        "Net Income Including Noncontrolling Interests": -12179000.0,
        "Net Income Continuous Operations": -12179000.0,
        "Tax Provision": 18000.0,
        "Pretax Income": -12161000.0,
        "Other Income Expense": -104000.0,
        "Other Non Operating Income Expenses": -104000.0,
        "Special Income Charges": NaN,
        "Gain On Sale Of Business": NaN,
        "Earnings From Equity Interest": NaN,
        "Gain On Sale Of Security": NaN,
        "Net Non Operating Interest Income Expense": 192000.0,
        "Total Other Finance Cost": -192000.0,
        "Operating Income": -12249000.0,
        "Operating Expense": 16066000.0,
        "Other Operating Expenses": -158000.0,
        "Research And Development": 11408000.0,
        "Selling General And Administration": 4816000.0,
        "General And Administrative Expense": 4816000.0,
        "Other Gand A": 4816000.0,
        "Total Revenue": 3817000.0,
        "Operating Revenue": 3817000.0
    }
}