{
    "2023-03-31": {
        "Tax Effect Of Unusual Items": 0.0,
        "Tax Rate For Calcs": 0.0,
        "Normalized EBITDA": -4511000.0,
        "Total Unusual Items": 1064000.0,
        "Total Unusual Items Excluding Goodwill": 1064000.0,
        "Net Income From Continuing Operation Net Minority Interest": -3148000.0,
        "Reconciled Depreciation": 755000.0,
        "Reconciled Cost Of Revenue": 3106000.0,
        "EBITDA": -3447000.0,
        "EBIT": -4202000.0,
        "Net Interest Income": NaN,
        "Interest Expense": NaN,
        "Normalized Income": -4212000.0,
        "Net Income From Continuing And Discontinued Operation": -3148000.0,
        "Total Expenses": 9235000.0,
        "Total Operating Income As Reported": -3796000.0,
        "Diluted Average Shares": 22720000.0,
        "Basic Average Shares": 22720000.0,
        "Diluted EPS": -0.1385,
        "Basic EPS": -0.1385,
        "Diluted NI Availto Com Stockholders": -3148000.0,
        "Net Income Common Stockholders": -3148000.0,
        "Net Income": -3148000.0,
        "Net Income Including Noncontrolling Interests": -3148000.0,
        "Net Income Continuous Operations": -3148000.0,
        "Pretax Income": -3148000.0,
        "Other Income Expense": 1054000.0,
        "Other Non Operating Income Expenses": -10000.0,
        "Special Income Charges": 406000.0,
        "Gain On Sale Of Ppe": 406000.0,
        "Gain On Sale Of Security": 658000.0,
        "Net Non Operating Interest Income Expense": NaN,
        "Interest Expense Non Operating": NaN,
        "Operating Income": -4202000.0,
        "Operating Expense": 6129000.0,
        "Research And Development": 3887000.0,
        "Selling General And Administration": 2242000.0,
        "Gross Profit": 1927000.0,
        "Cost Of Revenue": 3106000.0,
        "Total Revenue": 5033000.0,
        "Operating Revenue": 5033000.0
    },
    "2022-12-31": {
        "Tax Effect Of Unusual Items": NaN,
        "Tax Rate For Calcs": NaN,
        "Normalized EBITDA": NaN,
        "Total Unusual Items": NaN,
        "Total Unusual Items Excluding Goodwill": NaN,
        "Net Income From Continuing Operation Net Minority Interest": NaN,
        "Reconciled Depreciation": NaN,
        "Reconciled Cost Of Revenue": NaN,
        "EBITDA": NaN,
        "EBIT": NaN,
        "Net Interest Income": -1581000.0,
        "Interest Expense": 5000.0,
        "Normalized Income": NaN,
        "Net Income From Continuing And Discontinued Operation": NaN,
        "Total Expenses": NaN,
        "Total Operating Income As Reported": NaN,
        "Diluted Average Shares": NaN,
        "Basic Average Shares": NaN,
        "Diluted EPS": NaN,
        "Basic EPS": NaN,
        "Diluted NI Availto Com Stockholders": NaN,
        "Net Income Common Stockholders": NaN,
        "Net Income": NaN,
        "Net Income Including Noncontrolling Interests": NaN,
        "Net Income Continuous Operations": NaN,
        "Pretax Income": NaN,
        "Other Income Expense": NaN,
        "Other Non Operating Income Expenses": NaN,
        "Special Income Charges": NaN,
        "Gain On Sale Of Ppe": NaN,
        "Restructuring And Mergern Acquisition": NaN,
        "Gain On Sale Of Security": NaN,
        "Net Non Operating Interest Income Expense": -1581000.0,
        "Interest Expense Non Operating": 5000.0,
        "Operating Income": NaN,
        "Operating Expense": NaN,
        "Research And Development": NaN,
        "Selling General And Administration": NaN,
        "Gross Profit": NaN,
        "Cost Of Revenue": NaN,
        "Total Revenue": NaN,
        "Operating Revenue": NaN
    },
    "2022-09-30": {
        "Tax Effect Of Unusual Items": NaN,
        "Tax Rate For Calcs": NaN,
        "Normalized EBITDA": NaN,
        "Total Unusual Items": NaN,
        "Total Unusual Items Excluding Goodwill": NaN,
        "Net Income From Continuing Operation Net Minority Interest": NaN,
        "Reconciled Depreciation": NaN,
        "Reconciled Cost Of Revenue": NaN,
        "EBITDA": NaN,
        "EBIT": NaN,
        "Net Interest Income": -5000.0,
        "Interest Expense": 5000.0,
        "Normalized Income": NaN,
        "Net Income From Continuing And Discontinued Operation": NaN,
        "Total Expenses": NaN,
        "Total Operating Income As Reported": NaN,
        "Diluted Average Shares": NaN,
        "Basic Average Shares": NaN,
        "Diluted EPS": NaN,
        "Basic EPS": NaN,
        "Diluted NI Availto Com Stockholders": NaN,
        "Net Income Common Stockholders": NaN,
        "Net Income": NaN,
        "Net Income Including Noncontrolling Interests": NaN,
        "Net Income Continuous Operations": NaN,
        "Pretax Income": NaN,
        "Other Income Expense": NaN,
        "Other Non Operating Income Expenses": NaN,
        "Special Income Charges": NaN,
        "Gain On Sale Of Ppe": NaN,
        "Gain On Sale Of Security": NaN,
        "Net Non Operating Interest Income Expense": -5000.0,
        "Interest Expense Non Operating": 5000.0,
        "Operating Income": NaN,
        "Operating Expense": NaN,
        "Research And Development": NaN,
        "Selling General And Administration": NaN,
        "Gross Profit": NaN,
        "Cost Of Revenue": NaN,
        "Total Revenue": NaN,
        "Operating Revenue": NaN
    },
    "2022-06-30": {
        "Tax Effect Of Unusual Items": 0.0,
        "Tax Rate For Calcs": 0.0,
        "Normalized EBITDA": -6138000.0,
        "Total Unusual Items": NaN,
        "Total Unusual Items Excluding Goodwill": NaN,
        "Net Income From Continuing Operation Net Minority Interest": -7043000.0,
        "Reconciled Depreciation": 899000.0,
        "Reconciled Cost Of Revenue": 2799000.0,
        "EBITDA": -6138000.0,
        "EBIT": -7037000.0,
        "Net Interest Income": -6000.0,
        "Interest Expense": 6000.0,
        "Normalized Income": -7043000.0,
        "Net Income From Continuing And Discontinued Operation": -7043000.0,
        "Total Expenses": 11320000.0,
        "Total Operating Income As Reported": -7036000.0,
        "Diluted Average Shares": 21636000.0,
        "Basic Average Shares": 21636000.0,
        "Diluted EPS": -0.33,
        "Basic EPS": -0.33,
        "Diluted NI Availto Com Stockholders": -7043000.0,
        "Net Income Common Stockholders": -7043000.0,
        "Net Income": -7043000.0,
        "Net Income Including Noncontrolling Interests": -7043000.0,
        "Net Income Continuous Operations": -7043000.0,
        "Pretax Income": -7043000.0,
        "Other Income Expense": -1000.0,
        "Other Non Operating Income Expenses": -1000.0,
        "Special Income Charges": NaN,
        "Gain On Sale Of Ppe": NaN,
        "Impairment Of Capital Assets": NaN,
        "Gain On Sale Of Security": NaN,
        "Net Non Operating Interest Income Expense": -6000.0,
        "Interest Expense Non Operating": 6000.0,
        "Operating Income": -7036000.0,
        "Operating Expense": 8521000.0,
        "Research And Development": 5643000.0,
        "Selling General And Administration": 2878000.0,
        "Gross Profit": 1485000.0,
        "Cost Of Revenue": 2799000.0,
        "Total Revenue": 4284000.0,
        "Operating Revenue": 4284000.0
    },
    "2022-03-31": {
        "Diluted EPS": -0.34,
        "Total Revenue": 3,
        "Gross Profit": 1,
        "Operating Income": -7,
        "EBIT": -6,
        "Net Income": -7
    },
    "2021-12-31": {
        "Diluted EPS": 0.69,
        "Total Revenue": 2,
        "Gross Profit": 1,
        "Operating Income": -5,
        "EBIT": -4,
        "Net Income": 2
    },
    "2021-09-30": {
        "Diluted EPS": -0.73,
        "Total Revenue": 2,
        "Gross Profit": 1,
        "Operating Income": -3,
        "EBIT": -2,
        "Net Income": -4
    },
    "2021-06-30": {
        "Diluted EPS": -1.03,
        "Total Revenue": 1,
        "Gross Profit": 0,
        "Operating Income": -4,
        "EBIT": -4,
        "Net Income": -5
    },
    "2021-03-31": {
        "Diluted EPS": -0.79,
        "Total Revenue": 1,
        "Gross Profit": 0,
        "Operating Income": -4,
        "EBIT": -3,
        "Net Income": -4
    },
    "2020-12-31": {
        "Diluted EPS": -2.47,
        "Total Revenue": 4,
        "Gross Profit": 4,
        "Operating Income": -6,
        "EBIT": -3,
        "Net Income": -12
    },
    "2020-09-30": {
        "Diluted EPS": -0.2,
        "Total Revenue": 2,
        "Gross Profit": 1,
        "Operating Income": -1,
        "EBIT": -1,
        "Net Income": -1
    },
    "2020-06-30": {
        "Diluted EPS": -0.32,
        "Total Revenue": 2,
        "Gross Profit": 1,
        "Operating Income": -1,
        "EBIT": -1,
        "Net Income": -1
    },
    "2020-03-31": {
        "Diluted EPS": -0.61,
        "Total Revenue": 1,
        "Gross Profit": 1,
        "Operating Income": -1,
        "EBIT": -1,
        "Net Income": -1
    },
    "2019-12-31": {
        "Diluted EPS": -0.31,
        "Total Revenue": 2,
        "Gross Profit": 1,
        "Operating Income": -1,
        "EBIT": 0,
        "Net Income": -1
    },
    "2019-09-30": {
        "Diluted EPS": -0.83,
        "Total Revenue": 1,
        "Gross Profit": 1,
        "Operating Income": -2,
        "EBIT": -1,
        "Net Income": -2
    },
    "2019-06-30": {
        "Diluted EPS": -0.05,
        "Total Revenue": 3,
        "Gross Profit": 2,
        "Operating Income": 0,
        "EBIT": 0,
        "Net Income": 0
    },
    "2019-03-31": {
        "Diluted EPS": 0.0,
        "Total Revenue": 4,
        "Gross Profit": 2,
        "Operating Income": 0,
        "EBIT": 0,
        "Net Income": 0
    },
    "2018-12-31": {
        "Diluted EPS": -9.59,
        "Total Revenue": 3,
        "Gross Profit": 2,
        "Operating Income": -9,
        "EBIT": 1,
        "Net Income": -9
    },
    "2018-09-30": {
        "Diluted EPS": -6.83,
        "Total Revenue": 4,
        "Gross Profit": 2,
        "Operating Income": -3,
        "EBIT": 1,
        "Net Income": -3
    },
    "2018-06-30": {
        "Diluted EPS": 0.8,
        "Total Revenue": 5,
        "Gross Profit": 3,
        "Operating Income": 1,
        "EBIT": 1,
        "Net Income": 0
    },
    "2018-03-31": {
        "Diluted EPS": 0.8,
        "Total Revenue": 4,
        "Gross Profit": 3,
        "Operating Income": 1,
        "EBIT": 1,
        "Net Income": 0
    },
    "2017-12-31": {
        "Diluted EPS": 0.53,
        "Total Revenue": 4,
        "Gross Profit": 2,
        "Operating Income": -1,
        "EBIT": 0,
        "Net Income": -1
    },
    "2017-09-30": {
        "Diluted EPS": -4.4,
        "Total Revenue": 2,
        "Gross Profit": 1,
        "Operating Income": -2,
        "EBIT": -1,
        "Net Income": -2
    },
    "2017-06-30": {
        "Diluted EPS": -12.0,
        "Total Revenue": 1,
        "Gross Profit": 1,
        "Operating Income": -4,
        "EBIT": -4,
        "Net Income": -4
    },
    "2017-03-31": {
        "Diluted EPS": -13.2,
        "Total Revenue": 1,
        "Gross Profit": 1,
        "Operating Income": -4,
        "EBIT": -4,
        "Net Income": -4
    },
    "2016-12-31": {
        "Diluted EPS": -43.8,
        "Total Revenue": 1,
        "Gross Profit": 1,
        "Operating Income": -14,
        "EBIT": -4,
        "Net Income": -14
    },
    "2016-09-30": {
        "Diluted EPS": -14.2,
        "Total Revenue": 2,
        "Gross Profit": 1,
        "Operating Income": -4,
        "EBIT": -4,
        "Net Income": -5
    },
    "2016-06-30": {
        "Diluted EPS": -18.2,
        "Total Revenue": 2,
        "Gross Profit": 1,
        "Operating Income": -6,
        "EBIT": -6,
        "Net Income": -6
    },
    "2016-03-31": {
        "Diluted EPS": -21.0,
        "Total Revenue": 1,
        "Gross Profit": 1,
        "Operating Income": -7,
        "EBIT": -7,
        "Net Income": -7
    },
    "2015-12-31": {
        "Diluted EPS": -18.8,
        "Total Revenue": 2,
        "Gross Profit": 1,
        "Operating Income": -7,
        "EBIT": -6,
        "Net Income": -7
    },
    "2015-09-30": {
        "Diluted EPS": -30.0,
        "Total Revenue": 1,
        "Gross Profit": 0,
        "Operating Income": -10,
        "EBIT": -10,
        "Net Income": -10
    },
    "2015-06-30": {
        "Diluted EPS": -22.0,
        "Total Revenue": 1,
        "Gross Profit": 0,
        "Operating Income": -7,
        "EBIT": -7,
        "Net Income": -7
    },
    "2015-03-31": {
        "Diluted EPS": -30.0,
        "Total Revenue": 1,
        "Gross Profit": 1,
        "Operating Income": -8,
        "EBIT": -8,
        "Net Income": -8
    },
    "2014-12-31": {
        "Diluted EPS": -38.0,
        "Total Revenue": 1,
        "Gross Profit": 1,
        "Operating Income": -9,
        "EBIT": -9,
        "Net Income": -9
    },
    "2014-09-30": {
        "Diluted EPS": -34.0,
        "Total Revenue": 1,
        "Gross Profit": 1,
        "Operating Income": -8,
        "EBIT": -8,
        "Net Income": -8
    },
    "2014-06-30": {
        "Diluted EPS": -28.0,
        "Total Revenue": 2,
        "Gross Profit": 1,
        "Operating Income": -7,
        "EBIT": -7,
        "Net Income": -7
    },
    "2014-03-31": {
        "Diluted EPS": -32.0,
        "Total Revenue": 1,
        "Gross Profit": 1,
        "Operating Income": -8,
        "EBIT": -8,
        "Net Income": -8
    },
    "2013-12-31": {
        "Diluted EPS": -28.0,
        "Total Revenue": 1,
        "Gross Profit": 1,
        "Operating Income": -6,
        "EBIT": -6,
        "Net Income": -6
    },
    "2013-09-30": {
        "Diluted EPS": -28.0,
        "Total Revenue": 1,
        "Gross Profit": 1,
        "Operating Income": -7,
        "EBIT": -7,
        "Net Income": -7
    },
    "2013-06-30": {
        "Diluted EPS": -30.0,
        "Total Revenue": 1,
        "Gross Profit": 1,
        "Operating Income": -6,
        "EBIT": -6,
        "Net Income": -6
    },
    "2013-03-31": {
        "Diluted EPS": -24.0,
        "Total Revenue": 1,
        "Gross Profit": 1,
        "Operating Income": -5,
        "EBIT": -5,
        "Net Income": -5
    },
    "2012-12-31": {
        "Diluted EPS": -38.0,
        "Total Revenue": 2,
        "Gross Profit": 2,
        "Operating Income": -8,
        "EBIT": -7,
        "Net Income": -8
    },
    "2012-09-30": {
        "Diluted EPS": -30.0,
        "Total Revenue": 1,
        "Gross Profit": 1,
        "Operating Income": -6,
        "EBIT": -6,
        "Net Income": -6
    },
    "2012-06-30": {
        "Diluted EPS": -34.0,
        "Total Revenue": 2,
        "Gross Profit": 2,
        "Operating Income": -7,
        "EBIT": -6,
        "Net Income": -7
    },
    "2012-03-31": {
        "Diluted EPS": -38.0,
        "Total Revenue": 1,
        "Gross Profit": 1,
        "Operating Income": -7,
        "EBIT": -6,
        "Net Income": -7
    },
    "2011-12-31": {
        "Diluted EPS": 154.0,
        "Total Revenue": 5,
        "Gross Profit": 3,
        "Operating Income": 30,
        "EBIT": 31,
        "Net Income": 30
    },
    "2011-09-30": {
        "Diluted EPS": -36.0,
        "Total Revenue": 2,
        "Gross Profit": 2,
        "Operating Income": -7,
        "EBIT": -6,
        "Net Income": -7
    },
    "2011-06-30": {
        "Diluted EPS": -30.0,
        "Total Revenue": 3,
        "Gross Profit": 3,
        "Operating Income": -6,
        "EBIT": -5,
        "Net Income": -6
    },
    "2011-03-31": {
        "Diluted EPS": -32.0,
        "Total Revenue": 4,
        "Gross Profit": 3,
        "Operating Income": -6,
        "EBIT": -5,
        "Net Income": -6
    },
    "2010-12-31": {
        "Diluted EPS": -36.0,
        "Total Revenue": 4,
        "Gross Profit": 3,
        "Operating Income": -6,
        "EBIT": -5,
        "Net Income": -6
    },
    "2010-09-30": {
        "Diluted EPS": -38.0,
        "Total Revenue": 4,
        "Gross Profit": 3,
        "Operating Income": -6,
        "EBIT": -5,
        "Net Income": -6
    },
    "2010-06-30": {
        "Diluted EPS": -34.0,
        "Total Revenue": 4,
        "Gross Profit": 4,
        "Operating Income": -5,
        "EBIT": -4,
        "Net Income": -5
    },
    "2010-03-31": {
        "Diluted EPS": -36.0,
        "Total Revenue": 4,
        "Gross Profit": 3,
        "Operating Income": -6,
        "EBIT": -5,
        "Net Income": -6
    },
    "2009-12-31": {
        "Diluted EPS": -32.0,
        "Total Revenue": 4,
        "Gross Profit": 3,
        "Operating Income": -5,
        "EBIT": -4,
        "Net Income": -5
    },
    "2009-09-30": {
        "Diluted EPS": -32.0,
        "Total Revenue": 3,
        "Gross Profit": 3,
        "Operating Income": -5,
        "EBIT": -4,
        "Net Income": -5
    },
    "2009-06-30": {
        "Diluted EPS": -32.0,
        "Total Revenue": 2,
        "Gross Profit": 2,
        "Operating Income": -5,
        "EBIT": -4,
        "Net Income": -5
    },
    "2009-03-31": {
        "Diluted EPS": -26.0,
        "Total Revenue": 3,
        "Gross Profit": 2,
        "Operating Income": -4,
        "EBIT": -4,
        "Net Income": -4
    },
    "2023-06-30": {
        "Tax Effect Of Unusual Items": NaN,
        "Tax Rate For Calcs": NaN,
        "Normalized EBITDA": NaN,
        "Total Unusual Items": NaN,
        "Total Unusual Items Excluding Goodwill": NaN,
        "Net Income From Continuing Operation Net Minority Interest": NaN,
        "Reconciled Depreciation": NaN,
        "Reconciled Cost Of Revenue": NaN,
        "EBITDA": NaN,
        "EBIT": NaN,
        "Normalized Income": NaN,
        "Net Income From Continuing And Discontinued Operation": NaN,
        "Total Expenses": NaN,
        "Total Operating Income As Reported": NaN,
        "Diluted Average Shares": NaN,
        "Basic Average Shares": NaN,
        "Diluted EPS": NaN,
        "Basic EPS": NaN,
        "Diluted NI Availto Com Stockholders": NaN,
        "Net Income Common Stockholders": NaN,
        "Net Income": NaN,
        "Net Income Including Noncontrolling Interests": NaN,
        "Net Income Continuous Operations": NaN,
        "Pretax Income": NaN,
        "Other Income Expense": NaN,
        "Other Non Operating Income Expenses": NaN,
        "Special Income Charges": NaN,
        "Gain On Sale Of Ppe": NaN,
        "Restructuring And Mergern Acquisition": 0.0,
        "Gain On Sale Of Security": NaN,
        "Operating Income": NaN,
        "Operating Expense": NaN,
        "Research And Development": NaN,
        "Selling General And Administration": NaN,
        "Gross Profit": NaN,
        "Cost Of Revenue": NaN,
        "Total Revenue": NaN,
        "Operating Revenue": NaN
    },
    "2023-09-30": {
        "Tax Effect Of Unusual Items": NaN,
        "Tax Rate For Calcs": NaN,
        "Normalized EBITDA": NaN,
        "Total Unusual Items": NaN,
        "Total Unusual Items Excluding Goodwill": NaN,
        "Net Income From Continuing Operation Net Minority Interest": NaN,
        "Reconciled Depreciation": NaN,
        "Reconciled Cost Of Revenue": NaN,
        "EBITDA": NaN,
        "EBIT": NaN,
        "Normalized Income": NaN,
        "Net Income From Continuing And Discontinued Operation": NaN,
        "Total Expenses": NaN,
        "Total Operating Income As Reported": NaN,
        "Diluted Average Shares": 715000.0,
        "Basic Average Shares": 715000.0,
        "Diluted EPS": -0.87,
        "Basic EPS": -0.87,
        "Diluted NI Availto Com Stockholders": NaN,
        "Net Income Common Stockholders": NaN,
        "Net Income": NaN,
        "Net Income Including Noncontrolling Interests": NaN,
        "Net Income Continuous Operations": NaN,
        "Pretax Income": NaN,
        "Other Income Expense": NaN,
        "Other Non Operating Income Expenses": NaN,
        "Special Income Charges": NaN,
        "Gain On Sale Of Ppe": NaN,
        "Restructuring And Mergern Acquisition": 0.0,
        "Gain On Sale Of Security": NaN,
        "Operating Income": NaN,
        "Operating Expense": NaN,
        "Research And Development": NaN,
        "Selling General And Administration": NaN,
        "Gross Profit": NaN,
        "Cost Of Revenue": NaN,
        "Total Revenue": NaN,
        "Operating Revenue": NaN
    },
    "2023-12-31": {
        "Tax Effect Of Unusual Items": 0.0,
        "Tax Rate For Calcs": 0.0,
        "Normalized EBITDA": -2182000.0,
        "Total Unusual Items": -746000.0,
        "Total Unusual Items Excluding Goodwill": -746000.0,
        "Net Income From Continuing Operation Net Minority Interest": -8938000.0,
        "Reconciled Depreciation": 1047000.0,
        "Reconciled Cost Of Revenue": 4531000.0,
        "EBITDA": -2928000.0,
        "EBIT": -3975000.0,
        "Normalized Income": -8192000.0,
        "Net Income From Continuing And Discontinued Operation": -8938000.0,
        "Total Expenses": 10065000.0,
        "Total Operating Income As Reported": -8232000.0,
        "Diluted Average Shares": 716000.0,
        "Basic Average Shares": 716000.0,
        "Diluted EPS": -12.48,
        "Basic EPS": -12.48,
        "Diluted NI Availto Com Stockholders": -8938000.0,
        "Net Income Common Stockholders": -8938000.0,
        "Net Income": -8938000.0,
        "Net Income Including Noncontrolling Interests": -8938000.0,
        "Net Income Continuous Operations": -8938000.0,
        "Pretax Income": -8938000.0,
        "Other Income Expense": -685000.0,
        "Other Non Operating Income Expenses": 61000.0,
        "Special Income Charges": 0.0,
        "Gain On Sale Of Ppe": 0.0,
        "Restructuring And Mergern Acquisition": NaN,
        "Gain On Sale Of Security": -746000.0,
        "Operating Income": -8232000.0,
        "Operating Expense": 5534000.0,
        "Research And Development": 3360000.0,
        "Selling General And Administration": 2174000.0,
        "Gross Profit": -2698000.0,
        "Cost Of Revenue": 4531000.0,
        "Total Revenue": 1833000.0,
        "Operating Revenue": 1833000.0
    },
    "2024-03-31": {
        "Tax Effect Of Unusual Items": 0.0,
        "Tax Rate For Calcs": 0.0,
        "Normalized EBITDA": -4230000.0,
        "Total Unusual Items": 1591000.0,
        "Total Unusual Items Excluding Goodwill": 1591000.0,
        "Net Income From Continuing Operation Net Minority Interest": -2031000.0,
        "Reconciled Depreciation": 992000.0,
        "Reconciled Cost Of Revenue": 1510000.0,
        "EBITDA": -2639000.0,
        "EBIT": -3631000.0,
        "Normalized Income": -3622000.0,
        "Net Income From Continuing And Discontinued Operation": -2031000.0,
        "Total Expenses": 6447000.0,
        "Total Operating Income As Reported": -3631000.0,
        "Diluted Average Shares": 1907000.0,
        "Basic Average Shares": 1907000.0,
        "Diluted EPS": -1.07,
        "Basic EPS": -1.07,
        "Diluted NI Availto Com Stockholders": -2031000.0,
        "Net Income Common Stockholders": -2031000.0,
        "Net Income": -2031000.0,
        "Net Income Including Noncontrolling Interests": -2031000.0,
        "Net Income Continuous Operations": -2031000.0,
        "Pretax Income": -2031000.0,
        "Other Income Expense": 1600000.0,
        "Other Non Operating Income Expenses": 9000.0,
        "Special Income Charges": 0.0,
        "Gain On Sale Of Ppe": 0.0,
        "Restructuring And Mergern Acquisition": NaN,
        "Gain On Sale Of Security": 1591000.0,
        "Operating Income": -3631000.0,
        "Operating Expense": 4937000.0,
        "Research And Development": 2835000.0,
        "Selling General And Administration": 2102000.0,
        "Gross Profit": 1306000.0,
        "Cost Of Revenue": 1510000.0,
        "Total Revenue": 2816000.0,
        "Operating Revenue": 2816000.0
    },
    "2024-06-30": {
        "Tax Effect Of Unusual Items": 0.0,
        "Tax Rate For Calcs": 0.0,
        "Normalized EBITDA": 544000.0,
        "Total Unusual Items": -1987000.0,
        "Total Unusual Items Excluding Goodwill": -1987000.0,
        "Net Income From Continuing Operation Net Minority Interest": -4425000.0,
        "Reconciled Depreciation": 991000.0,
        "Reconciled Cost Of Revenue": 1887000.0,
        "EBITDA": -1443000.0,
        "EBIT": -2434000.0,
        "Normalized Income": -2438000.0,
        "Net Income From Continuing And Discontinued Operation": -4425000.0,
        "Total Expenses": 6672000.0,
        "Total Operating Income As Reported": -4475000.0,
        "Diluted Average Shares": 2358000.0,
        "Basic Average Shares": 2358000.0,
        "Diluted EPS": -1.88,
        "Basic EPS": -1.88,
        "Diluted NI Availto Com Stockholders": -4425000.0,
        "Net Income Common Stockholders": -4425000.0,
        "Net Income": -4425000.0,
        "Net Income Including Noncontrolling Interests": -4425000.0,
        "Net Income Continuous Operations": -4425000.0,
        "Pretax Income": -4425000.0,
        "Other Income Expense": -1991000.0,
        "Other Non Operating Income Expenses": -4000.0,
        "Special Income Charges": -2041000.0,
        "Gain On Sale Of Ppe": 0.0,
        "Restructuring And Mergern Acquisition": 2041000.0,
        "Gain On Sale Of Security": 54000.0,
        "Operating Income": -2434000.0,
        "Operating Expense": 4785000.0,
        "Research And Development": 2644000.0,
        "Selling General And Administration": 2141000.0,
        "Gross Profit": 2351000.0,
        "Cost Of Revenue": 1887000.0,
        "Total Revenue": 4238000.0,
        "Operating Revenue": 4238000.0
    },
    "2024-09-30": {
        "Tax Effect Of Unusual Items": 0.0,
        "Tax Rate For Calcs": 0.0,
        "Normalized EBITDA": -1723000.0,
        "Total Unusual Items": 4000.0,
        "Total Unusual Items Excluding Goodwill": 4000.0,
        "Net Income From Continuing Operation Net Minority Interest": -2712000.0,
        "Reconciled Depreciation": 981000.0,
        "Reconciled Cost Of Revenue": 2034000.0,
        "EBITDA": -1719000.0,
        "EBIT": -2700000.0,
        "Normalized Income": -2716000.0,
        "Net Income From Continuing And Discontinued Operation": -2712000.0,
        "Total Expenses": 6541000.0,
        "Total Operating Income As Reported": -2700000.0,
        "Diluted Average Shares": 2780000.0,
        "Basic Average Shares": 2780000.0,
        "Diluted EPS": -0.98,
        "Basic EPS": -0.98,
        "Diluted NI Availto Com Stockholders": -2712000.0,
        "Net Income Common Stockholders": -2712000.0,
        "Net Income": -2712000.0,
        "Net Income Including Noncontrolling Interests": -2712000.0,
        "Net Income Continuous Operations": -2712000.0,
        "Pretax Income": -2712000.0,
        "Other Income Expense": -12000.0,
        "Other Non Operating Income Expenses": -16000.0,
        "Special Income Charges": 0.0,
        "Gain On Sale Of Ppe": 0.0,
        "Restructuring And Mergern Acquisition": 0.0,
        "Gain On Sale Of Security": 4000.0,
        "Operating Income": -2700000.0,
        "Operating Expense": 4507000.0,
        "Research And Development": 2158000.0,
        "Selling General And Administration": 2349000.0,
        "Gross Profit": 1807000.0,
        "Cost Of Revenue": 2034000.0,
        "Total Revenue": 3841000.0,
        "Operating Revenue": 3841000.0
    },
    "2024-12-31": {
        "Tax Effect Of Unusual Items": 0.0,
        "Tax Rate For Calcs": 0.0,
        "Normalized EBITDA": -1072000.0,
        "Total Unusual Items": 44000.0,
        "Total Unusual Items Excluding Goodwill": 44000.0,
        "Net Income From Continuing Operation Net Minority Interest": -1560000.0,
        "Reconciled Depreciation": 947000.0,
        "Reconciled Cost Of Revenue": 1609000.0,
        "EBITDA": -1028000.0,
        "EBIT": -1975000.0,
        "Normalized Income": -1604000.0,
        "Net Income From Continuing And Discontinued Operation": -1560000.0,
        "Total Expenses": 5307000.0,
        "Total Operating Income As Reported": -1629000.0,
        "Diluted Average Shares": NaN,
        "Basic Average Shares": NaN,
        "Diluted EPS": NaN,
        "Basic EPS": NaN,
        "Diluted NI Availto Com Stockholders": -1560000.0,
        "Net Income Common Stockholders": -1560000.0,
        "Net Income": -1560000.0,
        "Net Income Including Noncontrolling Interests": -1560000.0,
        "Net Income Continuous Operations": -1560000.0,
        "Pretax Income": -1560000.0,
        "Other Income Expense": 79000.0,
        "Other Non Operating Income Expenses": 35000.0,
        "Special Income Charges": 0.0,
        "Gain On Sale Of Ppe": 0.0,
        "Restructuring And Mergern Acquisition": 0.0,
        "Gain On Sale Of Security": 44000.0,
        "Operating Income": -1629000.0,
        "Operating Expense": 3698000.0,
        "Research And Development": 1617000.0,
        "Selling General And Administration": 2081000.0,
        "Gross Profit": 2069000.0,
        "Cost Of Revenue": 1609000.0,
        "Total Revenue": 3678000.0,
        "Operating Revenue": 3678000.0
    }
}