{
    "2024-09-30": {
        "Tax Effect Of Unusual Items": -1050920.0,
        "Tax Rate For Calcs": 0.172,
        "Normalized EBITDA": 81896000.0,
        "Total Unusual Items": -6110000.0,
        "Total Unusual Items Excluding Goodwill": -6110000.0,
        "Net Income From Continuing Operation Net Minority Interest": 43292000.0,
        "Reconciled Depreciation": 11277000.0,
        "Reconciled Cost Of Revenue": 16979000.0,
        "EBITDA": 75786000.0,
        "EBIT": 64509000.0,
        "Net Interest Income": -3461000.0,
        "Interest Expense": 3461000.0,
        "Normalized Income": 48351080.0,
        "Net Income From Continuing And Discontinued Operation": 48615000.0,
        "Total Expenses": 111383000.0,
        "Diluted Average Shares": 21615000.0,
        "Basic Average Shares": 21166000.0,
        "Diluted EPS": 1.65,
        "Basic EPS": 1.68,
        "Diluted NI Availto Com Stockholders": 35655000.0,
        "Average Dilution Earnings": 177000.0,
        "Net Income Common Stockholders": 35478000.0,
        "Otherunder Preferred Stock Dividend": 11187000.0,
        "Preferred Stock Dividends": 1950000.0,
        "Net Income": 48615000.0,
        "Minority Interests": -7249000.0,
        "Net Income Including Noncontrolling Interests": 55864000.0,
        "Net Income Discontinuous Operations": 5323000.0,
        "Net Income Continuous Operations": 50541000.0,
        "Tax Provision": 10507000.0,
        "Pretax Income": 61048000.0,
        "Other Income Expense": -6365000.0,
        "Other Non Operating Income Expenses": -255000.0,
        "Special Income Charges": -6110000.0,
        "Write Off": 6110000.0,
        "Restructuring And Mergern Acquisition": 383000.0,
        "Net Non Operating Interest Income Expense": -3461000.0,
        "Total Other Finance Cost": NaN,
        "Interest Expense Non Operating": 3461000.0,
        "Operating Income": 70874000.0,
        "Operating Expense": 94404000.0,
        "Other Operating Expenses": 68584000.0,
        "Depreciation Amortization Depletion Income Statement": NaN,
        "Depreciation And Amortization In Income Statement": NaN,
        "Selling General And Administration": NaN,
        "Gross Profit": 165278000.0,
        "Cost Of Revenue": 16979000.0,
        "Total Revenue": 182257000.0,
        "Operating Revenue": 182257000.0
    },
    "2024-06-30": {
        "Tax Effect Of Unusual Items": 0.0,
        "Tax Rate For Calcs": NaN,
        "Normalized EBITDA": 19027000.0,
        "Total Unusual Items": 825000.0,
        "Total Unusual Items Excluding Goodwill": 825000.0,
        "Net Income From Continuing Operation Net Minority Interest": -431000.0,
        "Reconciled Depreciation": 11182000.0,
        "Reconciled Cost Of Revenue": 8377000.0,
        "EBITDA": 19027000.0,
        "EBIT": 7845000.0,
        "Net Interest Income": -3937000.0,
        "Interest Expense": 3937000.0,
        "Normalized Income": -431000.0,
        "Net Income From Continuing And Discontinued Operation": 29311000.0,
        "Total Expenses": 93047000.0,
        "Diluted Average Shares": 21521000.0,
        "Basic Average Shares": 21126000.0,
        "Diluted EPS": 0.97,
        "Basic EPS": 0.98,
        "Diluted NI Availto Com Stockholders": 20793000.0,
        "Average Dilution Earnings": 92000.0,
        "Net Income Common Stockholders": 20792000.0,
        "Otherunder Preferred Stock Dividend": 6569000.0,
        "Preferred Stock Dividends": 1950000.0,
        "Net Income": 29311000.0,
        "Minority Interests": -1567000.0,
        "Net Income Including Noncontrolling Interests": 30878000.0,
        "Net Income Discontinuous Operations": 29742000.0,
        "Net Income Continuous Operations": 1136000.0,
        "Tax Provision": 2772000.0,
        "Pretax Income": 3908000.0,
        "Other Income Expense": -309000.0,
        "Other Non Operating Income Expenses": -309000.0,
        "Special Income Charges": 825000.0,
        "Write Off": NaN,
        "Restructuring And Mergern Acquisition": -825000.0,
        "Net Non Operating Interest Income Expense": -3937000.0,
        "Total Other Finance Cost": 12585000.0,
        "Interest Expense Non Operating": 3937000.0,
        "Operating Income": 8154000.0,
        "Operating Expense": 84670000.0,
        "Other Operating Expenses": 59793000.0,
        "Depreciation Amortization Depletion Income Statement": 11182000.0,
        "Depreciation And Amortization In Income Statement": 11182000.0,
        "Selling General And Administration": 13695000.0,
        "Gross Profit": 92824000.0,
        "Cost Of Revenue": 8377000.0,
        "Total Revenue": 101201000.0,
        "Operating Revenue": 101201000.0
    },
    "2024-03-31": {
        "Tax Effect Of Unusual Items": NaN,
        "Tax Rate For Calcs": NaN,
        "Normalized EBITDA": NaN,
        "Total Unusual Items": 0.0,
        "Total Unusual Items Excluding Goodwill": 0.0,
        "Net Income From Continuing Operation Net Minority Interest": NaN,
        "Reconciled Depreciation": NaN,
        "Reconciled Cost Of Revenue": NaN,
        "EBITDA": NaN,
        "EBIT": NaN,
        "Net Interest Income": NaN,
        "Interest Expense": NaN,
        "Normalized Income": NaN,
        "Net Income From Continuing And Discontinued Operation": NaN,
        "Total Expenses": NaN,
        "Diluted Average Shares": NaN,
        "Basic Average Shares": NaN,
        "Diluted EPS": NaN,
        "Basic EPS": NaN,
        "Diluted NI Availto Com Stockholders": NaN,
        "Average Dilution Earnings": 0.0,
        "Net Income Common Stockholders": NaN,
        "Otherunder Preferred Stock Dividend": 0.0,
        "Preferred Stock Dividends": 1950000.0,
        "Net Income": NaN,
        "Minority Interests": NaN,
        "Net Income Including Noncontrolling Interests": NaN,
        "Net Income Discontinuous Operations": NaN,
        "Net Income Continuous Operations": NaN,
        "Tax Provision": NaN,
        "Pretax Income": NaN,
        "Other Income Expense": NaN,
        "Other Non Operating Income Expenses": NaN,
        "Special Income Charges": 0.0,
        "Write Off": NaN,
        "Restructuring And Mergern Acquisition": 0.0,
        "Net Non Operating Interest Income Expense": NaN,
        "Total Other Finance Cost": NaN,
        "Interest Expense Non Operating": NaN,
        "Operating Income": NaN,
        "Operating Expense": NaN,
        "Other Operating Expenses": NaN,
        "Depreciation Amortization Depletion Income Statement": 9763000.0,
        "Depreciation And Amortization In Income Statement": 9763000.0,
        "Selling General And Administration": 12842000.0,
        "Gross Profit": NaN,
        "Cost Of Revenue": NaN,
        "Total Revenue": NaN,
        "Operating Revenue": NaN
    },
    "2023-12-31": {
        "Tax Effect Of Unusual Items": NaN,
        "Tax Rate For Calcs": NaN,
        "Normalized EBITDA": NaN,
        "Total Unusual Items": NaN,
        "Total Unusual Items Excluding Goodwill": NaN,
        "Net Income From Continuing Operation Net Minority Interest": NaN,
        "Reconciled Depreciation": NaN,
        "Reconciled Cost Of Revenue": NaN,
        "EBITDA": NaN,
        "EBIT": NaN,
        "Net Interest Income": NaN,
        "Interest Expense": NaN,
        "Normalized Income": NaN,
        "Net Income From Continuing And Discontinued Operation": NaN,
        "Total Expenses": NaN,
        "Diluted Average Shares": NaN,
        "Basic Average Shares": NaN,
        "Diluted EPS": NaN,
        "Basic EPS": NaN,
        "Diluted NI Availto Com Stockholders": NaN,
        "Average Dilution Earnings": 9750000.0,
        "Net Income Common Stockholders": NaN,
        "Otherunder Preferred Stock Dividend": NaN,
        "Preferred Stock Dividends": 1951000.0,
        "Net Income": NaN,
        "Minority Interests": NaN,
        "Net Income Including Noncontrolling Interests": NaN,
        "Net Income Discontinuous Operations": NaN,
        "Net Income Continuous Operations": NaN,
        "Tax Provision": NaN,
        "Pretax Income": NaN,
        "Other Income Expense": NaN,
        "Other Non Operating Income Expenses": NaN,
        "Special Income Charges": NaN,
        "Write Off": 0.0,
        "Restructuring And Mergern Acquisition": NaN,
        "Net Non Operating Interest Income Expense": NaN,
        "Total Other Finance Cost": NaN,
        "Interest Expense Non Operating": NaN,
        "Operating Income": NaN,
        "Operating Expense": NaN,
        "Other Operating Expenses": NaN,
        "Depreciation Amortization Depletion Income Statement": NaN,
        "Depreciation And Amortization In Income Statement": NaN,
        "Selling General And Administration": NaN,
        "Gross Profit": NaN,
        "Cost Of Revenue": NaN,
        "Total Revenue": NaN,
        "Operating Revenue": NaN
    },
    "2023-09-30": {
        "Tax Effect Of Unusual Items": NaN,
        "Tax Rate For Calcs": NaN,
        "Normalized EBITDA": NaN,
        "Total Unusual Items": NaN,
        "Total Unusual Items Excluding Goodwill": NaN,
        "Net Income From Continuing Operation Net Minority Interest": NaN,
        "Reconciled Depreciation": NaN,
        "Reconciled Cost Of Revenue": NaN,
        "EBITDA": NaN,
        "EBIT": NaN,
        "Net Interest Income": NaN,
        "Interest Expense": NaN,
        "Normalized Income": NaN,
        "Net Income From Continuing And Discontinued Operation": NaN,
        "Total Expenses": NaN,
        "Diluted Average Shares": NaN,
        "Basic Average Shares": NaN,
        "Diluted EPS": NaN,
        "Basic EPS": NaN,
        "Diluted NI Availto Com Stockholders": NaN,
        "Average Dilution Earnings": 98000.0,
        "Net Income Common Stockholders": NaN,
        "Otherunder Preferred Stock Dividend": NaN,
        "Preferred Stock Dividends": NaN,
        "Net Income": NaN,
        "Minority Interests": NaN,
        "Net Income Including Noncontrolling Interests": NaN,
        "Net Income Discontinuous Operations": NaN,
        "Net Income Continuous Operations": NaN,
        "Tax Provision": NaN,
        "Pretax Income": NaN,
        "Other Income Expense": NaN,
        "Other Non Operating Income Expenses": NaN,
        "Special Income Charges": NaN,
        "Write Off": 0.0,
        "Restructuring And Mergern Acquisition": NaN,
        "Net Non Operating Interest Income Expense": NaN,
        "Total Other Finance Cost": NaN,
        "Interest Expense Non Operating": NaN,
        "Operating Income": NaN,
        "Operating Expense": NaN,
        "Other Operating Expenses": NaN,
        "Depreciation Amortization Depletion Income Statement": NaN,
        "Depreciation And Amortization In Income Statement": NaN,
        "Selling General And Administration": NaN,
        "Gross Profit": NaN,
        "Cost Of Revenue": NaN,
        "Total Revenue": NaN,
        "Operating Revenue": NaN
    },
    "2023-06-30": {
        "Tax Effect Of Unusual Items": NaN,
        "Tax Rate For Calcs": NaN,
        "Normalized EBITDA": NaN,
        "Total Unusual Items": NaN,
        "Total Unusual Items Excluding Goodwill": NaN,
        "Net Income From Continuing Operation Net Minority Interest": NaN,
        "Reconciled Depreciation": NaN,
        "Reconciled Cost Of Revenue": NaN,
        "EBITDA": NaN,
        "EBIT": NaN,
        "Net Interest Income": NaN,
        "Interest Expense": NaN,
        "Normalized Income": NaN,
        "Net Income From Continuing And Discontinued Operation": NaN,
        "Total Expenses": NaN,
        "Diluted Average Shares": NaN,
        "Basic Average Shares": NaN,
        "Diluted EPS": NaN,
        "Basic EPS": NaN,
        "Diluted NI Availto Com Stockholders": NaN,
        "Average Dilution Earnings": NaN,
        "Net Income Common Stockholders": NaN,
        "Otherunder Preferred Stock Dividend": NaN,
        "Preferred Stock Dividends": NaN,
        "Net Income": NaN,
        "Minority Interests": NaN,
        "Net Income Including Noncontrolling Interests": NaN,
        "Net Income Discontinuous Operations": NaN,
        "Net Income Continuous Operations": NaN,
        "Tax Provision": NaN,
        "Pretax Income": NaN,
        "Other Income Expense": NaN,
        "Other Non Operating Income Expenses": NaN,
        "Special Income Charges": NaN,
        "Write Off": 0.0,
        "Restructuring And Mergern Acquisition": NaN,
        "Net Non Operating Interest Income Expense": NaN,
        "Total Other Finance Cost": 12356000.0,
        "Interest Expense Non Operating": NaN,
        "Operating Income": NaN,
        "Operating Expense": NaN,
        "Other Operating Expenses": NaN,
        "Gross Profit": NaN,
        "Cost Of Revenue": NaN,
        "Total Revenue": NaN,
        "Operating Revenue": NaN
    },
    "2024-12-31": {
        "Tax Effect Of Unusual Items": -4009288.70122,
        "Tax Rate For Calcs": 0.089204,
        "Normalized EBITDA": -99169000.0,
        "Total Unusual Items": -44945000.0,
        "Total Unusual Items Excluding Goodwill": -44945000.0,
        "Net Income From Continuing Operation Net Minority Interest": -109125000.0,
        "Reconciled Depreciation": -1000.0,
        "Reconciled Cost Of Revenue": -644266000.0,
        "EBITDA": -144114000.0,
        "EBIT": -144114000.0,
        "Net Interest Income": 21676000.0,
        "Interest Expense": -21676000.0,
        "Normalized Income": -68189288.70122,
        "Net Income From Continuing And Discontinued Operation": 315735000.0,
        "Total Expenses": -641711000.0,
        "Diluted Average Shares": 22356000.0,
        "Basic Average Shares": 22356000.0,
        "Diluted EPS": 10.81,
        "Basic EPS": 10.81,
        "Diluted NI Availto Com Stockholders": 239198000.0,
        "Average Dilution Earnings": NaN,
        "Net Income Common Stockholders": 239363000.0,
        "Otherunder Preferred Stock Dividend": 74421000.0,
        "Preferred Stock Dividends": 1951000.0,
        "Net Income": 315735000.0,
        "Minority Interests": 2391000.0,
        "Net Income Including Noncontrolling Interests": 313344000.0,
        "Net Income Discontinuous Operations": 424860000.0,
        "Net Income Continuous Operations": -111516000.0,
        "Tax Provision": -10922000.0,
        "Pretax Income": -122438000.0,
        "Other Income Expense": -44574000.0,
        "Other Non Operating Income Expenses": 371000.0,
        "Special Income Charges": -44945000.0,
        "Write Off": 41462000.0,
        "Restructuring And Mergern Acquisition": 3483000.0,
        "Net Non Operating Interest Income Expense": 21676000.0,
        "Total Other Finance Cost": NaN,
        "Interest Expense Non Operating": -21676000.0,
        "Operating Income": -99540000.0,
        "Operating Expense": 2555000.0,
        "Other Operating Expenses": 2555000.0,
        "Depreciation Amortization Depletion Income Statement": NaN,
        "Depreciation And Amortization In Income Statement": NaN,
        "Selling General And Administration": NaN,
        "Gross Profit": -96985000.0,
        "Cost Of Revenue": -644266000.0,
        "Total Revenue": -741251000.0,
        "Operating Revenue": -741251000.0
    },
    "2025-03-31": {
        "Tax Effect Of Unusual Items": -2128.0,
        "Tax Rate For Calcs": 0.056,
        "Normalized EBITDA": -20617000.0,
        "Total Unusual Items": -38000.0,
        "Total Unusual Items Excluding Goodwill": -38000.0,
        "Net Income From Continuing Operation Net Minority Interest": -31005000.0,
        "Reconciled Depreciation": 10968000.0,
        "Reconciled Cost Of Revenue": 2285000.0,
        "EBITDA": -20655000.0,
        "EBIT": -31623000.0,
        "Net Interest Income": -1464000.0,
        "Interest Expense": 1464000.0,
        "Normalized Income": -30969128.0,
        "Net Income From Continuing And Discontinued Operation": -31136000.0,
        "Total Expenses": 68845000.0,
        "Diluted Average Shares": 28113000.0,
        "Basic Average Shares": 28113000.0,
        "Diluted EPS": -1.11,
        "Basic EPS": -1.11,
        "Diluted NI Availto Com Stockholders": -31136000.0,
        "Average Dilution Earnings": NaN,
        "Net Income Common Stockholders": -31136000.0,
        "Otherunder Preferred Stock Dividend": NaN,
        "Preferred Stock Dividends": NaN,
        "Net Income": -31136000.0,
        "Minority Interests": 216000.0,
        "Net Income Including Noncontrolling Interests": -31352000.0,
        "Net Income Discontinuous Operations": -131000.0,
        "Net Income Continuous Operations": -31221000.0,
        "Tax Provision": -1866000.0,
        "Pretax Income": -33087000.0,
        "Other Income Expense": -357000.0,
        "Other Non Operating Income Expenses": -319000.0,
        "Special Income Charges": -38000.0,
        "Write Off": NaN,
        "Restructuring And Mergern Acquisition": 38000.0,
        "Net Non Operating Interest Income Expense": -1464000.0,
        "Total Other Finance Cost": NaN,
        "Interest Expense Non Operating": 1464000.0,
        "Operating Income": -31266000.0,
        "Operating Expense": 66560000.0,
        "Other Operating Expenses": 38427000.0,
        "Depreciation Amortization Depletion Income Statement": 10968000.0,
        "Depreciation And Amortization In Income Statement": 10968000.0,
        "Selling General And Administration": 17165000.0,
        "Gross Profit": 35294000.0,
        "Cost Of Revenue": 2285000.0,
        "Total Revenue": 37579000.0,
        "Operating Revenue": 37579000.0
    },
    "2025-06-30": {
        "Tax Effect Of Unusual Items": 0.0,
        "Tax Rate For Calcs": 0.285,
        "Normalized EBITDA": 23618000.0,
        "Total Unusual Items": NaN,
        "Total Unusual Items Excluding Goodwill": NaN,
        "Net Income From Continuing Operation Net Minority Interest": 4511000.0,
        "Reconciled Depreciation": 11073000.0,
        "Reconciled Cost Of Revenue": 8871000.0,
        "EBITDA": 23618000.0,
        "EBIT": 12545000.0,
        "Net Interest Income": -1928000.0,
        "Interest Expense": 1928000.0,
        "Normalized Income": 4511000.0,
        "Net Income From Continuing And Discontinued Operation": 5646000.0,
        "Total Expenses": 98236000.0,
        "Diluted Average Shares": 28392000.0,
        "Basic Average Shares": 28392000.0,
        "Diluted EPS": 0.2,
        "Basic EPS": 0.2,
        "Diluted NI Availto Com Stockholders": 5646000.0,
        "Average Dilution Earnings": NaN,
        "Net Income Common Stockholders": 5646000.0,
        "Otherunder Preferred Stock Dividend": 0.0,
        "Preferred Stock Dividends": NaN,
        "Net Income": 5646000.0,
        "Minority Interests": -3085000.0,
        "Net Income Including Noncontrolling Interests": 8731000.0,
        "Net Income Discontinuous Operations": 1135000.0,
        "Net Income Continuous Operations": 7596000.0,
        "Tax Provision": 3021000.0,
        "Pretax Income": 10617000.0,
        "Other Income Expense": -5962000.0,
        "Other Non Operating Income Expenses": -5962000.0,
        "Special Income Charges": NaN,
        "Write Off": NaN,
        "Restructuring And Mergern Acquisition": NaN,
        "Net Non Operating Interest Income Expense": -1928000.0,
        "Total Other Finance Cost": NaN,
        "Interest Expense Non Operating": 1928000.0,
        "Operating Income": 18507000.0,
        "Operating Expense": 89365000.0,
        "Other Operating Expenses": 62563000.0,
        "Depreciation Amortization Depletion Income Statement": 11073000.0,
        "Depreciation And Amortization In Income Statement": 11073000.0,
        "Selling General And Administration": 15729000.0,
        "Gross Profit": 107872000.0,
        "Cost Of Revenue": 8871000.0,
        "Total Revenue": 116743000.0,
        "Operating Revenue": 116743000.0
    },
    "2025-09-30": {
        "Tax Effect Of Unusual Items": NaN,
        "Tax Rate For Calcs": 0.168,
        "Normalized EBITDA": NaN,
        "Total Unusual Items": NaN,
        "Total Unusual Items Excluding Goodwill": NaN,
        "Net Income From Continuing Operation Net Minority Interest": NaN,
        "Reconciled Depreciation": NaN,
        "Reconciled Cost Of Revenue": NaN,
        "EBITDA": NaN,
        "EBIT": NaN,
        "Net Interest Income": NaN,
        "Interest Expense": NaN,
        "Normalized Income": NaN,
        "Net Income From Continuing And Discontinued Operation": NaN,
        "Total Expenses": NaN,
        "Diluted Average Shares": NaN,
        "Basic Average Shares": NaN,
        "Diluted EPS": NaN,
        "Basic EPS": NaN,
        "Diluted NI Availto Com Stockholders": NaN,
        "Average Dilution Earnings": NaN,
        "Net Income Common Stockholders": NaN,
        "Otherunder Preferred Stock Dividend": NaN,
        "Preferred Stock Dividends": NaN,
        "Net Income": NaN,
        "Minority Interests": NaN,
        "Net Income Including Noncontrolling Interests": NaN,
        "Net Income Discontinuous Operations": NaN,
        "Net Income Continuous Operations": NaN,
        "Tax Provision": NaN,
        "Pretax Income": NaN,
        "Other Income Expense": NaN,
        "Other Non Operating Income Expenses": NaN,
        "Special Income Charges": NaN,
        "Write Off": NaN,
        "Restructuring And Mergern Acquisition": NaN,
        "Net Non Operating Interest Income Expense": NaN,
        "Total Other Finance Cost": NaN,
        "Interest Expense Non Operating": NaN,
        "Operating Income": NaN,
        "Operating Expense": NaN,
        "Other Operating Expenses": NaN,
        "Depreciation Amortization Depletion Income Statement": NaN,
        "Depreciation And Amortization In Income Statement": NaN,
        "Selling General And Administration": NaN,
        "Gross Profit": NaN,
        "Cost Of Revenue": NaN,
        "Total Revenue": NaN,
        "Operating Revenue": NaN
    }
}