{
    "2023-03-31": {
        "Tax Effect Of Unusual Items": 0.0,
        "Tax Rate For Calcs": 0.058502,
        "Normalized EBITDA": -56124000.0,
        "Net Income From Continuing Operation Net Minority Interest": -46864000.0,
        "Reconciled Depreciation": 201000.0,
        "EBITDA": -56124000.0,
        "EBIT": -56325000.0,
        "Net Interest Income": 6690000.0,
        "Interest Income": 6690000.0,
        "Normalized Income": -46864000.0,
        "Net Income From Continuing And Discontinued Operation": -46864000.0,
        "Total Expenses": 58494000.0,
        "Total Operating Income As Reported": -56325000.0,
        "Diluted Average Shares": 52501000.0,
        "Basic Average Shares": 52501000.0,
        "Diluted EPS": -0.89,
        "Basic EPS": -0.89,
        "Diluted NI Availto Com Stockholders": -46864000.0,
        "Net Income Common Stockholders": -46864000.0,
        "Net Income": -46864000.0,
        "Net Income Including Noncontrolling Interests": -46864000.0,
        "Net Income Continuous Operations": -46864000.0,
        "Tax Provision": -2912000.0,
        "Pretax Income": -49776000.0,
        "Other Income Expense": -141000.0,
        "Other Non Operating Income Expenses": -141000.0,
        "Net Non Operating Interest Income Expense": 6690000.0,
        "Interest Income Non Operating": 6690000.0,
        "Operating Income": -56325000.0,
        "Operating Expense": 58494000.0,
        "Research And Development": 44756000.0,
        "Selling General And Administration": 13738000.0,
        "General And Administrative Expense": 13738000.0,
        "Other Gand A": 13738000.0,
        "Total Revenue": 2169000.0,
        "Operating Revenue": 2169000.0
    },
    "2022-12-31": {
        "Tax Effect Of Unusual Items": 0.0,
        "Tax Rate For Calcs": 0.125,
        "Normalized EBITDA": -72000.0,
        "Net Income From Continuing Operation Net Minority Interest": 6349000.0,
        "Reconciled Depreciation": -4270000.0,
        "EBITDA": -72000.0,
        "EBIT": -72000.0,
        "Net Interest Income": 3744000.0,
        "Interest Income": 3744000.0,
        "Normalized Income": 6349000.0,
        "Net Income From Continuing And Discontinued Operation": 6349000.0,
        "Total Expenses": 49995000.0,
        "Total Operating Income As Reported": -72000.0,
        "Diluted Average Shares": 53979000.0,
        "Basic Average Shares": 48960000.0,
        "Diluted EPS": 0.12,
        "Basic EPS": 0.13,
        "Diluted NI Availto Com Stockholders": 6349000.0,
        "Net Income Common Stockholders": 6349000.0,
        "Net Income": 6349000.0,
        "Net Income Including Noncontrolling Interests": 6349000.0,
        "Net Income Continuous Operations": 6349000.0,
        "Tax Provision": -3004000.0,
        "Pretax Income": 3345000.0,
        "Other Income Expense": -327000.0,
        "Other Non Operating Income Expenses": -327000.0,
        "Net Non Operating Interest Income Expense": 3744000.0,
        "Interest Income Non Operating": 3744000.0,
        "Operating Income": -72000.0,
        "Operating Expense": 49995000.0,
        "Research And Development": 36871000.0,
        "Selling General And Administration": 13124000.0,
        "General And Administrative Expense": 13124000.0,
        "Other Gand A": 13124000.0,
        "Total Revenue": 49923000.0,
        "Operating Revenue": 49923000.0
    },
    "2022-09-30": {
        "Tax Effect Of Unusual Items": 0.0,
        "Tax Rate For Calcs": 0.054795,
        "Normalized EBITDA": -50332000.0,
        "Net Income From Continuing Operation Net Minority Interest": -45764000.0,
        "Reconciled Depreciation": 1714000.0,
        "EBITDA": -50332000.0,
        "EBIT": -50332000.0,
        "Net Interest Income": 1913000.0,
        "Interest Income": 1913000.0,
        "Normalized Income": -45764000.0,
        "Net Income From Continuing And Discontinued Operation": -45764000.0,
        "Total Expenses": 51849000.0,
        "Total Operating Income As Reported": -50332000.0,
        "Diluted Average Shares": 46986000.0,
        "Basic Average Shares": 46986000.0,
        "Diluted EPS": -0.97,
        "Basic EPS": -0.97,
        "Diluted NI Availto Com Stockholders": -45764000.0,
        "Net Income Common Stockholders": -45764000.0,
        "Net Income": -45764000.0,
        "Net Income Including Noncontrolling Interests": -45764000.0,
        "Net Income Continuous Operations": -45764000.0,
        "Tax Provision": -2653000.0,
        "Pretax Income": -48417000.0,
        "Other Income Expense": 1915000.0,
        "Other Non Operating Income Expenses": 1915000.0,
        "Net Non Operating Interest Income Expense": 1913000.0,
        "Interest Income Non Operating": 1913000.0,
        "Operating Income": -50332000.0,
        "Operating Expense": 51849000.0,
        "Research And Development": 39860000.0,
        "Selling General And Administration": 11989000.0,
        "General And Administrative Expense": 11989000.0,
        "Other Gand A": 11989000.0,
        "Total Revenue": 1517000.0,
        "Operating Revenue": 1517000.0
    },
    "2022-06-30": {
        "Tax Effect Of Unusual Items": 0.0,
        "Tax Rate For Calcs": 0.031194,
        "Normalized EBITDA": -41550000.0,
        "Net Income From Continuing Operation Net Minority Interest": -41244000.0,
        "Reconciled Depreciation": 1659000.0,
        "EBITDA": -41550000.0,
        "EBIT": -43209000.0,
        "Net Interest Income": 639000.0,
        "Interest Income": 639000.0,
        "Normalized Income": -41244000.0,
        "Net Income From Continuing And Discontinued Operation": -41244000.0,
        "Total Expenses": 44521000.0,
        "Total Operating Income As Reported": -43209000.0,
        "Diluted Average Shares": 46805000.0,
        "Basic Average Shares": 46805000.0,
        "Diluted EPS": -0.88,
        "Basic EPS": -0.88,
        "Diluted NI Availto Com Stockholders": -41244000.0,
        "Net Income Common Stockholders": -41244000.0,
        "Net Income": -41244000.0,
        "Net Income Including Noncontrolling Interests": -41244000.0,
        "Net Income Continuous Operations": -41244000.0,
        "Tax Provision": -1328000.0,
        "Pretax Income": -42572000.0,
        "Other Income Expense": -2000.0,
        "Other Non Operating Income Expenses": -2000.0,
        "Net Non Operating Interest Income Expense": 639000.0,
        "Interest Income Non Operating": 639000.0,
        "Operating Income": -43209000.0,
        "Operating Expense": 44521000.0,
        "Research And Development": 31569000.0,
        "Selling General And Administration": 12952000.0,
        "General And Administrative Expense": 12952000.0,
        "Other Gand A": 12952000.0,
        "Total Revenue": 1312000.0,
        "Operating Revenue": 1312000.0
    },
    "2023-06-30": {
        "Tax Effect Of Unusual Items": 0.0,
        "Tax Rate For Calcs": 0.073106,
        "Normalized EBITDA": -66282000.0,
        "Net Income From Continuing Operation Net Minority Interest": -54595000.0,
        "Reconciled Depreciation": 222000.0,
        "EBITDA": -66282000.0,
        "EBIT": -66504000.0,
        "Net Interest Income": 7700000.0,
        "Interest Income": 7700000.0,
        "Normalized Income": -54595000.0,
        "Net Income From Continuing And Discontinued Operation": -54595000.0,
        "Total Expenses": 70523000.0,
        "Total Operating Income As Reported": -66504000.0,
        "Diluted Average Shares": 53121000.0,
        "Basic Average Shares": 53121000.0,
        "Diluted EPS": -1.03,
        "Basic EPS": -1.03,
        "Diluted NI Availto Com Stockholders": -54595000.0,
        "Net Income Common Stockholders": -54595000.0,
        "Net Income": -54595000.0,
        "Net Income Including Noncontrolling Interests": -54595000.0,
        "Net Income Continuous Operations": -54595000.0,
        "Tax Provision": -4306000.0,
        "Pretax Income": -58901000.0,
        "Other Income Expense": -97000.0,
        "Other Non Operating Income Expenses": -97000.0,
        "Net Non Operating Interest Income Expense": 7700000.0,
        "Interest Income Non Operating": 7700000.0,
        "Operating Income": -66504000.0,
        "Operating Expense": 70523000.0,
        "Research And Development": 56011000.0,
        "Selling General And Administration": 14512000.0,
        "General And Administrative Expense": 14512000.0,
        "Other Gand A": 14512000.0,
        "Total Revenue": 4019000.0,
        "Operating Revenue": 4019000.0
    },
    "2022-03-31": {
        "Diluted EPS": -0.78,
        "Total Revenue": 1,
        "Gross Profit": 1,
        "Operating Income": -38,
        "EBIT": -36,
        "Net Income": -36
    },
    "2021-12-31": {
        "Diluted EPS": -0.42,
        "Total Revenue": 1,
        "Gross Profit": 1,
        "Operating Income": -33,
        "EBIT": -31,
        "Net Income": -33
    },
    "2021-09-30": {
        "Diluted EPS": 2.13,
        "Total Revenue": 139,
        "Gross Profit": 139,
        "Operating Income": 109,
        "EBIT": 111,
        "Net Income": 109
    },
    "2021-06-30": {
        "Diluted EPS": 0.58,
        "Total Revenue": 60,
        "Gross Profit": 60,
        "Operating Income": 28,
        "EBIT": 30,
        "Net Income": 28
    },
    "2021-03-31": {
        "Diluted EPS": -0.91,
        "Total Revenue": 0,
        "Gross Profit": 0,
        "Operating Income": -32,
        "EBIT": -30,
        "Net Income": -37
    },
    "2020-12-31": {
        "Diluted EPS": -0.76,
        "Total Revenue": 0,
        "Gross Profit": 0,
        "Operating Income": -30,
        "EBIT": -29,
        "Net Income": -31
    },
    "2020-09-30": {
        "Diluted EPS": -0.77,
        "Total Revenue": 0,
        "Gross Profit": 0,
        "Operating Income": -31,
        "EBIT": -29,
        "Net Income": -31
    },
    "2020-06-30": {
        "Diluted EPS": -0.66,
        "Total Revenue": 0,
        "Gross Profit": 0,
        "Operating Income": -27,
        "EBIT": -25,
        "Net Income": -26
    },
    "2020-03-31": {
        "Diluted EPS": -0.59,
        "Total Revenue": 0,
        "Gross Profit": 0,
        "Operating Income": -25,
        "EBIT": -23,
        "Net Income": -24
    },
    "2019-12-31": {
        "Diluted EPS": -0.54,
        "Total Revenue": 0,
        "Gross Profit": 0,
        "Operating Income": -23,
        "EBIT": -22,
        "Net Income": -22
    },
    "2019-09-30": {
        "Diluted EPS": -0.49,
        "Total Revenue": 0,
        "Gross Profit": 0,
        "Operating Income": -21,
        "EBIT": -19,
        "Net Income": -19
    },
    "2019-06-30": {
        "Diluted EPS": -0.4,
        "Total Revenue": 0,
        "Gross Profit": 0,
        "Operating Income": -18,
        "EBIT": -17,
        "Net Income": -16
    },
    "2019-03-31": {
        "Diluted EPS": -0.52,
        "Total Revenue": 0,
        "Gross Profit": 0,
        "Operating Income": -23,
        "EBIT": -21,
        "Net Income": -21
    },
    "2018-12-31": {
        "Diluted EPS": -0.55,
        "Total Revenue": 0,
        "Gross Profit": 0,
        "Operating Income": -23,
        "EBIT": -22,
        "Net Income": -22
    },
    "2018-09-30": {
        "Diluted EPS": -0.62,
        "Total Revenue": 0,
        "Gross Profit": 0,
        "Operating Income": -24,
        "EBIT": -24,
        "Net Income": -25
    },
    "2018-06-30": {
        "Diluted EPS": -1.5,
        "Total Revenue": 0,
        "Gross Profit": 0,
        "Operating Income": -63,
        "EBIT": -62,
        "Net Income": -60
    },
    "2018-03-31": {
        "Diluted EPS": -1.26,
        "Total Revenue": 0,
        "Gross Profit": 0,
        "Operating Income": -49,
        "EBIT": -48,
        "Net Income": -49
    },
    "2017-12-31": {
        "Diluted EPS": -1.25,
        "Total Revenue": 0,
        "Gross Profit": 0,
        "Operating Income": -47,
        "EBIT": -47,
        "Net Income": -48
    },
    "2017-09-30": {
        "Diluted EPS": -1.37,
        "Total Revenue": 0,
        "Gross Profit": 0,
        "Operating Income": -54,
        "EBIT": -53,
        "Net Income": -52
    },
    "2017-06-30": {
        "Diluted EPS": -0.46,
        "Total Revenue": 27,
        "Gross Profit": 27,
        "Operating Income": -18,
        "EBIT": -17,
        "Net Income": -18
    },
    "2017-03-31": {
        "Diluted EPS": -0.99,
        "Total Revenue": 0,
        "Gross Profit": 0,
        "Operating Income": -36,
        "EBIT": -36,
        "Net Income": -35
    },
    "2016-12-31": {
        "Diluted EPS": -1.41,
        "Total Revenue": 0,
        "Gross Profit": 0,
        "Operating Income": -49,
        "EBIT": -48,
        "Net Income": -49
    },
    "2016-09-30": {
        "Diluted EPS": -1.26,
        "Total Revenue": 0,
        "Gross Profit": 0,
        "Operating Income": -43,
        "EBIT": -42,
        "Net Income": -43
    },
    "2016-06-30": {
        "Diluted EPS": -1.18,
        "Total Revenue": 0,
        "Gross Profit": 0,
        "Operating Income": -40,
        "EBIT": -40,
        "Net Income": -40
    },
    "2016-03-31": {
        "Diluted EPS": -0.81,
        "Total Revenue": 0,
        "Gross Profit": 0,
        "Operating Income": -27,
        "EBIT": -27,
        "Net Income": -28
    },
    "2015-12-31": {
        "Diluted EPS": -0.79,
        "Total Revenue": 0,
        "Gross Profit": 0,
        "Operating Income": -24,
        "EBIT": -24,
        "Net Income": -24
    },
    "2015-09-30": {
        "Diluted EPS": -0.73,
        "Total Revenue": 0,
        "Gross Profit": 0,
        "Operating Income": -23,
        "EBIT": -22,
        "Net Income": -23
    },
    "2015-06-30": {
        "Diluted EPS": -0.59,
        "Total Revenue": 0,
        "Gross Profit": 0,
        "Operating Income": -18,
        "EBIT": -18,
        "Net Income": -18
    },
    "2015-03-31": {
        "Diluted EPS": -0.55,
        "Total Revenue": 1,
        "Gross Profit": 1,
        "Operating Income": -15,
        "EBIT": -15,
        "Net Income": -15
    },
    "2014-12-31": {
        "Diluted EPS": -0.65,
        "Total Revenue": 2,
        "Gross Profit": 2,
        "Operating Income": -13,
        "EBIT": -13,
        "Net Income": -13
    },
    "2014-09-30": {
        "Diluted EPS": -0.48,
        "Total Revenue": 1,
        "Gross Profit": 1,
        "Operating Income": -13,
        "EBIT": -13,
        "Net Income": -13
    },
    "2014-06-30": {
        "Diluted EPS": 0.06,
        "Total Revenue": 15,
        "Gross Profit": 15,
        "Operating Income": 2,
        "EBIT": 2,
        "Net Income": 1
    },
    "2014-03-31": {
        "Diluted EPS": 0.78,
        "Total Revenue": 32,
        "Gross Profit": 32,
        "Operating Income": 18,
        "EBIT": 18,
        "Net Income": 18
    },
    "2013-12-31": {
        "Diluted EPS": -0.5,
        "Total Revenue": 0,
        "Gross Profit": 0,
        "Operating Income": -11,
        "EBIT": -10,
        "Net Income": -11
    },
    "2013-09-30": {
        "Diluted EPS": -0.55,
        "Total Revenue": 0,
        "Gross Profit": 0,
        "Operating Income": -10,
        "EBIT": -9,
        "Net Income": -10
    },
    "2013-06-30": {
        "Diluted EPS": -0.64,
        "Total Revenue": 0,
        "Gross Profit": 0,
        "Operating Income": -11,
        "EBIT": -11,
        "Net Income": -11
    },
    "2013-03-31": {
        "Diluted EPS": -0.51,
        "Total Revenue": 0,
        "Gross Profit": 0,
        "Operating Income": -9,
        "EBIT": -9,
        "Net Income": -9
    },
    "2012-12-31": {
        "Diluted EPS": -0.82,
        "Total Revenue": 1,
        "Gross Profit": 1,
        "Operating Income": -12,
        "EBIT": -12,
        "Net Income": -12
    },
    "2012-09-30": {
        "Diluted EPS": -0.6,
        "Total Revenue": 1,
        "Gross Profit": 1,
        "Operating Income": -9,
        "EBIT": -9,
        "Net Income": -9
    },
    "2012-06-30": {
        "Diluted EPS": -0.67,
        "Total Revenue": 1,
        "Gross Profit": 1,
        "Operating Income": -10,
        "EBIT": -10,
        "Net Income": -10
    },
    "2012-03-31": {
        "Diluted EPS": -0.75,
        "Total Revenue": 0,
        "Gross Profit": 0,
        "Operating Income": -11,
        "EBIT": -11,
        "Net Income": -11
    },
    "2011-12-31": {
        "Diluted EPS": 0.0,
        "Total Revenue": NaN,
        "Gross Profit": NaN,
        "Operating Income": NaN,
        "EBIT": NaN,
        "Net Income": NaN
    },
    "2010-12-31": {
        "Diluted EPS": 0.0,
        "Total Revenue": NaN,
        "Gross Profit": NaN,
        "Operating Income": NaN,
        "EBIT": NaN,
        "Net Income": NaN
    },
    "2023-09-30": {
        "Tax Effect Of Unusual Items": NaN,
        "Tax Rate For Calcs": NaN,
        "Normalized EBITDA": NaN,
        "Net Income From Continuing Operation Net Minority Interest": NaN,
        "Reconciled Depreciation": NaN,
        "EBITDA": NaN,
        "EBIT": NaN,
        "Net Interest Income": NaN,
        "Interest Income": NaN,
        "Normalized Income": NaN,
        "Net Income From Continuing And Discontinued Operation": NaN,
        "Total Expenses": NaN,
        "Total Operating Income As Reported": NaN,
        "Diluted Average Shares": 58004000.0,
        "Basic Average Shares": 53559000.0,
        "Diluted EPS": 0.38,
        "Basic EPS": 0.41,
        "Diluted NI Availto Com Stockholders": NaN,
        "Net Income Common Stockholders": NaN,
        "Net Income": NaN,
        "Net Income Including Noncontrolling Interests": NaN,
        "Net Income Continuous Operations": NaN,
        "Tax Provision": NaN,
        "Pretax Income": NaN,
        "Other Income Expense": NaN,
        "Other Non Operating Income Expenses": -15000.0,
        "Net Non Operating Interest Income Expense": NaN,
        "Interest Income Non Operating": NaN,
        "Operating Income": NaN,
        "Operating Expense": NaN,
        "Research And Development": NaN,
        "Selling General And Administration": NaN,
        "General And Administrative Expense": NaN,
        "Other Gand A": NaN,
        "Total Revenue": NaN,
        "Operating Revenue": NaN
    },
    "2023-12-31": {
        "Tax Effect Of Unusual Items": 0.0,
        "Tax Rate For Calcs": 0.044493,
        "Normalized EBITDA": -78515000.0,
        "Net Income From Continuing Operation Net Minority Interest": -67476000.0,
        "Reconciled Depreciation": -4945000.0,
        "EBITDA": -78515000.0,
        "EBIT": -78515000.0,
        "Net Interest Income": 8102000.0,
        "Interest Income": 8102000.0,
        "Normalized Income": -67476000.0,
        "Net Income From Continuing And Discontinued Operation": -67476000.0,
        "Total Expenses": 78831000.0,
        "Total Operating Income As Reported": -78515000.0,
        "Diluted Average Shares": 53668000.0,
        "Basic Average Shares": 53668000.0,
        "Diluted EPS": -1.26,
        "Basic EPS": -1.26,
        "Diluted NI Availto Com Stockholders": -67476000.0,
        "Net Income Common Stockholders": -67476000.0,
        "Net Income": -67476000.0,
        "Net Income Including Noncontrolling Interests": -67476000.0,
        "Net Income Continuous Operations": -67476000.0,
        "Tax Provision": -3142000.0,
        "Pretax Income": -70618000.0,
        "Other Income Expense": -205000.0,
        "Other Non Operating Income Expenses": -205000.0,
        "Net Non Operating Interest Income Expense": 8102000.0,
        "Interest Income Non Operating": 8102000.0,
        "Operating Income": -78515000.0,
        "Operating Expense": 78831000.0,
        "Research And Development": 61891000.0,
        "Selling General And Administration": 16940000.0,
        "General And Administrative Expense": 16940000.0,
        "Other Gand A": 16940000.0,
        "Total Revenue": 316000.0,
        "Operating Revenue": 316000.0
    },
    "2024-03-31": {
        "Tax Effect Of Unusual Items": 0.0,
        "Tax Rate For Calcs": 0.029567,
        "Normalized EBITDA": -81313000.0,
        "Net Income From Continuing Operation Net Minority Interest": -72239000.0,
        "Reconciled Depreciation": 215000.0,
        "EBITDA": -81313000.0,
        "EBIT": -81528000.0,
        "Net Interest Income": 7165000.0,
        "Interest Income": 7165000.0,
        "Normalized Income": -72239000.0,
        "Net Income From Continuing And Discontinued Operation": -72239000.0,
        "Total Expenses": 81578000.0,
        "Total Operating Income As Reported": -81528000.0,
        "Diluted Average Shares": 53714000.0,
        "Basic Average Shares": 53714000.0,
        "Diluted EPS": -1.34,
        "Basic EPS": -1.34,
        "Diluted NI Availto Com Stockholders": -72239000.0,
        "Net Income Common Stockholders": -72239000.0,
        "Net Income": -72239000.0,
        "Net Income Including Noncontrolling Interests": -72239000.0,
        "Net Income Continuous Operations": -72239000.0,
        "Tax Provision": -2201000.0,
        "Pretax Income": -74440000.0,
        "Other Income Expense": -77000.0,
        "Other Non Operating Income Expenses": -77000.0,
        "Net Non Operating Interest Income Expense": 7165000.0,
        "Interest Income Non Operating": 7165000.0,
        "Operating Income": -81528000.0,
        "Operating Expense": 81578000.0,
        "Research And Development": 64114000.0,
        "Selling General And Administration": 17464000.0,
        "General And Administrative Expense": 17464000.0,
        "Other Gand A": 17464000.0,
        "Total Revenue": 50000.0,
        "Operating Revenue": 50000.0
    },
    "2024-06-30": {
        "Tax Effect Of Unusual Items": 0.0,
        "Tax Rate For Calcs": 0.125,
        "Normalized EBITDA": 58608000.0,
        "Net Income From Continuing Operation Net Minority Interest": 66886000.0,
        "Reconciled Depreciation": 231000.0,
        "EBITDA": 58608000.0,
        "EBIT": 58377000.0,
        "Net Interest Income": 6521000.0,
        "Interest Income": 6521000.0,
        "Normalized Income": 66886000.0,
        "Net Income From Continuing And Discontinued Operation": 66886000.0,
        "Total Expenses": 73637000.0,
        "Total Operating Income As Reported": 58377000.0,
        "Diluted Average Shares": 55043000.0,
        "Basic Average Shares": 53767000.0,
        "Diluted EPS": 1.22,
        "Basic EPS": 1.24,
        "Diluted NI Availto Com Stockholders": 66886000.0,
        "Net Income Common Stockholders": 66886000.0,
        "Net Income": 66886000.0,
        "Net Income Including Noncontrolling Interests": 66886000.0,
        "Net Income Continuous Operations": 66886000.0,
        "Tax Provision": -2039000.0,
        "Pretax Income": 64847000.0,
        "Other Income Expense": -51000.0,
        "Other Non Operating Income Expenses": -51000.0,
        "Net Non Operating Interest Income Expense": 6521000.0,
        "Interest Income Non Operating": 6521000.0,
        "Operating Income": 58377000.0,
        "Operating Expense": 73637000.0,
        "Research And Development": 57510000.0,
        "Selling General And Administration": 16127000.0,
        "General And Administrative Expense": 16127000.0,
        "Other Gand A": 16127000.0,
        "Total Revenue": 132014000.0,
        "Operating Revenue": 132014000.0
    },
    "2024-09-30": {
        "Tax Effect Of Unusual Items": 0.0,
        "Tax Rate For Calcs": 0.013955,
        "Normalized EBITDA": -66287000.0,
        "Net Income From Continuing Operation Net Minority Interest": -59001000.0,
        "Reconciled Depreciation": 226000.0,
        "EBITDA": -66287000.0,
        "EBIT": -66513000.0,
        "Net Interest Income": 6743000.0,
        "Interest Income": 6743000.0,
        "Normalized Income": -59001000.0,
        "Net Income From Continuing And Discontinued Operation": -59001000.0,
        "Total Expenses": 67483000.0,
        "Total Operating Income As Reported": -66513000.0,
        "Diluted Average Shares": 53790000.0,
        "Basic Average Shares": 53790000.0,
        "Diluted EPS": -1.1,
        "Basic EPS": -1.1,
        "Diluted NI Availto Com Stockholders": -59001000.0,
        "Net Income Common Stockholders": -59001000.0,
        "Net Income": -59001000.0,
        "Net Income Including Noncontrolling Interests": -59001000.0,
        "Net Income Continuous Operations": -59001000.0,
        "Tax Provision": -835000.0,
        "Pretax Income": -59836000.0,
        "Other Income Expense": -66000.0,
        "Other Non Operating Income Expenses": -66000.0,
        "Net Non Operating Interest Income Expense": 6743000.0,
        "Interest Income Non Operating": 6743000.0,
        "Operating Income": -66513000.0,
        "Operating Expense": 67483000.0,
        "Research And Development": 50723000.0,
        "Selling General And Administration": 16760000.0,
        "General And Administrative Expense": 16760000.0,
        "Other Gand A": 16760000.0,
        "Total Revenue": 970000.0,
        "Operating Revenue": 970000.0
    },
    "2024-12-31": {
        "Tax Effect Of Unusual Items": 0.0,
        "Tax Rate For Calcs": 0.025966,
        "Normalized EBITDA": -64676000.0,
        "Net Income From Continuing Operation Net Minority Interest": -57956000.0,
        "Reconciled Depreciation": 221000.0,
        "EBITDA": -64676000.0,
        "EBIT": -64897000.0,
        "Net Interest Income": 5387000.0,
        "Interest Income": 5387000.0,
        "Normalized Income": -57956000.0,
        "Net Income From Continuing And Discontinued Operation": -57956000.0,
        "Total Expenses": 67020000.0,
        "Total Operating Income As Reported": -64897000.0,
        "Diluted Average Shares": NaN,
        "Basic Average Shares": NaN,
        "Diluted EPS": NaN,
        "Basic EPS": NaN,
        "Diluted NI Availto Com Stockholders": -57956000.0,
        "Net Income Common Stockholders": -57956000.0,
        "Net Income": -57956000.0,
        "Net Income Including Noncontrolling Interests": -57956000.0,
        "Net Income Continuous Operations": -57956000.0,
        "Tax Provision": -1545000.0,
        "Pretax Income": -59501000.0,
        "Other Income Expense": 9000.0,
        "Other Non Operating Income Expenses": NaN,
        "Net Non Operating Interest Income Expense": 5387000.0,
        "Interest Income Non Operating": 5387000.0,
        "Operating Income": -64897000.0,
        "Operating Expense": 67020000.0,
        "Research And Development": 50172000.0,
        "Selling General And Administration": 16848000.0,
        "General And Administrative Expense": 16848000.0,
        "Other Gand A": 16848000.0,
        "Total Revenue": 2123000.0,
        "Operating Revenue": 2123000.0
    }
}