{
    "2023-03-31": {
        "Tax Effect Of Unusual Items": 0.0,
        "Tax Rate For Calcs": 0.4,
        "Normalized EBITDA": -15559000.0,
        "Net Income From Continuing Operation Net Minority Interest": -20143000.0,
        "Reconciled Depreciation": 47000.0,
        "Reconciled Cost Of Revenue": 6244000.0,
        "EBITDA": -15559000.0,
        "EBIT": -15606000.0,
        "Net Interest Income": -4255000.0,
        "Interest Expense": 4476000.0,
        "Interest Income": 221000.0,
        "Normalized Income": -20143000.0,
        "Net Income From Continuing And Discontinued Operation": -20143000.0,
        "Total Expenses": 45013000.0,
        "Total Operating Income As Reported": -15805000.0,
        "Diluted Average Shares": 56903420.0,
        "Basic Average Shares": 56903420.0,
        "Diluted EPS": -0.35,
        "Basic EPS": -0.35,
        "Diluted NI Availto Com Stockholders": -20143000.0,
        "Net Income Common Stockholders": -20143000.0,
        "Net Income": -20143000.0,
        "Net Income Including Noncontrolling Interests": -20143000.0,
        "Net Income Continuous Operations": -20143000.0,
        "Tax Provision": 61000.0,
        "Pretax Income": -20082000.0,
        "Other Income Expense": -22000.0,
        "Other Non Operating Income Expenses": -22000.0,
        "Net Non Operating Interest Income Expense": -4255000.0,
        "Interest Expense Non Operating": 4476000.0,
        "Interest Income Non Operating": 221000.0,
        "Operating Income": -15805000.0,
        "Operating Expense": 38769000.0,
        "Other Operating Expenses": -2028000.0,
        "Research And Development": 7308000.0,
        "Selling General And Administration": 33489000.0,
        "Gross Profit": 22964000.0,
        "Cost Of Revenue": 6244000.0,
        "Total Revenue": 29208000.0,
        "Operating Revenue": 29208000.0
    },
    "2022-12-31": {
        "Tax Effect Of Unusual Items": 0.0,
        "Tax Rate For Calcs": 0.0,
        "Normalized EBITDA": -2456000.0,
        "Net Income From Continuing Operation Net Minority Interest": -7157000.0,
        "Reconciled Depreciation": 86000.0,
        "Reconciled Cost Of Revenue": 10312000.0,
        "EBITDA": -2456000.0,
        "EBIT": -2542000.0,
        "Net Interest Income": -4231000.0,
        "Interest Expense": 4558000.0,
        "Interest Income": 327000.0,
        "Normalized Income": -7157000.0,
        "Net Income From Continuing And Discontinued Operation": -7157000.0,
        "Total Expenses": 75464000.0,
        "Total Operating Income As Reported": -2837000.0,
        "Diluted Average Shares": 55751296.0,
        "Basic Average Shares": 55751296.0,
        "Diluted EPS": -0.12,
        "Basic EPS": -0.12,
        "Diluted NI Availto Com Stockholders": -7157000.0,
        "Net Income Common Stockholders": -7157000.0,
        "Net Income": -7157000.0,
        "Net Income Including Noncontrolling Interests": -7157000.0,
        "Net Income Continuous Operations": -7157000.0,
        "Tax Provision": NaN,
        "Pretax Income": -7100000.0,
        "Other Income Expense": -32000.0,
        "Other Non Operating Income Expenses": -32000.0,
        "Net Non Operating Interest Income Expense": -4231000.0,
        "Interest Expense Non Operating": 4558000.0,
        "Interest Income Non Operating": 327000.0,
        "Operating Income": -2837000.0,
        "Operating Expense": 65152000.0,
        "Other Operating Expenses": -2930000.0,
        "Research And Development": 14268000.0,
        "Selling General And Administration": 53814000.0,
        "Gross Profit": 62315000.0,
        "Cost Of Revenue": 10312000.0,
        "Total Revenue": 72627000.0,
        "Operating Revenue": 72627000.0
    },
    "2022-09-30": {
        "Tax Effect Of Unusual Items": 0.0,
        "Tax Rate For Calcs": 0.0,
        "Normalized EBITDA": -16215000.0,
        "Net Income From Continuing Operation Net Minority Interest": -20880000.0,
        "Reconciled Depreciation": 129000.0,
        "Reconciled Cost Of Revenue": 4372000.0,
        "EBITDA": -16215000.0,
        "EBIT": -16344000.0,
        "Net Interest Income": -4350000.0,
        "Interest Expense": 4536000.0,
        "Interest Income": 186000.0,
        "Normalized Income": -20880000.0,
        "Net Income From Continuing And Discontinued Operation": -20880000.0,
        "Total Expenses": 44336000.0,
        "Total Operating Income As Reported": -16491000.0,
        "Diluted Average Shares": 55166491.0,
        "Basic Average Shares": 55166491.0,
        "Diluted EPS": -0.38,
        "Basic EPS": -0.38,
        "Diluted NI Availto Com Stockholders": -20880000.0,
        "Net Income Common Stockholders": -20880000.0,
        "Net Income": -20880000.0,
        "Net Income Including Noncontrolling Interests": -20880000.0,
        "Net Income Continuous Operations": -20880000.0,
        "Tax Provision": NaN,
        "Pretax Income": -20880000.0,
        "Other Income Expense": -39000.0,
        "Other Non Operating Income Expenses": -39000.0,
        "Net Non Operating Interest Income Expense": -4350000.0,
        "Interest Expense Non Operating": 4536000.0,
        "Interest Income Non Operating": 186000.0,
        "Operating Income": -16491000.0,
        "Operating Expense": 39964000.0,
        "Other Operating Expenses": -2368000.0,
        "Research And Development": 8486000.0,
        "Selling General And Administration": 33846000.0,
        "Gross Profit": 23473000.0,
        "Cost Of Revenue": 4372000.0,
        "Total Revenue": 27845000.0,
        "Operating Revenue": 27845000.0
    },
    "2022-06-30": {
        "Tax Effect Of Unusual Items": 0.0,
        "Tax Rate For Calcs": 0.0,
        "Normalized EBITDA": -12942000.0,
        "Net Income From Continuing Operation Net Minority Interest": -17619000.0,
        "Reconciled Depreciation": 131000.0,
        "Reconciled Cost Of Revenue": 4878000.0,
        "EBITDA": -12942000.0,
        "EBIT": -13073000.0,
        "Net Interest Income": -4413000.0,
        "Interest Expense": 4546000.0,
        "Interest Income": 133000.0,
        "Normalized Income": -17619000.0,
        "Net Income From Continuing And Discontinued Operation": -17619000.0,
        "Total Expenses": 40723000.0,
        "Total Operating Income As Reported": -13168000.0,
        "Diluted Average Shares": 53023350.0,
        "Basic Average Shares": 53023350.0,
        "Diluted EPS": -0.33,
        "Basic EPS": -0.33,
        "Diluted NI Availto Com Stockholders": -17619000.0,
        "Net Income Common Stockholders": -17619000.0,
        "Net Income": -17619000.0,
        "Net Income Including Noncontrolling Interests": -17619000.0,
        "Net Income Continuous Operations": -17619000.0,
        "Tax Provision": NaN,
        "Pretax Income": -17619000.0,
        "Other Income Expense": -38000.0,
        "Other Non Operating Income Expenses": -38000.0,
        "Net Non Operating Interest Income Expense": -4413000.0,
        "Interest Expense Non Operating": 4546000.0,
        "Interest Income Non Operating": 133000.0,
        "Operating Income": -13168000.0,
        "Operating Expense": 35845000.0,
        "Other Operating Expenses": -2082000.0,
        "Research And Development": 7592000.0,
        "Selling General And Administration": 30335000.0,
        "Gross Profit": 22677000.0,
        "Cost Of Revenue": 4878000.0,
        "Total Revenue": 27555000.0,
        "Operating Revenue": 27555000.0
    },
    "2022-03-31": {
        "Diluted EPS": -0.35,
        "Total Revenue": 25,
        "Gross Profit": 21,
        "Operating Income": -14,
        "EBIT": -14,
        "Net Income": -18
    },
    "2021-12-31": {
        "Diluted EPS": -0.66,
        "Total Revenue": 32,
        "Gross Profit": 27,
        "Operating Income": -27,
        "EBIT": -27,
        "Net Income": -32
    },
    "2021-09-30": {
        "Diluted EPS": -0.37,
        "Total Revenue": 24,
        "Gross Profit": 20,
        "Operating Income": -14,
        "EBIT": -14,
        "Net Income": -18
    },
    "2021-06-30": {
        "Diluted EPS": 0.2,
        "Total Revenue": 57,
        "Gross Profit": 48,
        "Operating Income": 14,
        "EBIT": 14,
        "Net Income": 10
    },
    "2021-03-31": {
        "Diluted EPS": -0.39,
        "Total Revenue": 16,
        "Gross Profit": 14,
        "Operating Income": -14,
        "EBIT": -14,
        "Net Income": -18
    },
    "2020-12-31": {
        "Diluted EPS": -0.54,
        "Total Revenue": 16,
        "Gross Profit": 13,
        "Operating Income": -18,
        "EBIT": -17,
        "Net Income": -25
    },
    "2020-09-30": {
        "Diluted EPS": -0.46,
        "Total Revenue": 14,
        "Gross Profit": 12,
        "Operating Income": -16,
        "EBIT": -16,
        "Net Income": -21
    },
    "2020-06-30": {
        "Diluted EPS": -0.53,
        "Total Revenue": 9,
        "Gross Profit": 7,
        "Operating Income": -18,
        "EBIT": -18,
        "Net Income": -23
    },
    "2020-03-31": {
        "Diluted EPS": -0.66,
        "Total Revenue": 8,
        "Gross Profit": 6,
        "Operating Income": -24,
        "EBIT": -24,
        "Net Income": -28
    },
    "2019-12-31": {
        "Diluted EPS": -0.81,
        "Total Revenue": 9,
        "Gross Profit": 7,
        "Operating Income": -23,
        "EBIT": -23,
        "Net Income": -27
    },
    "2019-09-30": {
        "Diluted EPS": -1.0,
        "Total Revenue": 4,
        "Gross Profit": 3,
        "Operating Income": -29,
        "EBIT": -29,
        "Net Income": -33
    },
    "2019-06-30": {
        "Diluted EPS": -1.02,
        "Total Revenue": 2,
        "Gross Profit": 1,
        "Operating Income": -30,
        "EBIT": -31,
        "Net Income": -33
    },
    "2019-03-31": {
        "Diluted EPS": -1.1,
        "Total Revenue": 2,
        "Gross Profit": 1,
        "Operating Income": -33,
        "EBIT": -34,
        "Net Income": -36
    },
    "2018-12-31": {
        "Diluted EPS": -0.71,
        "Total Revenue": 17,
        "Gross Profit": 17,
        "Operating Income": -20,
        "EBIT": -21,
        "Net Income": -23
    },
    "2018-09-30": {
        "Diluted EPS": -1.01,
        "Total Revenue": 0,
        "Gross Profit": 0,
        "Operating Income": -30,
        "EBIT": -30,
        "Net Income": -32
    },
    "2018-06-30": {
        "Diluted EPS": -0.94,
        "Total Revenue": 0,
        "Gross Profit": 0,
        "Operating Income": -28,
        "EBIT": -28,
        "Net Income": -30
    },
    "2018-03-31": {
        "Diluted EPS": -0.91,
        "Total Revenue": 0,
        "Gross Profit": 0,
        "Operating Income": -27,
        "EBIT": -27,
        "Net Income": -28
    },
    "2017-12-31": {
        "Diluted EPS": -0.75,
        "Total Revenue": 5,
        "Gross Profit": 5,
        "Operating Income": -21,
        "EBIT": -21,
        "Net Income": -22
    },
    "2017-09-30": {
        "Diluted EPS": -0.77,
        "Total Revenue": 0,
        "Gross Profit": 0,
        "Operating Income": -20,
        "EBIT": -20,
        "Net Income": -21
    },
    "2017-06-30": {
        "Diluted EPS": -0.66,
        "Total Revenue": 8,
        "Gross Profit": 8,
        "Operating Income": -17,
        "EBIT": -16,
        "Net Income": -18
    },
    "2017-03-31": {
        "Diluted EPS": -1.14,
        "Total Revenue": 0,
        "Gross Profit": 0,
        "Operating Income": -27,
        "EBIT": -26,
        "Net Income": -28
    },
    "2016-12-31": {
        "Diluted EPS": -1.0,
        "Total Revenue": NaN,
        "Gross Profit": NaN,
        "Operating Income": -26,
        "EBIT": -25,
        "Net Income": -26
    },
    "2016-09-30": {
        "Diluted EPS": -1.04,
        "Total Revenue": NaN,
        "Gross Profit": NaN,
        "Operating Income": -23,
        "EBIT": -23,
        "Net Income": -24
    },
    "2016-06-30": {
        "Diluted EPS": -1.69,
        "Total Revenue": NaN,
        "Gross Profit": NaN,
        "Operating Income": -30,
        "EBIT": -29,
        "Net Income": -30
    },
    "2016-03-31": {
        "Diluted EPS": -1.78,
        "Total Revenue": NaN,
        "Gross Profit": NaN,
        "Operating Income": -31,
        "EBIT": -30,
        "Net Income": -31
    },
    "2015-12-31": {
        "Diluted EPS": -1.26,
        "Total Revenue": NaN,
        "Gross Profit": NaN,
        "Operating Income": -20,
        "EBIT": -20,
        "Net Income": -21
    },
    "2015-09-30": {
        "Diluted EPS": -1.33,
        "Total Revenue": NaN,
        "Gross Profit": NaN,
        "Operating Income": -23,
        "EBIT": -23,
        "Net Income": -23
    },
    "2015-06-30": {
        "Diluted EPS": -0.96,
        "Total Revenue": NaN,
        "Gross Profit": NaN,
        "Operating Income": -16,
        "EBIT": -16,
        "Net Income": -16
    },
    "2015-03-31": {
        "Diluted EPS": -0.74,
        "Total Revenue": NaN,
        "Gross Profit": NaN,
        "Operating Income": -11,
        "EBIT": -10,
        "Net Income": -11
    },
    "2014-12-31": {
        "Diluted EPS": 84.82,
        "Total Revenue": 4,
        "Gross Profit": 4,
        "Operating Income": -2,
        "EBIT": -2,
        "Net Income": -11
    },
    "2014-09-30": {
        "Diluted EPS": -29.48,
        "Total Revenue": NaN,
        "Gross Profit": NaN,
        "Operating Income": -3,
        "EBIT": -3,
        "Net Income": -4
    },
    "2014-06-30": {
        "Diluted EPS": -42.23,
        "Total Revenue": 0,
        "Gross Profit": 0,
        "Operating Income": -2,
        "EBIT": -2,
        "Net Income": -3
    },
    "2014-03-31": {
        "Diluted EPS": -20.93,
        "Total Revenue": 0,
        "Gross Profit": 0,
        "Operating Income": -1,
        "EBIT": -1,
        "Net Income": -1
    },
    "2013-12-31": {
        "Diluted EPS": -171.08,
        "Total Revenue": 6,
        "Gross Profit": 6,
        "Operating Income": 14,
        "EBIT": 11,
        "Net Income": 10
    },
    "2013-09-30": {
        "Diluted EPS": -3.0,
        "Total Revenue": 0,
        "Gross Profit": 0,
        "Operating Income": -5,
        "EBIT": -4,
        "Net Income": -5
    },
    "2013-06-30": {
        "Diluted EPS": -4.32,
        "Total Revenue": 0,
        "Gross Profit": 0,
        "Operating Income": -7,
        "EBIT": -3,
        "Net Income": -7
    },
    "2013-03-31": {
        "Diluted EPS": -6.72,
        "Total Revenue": -6,
        "Gross Profit": -6,
        "Operating Income": -10,
        "EBIT": -10,
        "Net Income": -11
    },
    "2012-12-31": {
        "Diluted EPS": -4.2,
        "Total Revenue": -1,
        "Gross Profit": -1,
        "Operating Income": -7,
        "EBIT": -6,
        "Net Income": -7
    },
    "2012-09-30": {
        "Diluted EPS": 3.0,
        "Total Revenue": 10,
        "Gross Profit": 10,
        "Operating Income": 5,
        "EBIT": 5,
        "Net Income": 5
    },
    "2012-06-30": {
        "Diluted EPS": -3.6,
        "Total Revenue": 0,
        "Gross Profit": 0,
        "Operating Income": -5,
        "EBIT": -5,
        "Net Income": -5
    },
    "2012-03-31": {
        "Diluted EPS": -4.44,
        "Total Revenue": NaN,
        "Gross Profit": NaN,
        "Operating Income": -5,
        "EBIT": -5,
        "Net Income": -5
    },
    "2011-12-31": {
        "Diluted EPS": 4.68,
        "Total Revenue": 13,
        "Gross Profit": 13,
        "Operating Income": 5,
        "EBIT": 6,
        "Net Income": 5
    },
    "2011-09-30": {
        "Diluted EPS": -4.44,
        "Total Revenue": 1,
        "Gross Profit": 1,
        "Operating Income": -5,
        "EBIT": -5,
        "Net Income": -5
    },
    "2011-06-30": {
        "Diluted EPS": -2.04,
        "Total Revenue": 3,
        "Gross Profit": 3,
        "Operating Income": -2,
        "EBIT": -2,
        "Net Income": -2
    },
    "2011-03-31": {
        "Diluted EPS": -1.68,
        "Total Revenue": 3,
        "Gross Profit": 3,
        "Operating Income": -2,
        "EBIT": -1,
        "Net Income": -2
    },
    "2010-12-31": {
        "Diluted EPS": -2.28,
        "Total Revenue": 3,
        "Gross Profit": 3,
        "Operating Income": -3,
        "EBIT": -2,
        "Net Income": -3
    },
    "2010-09-30": {
        "Diluted EPS": -2.52,
        "Total Revenue": 3,
        "Gross Profit": 3,
        "Operating Income": -3,
        "EBIT": -2,
        "Net Income": -3
    },
    "2010-06-30": {
        "Diluted EPS": -1.8,
        "Total Revenue": 3,
        "Gross Profit": 3,
        "Operating Income": -2,
        "EBIT": -2,
        "Net Income": -2
    },
    "2010-03-31": {
        "Diluted EPS": -1.68,
        "Total Revenue": 3,
        "Gross Profit": 3,
        "Operating Income": -2,
        "EBIT": -1,
        "Net Income": -2
    },
    "2009-12-31": {
        "Diluted EPS": -0.12,
        "Total Revenue": 3,
        "Gross Profit": 3,
        "Operating Income": -2,
        "EBIT": -2,
        "Net Income": -2
    },
    "2009-09-30": {
        "Diluted EPS": -3.48,
        "Total Revenue": 2,
        "Gross Profit": 2,
        "Operating Income": -4,
        "EBIT": -3,
        "Net Income": -4
    },
    "2009-06-30": {
        "Diluted EPS": -6.48,
        "Total Revenue": NaN,
        "Gross Profit": NaN,
        "Operating Income": -7,
        "EBIT": -7,
        "Net Income": -7
    },
    "2009-03-31": {
        "Diluted EPS": -11.41,
        "Total Revenue": NaN,
        "Gross Profit": NaN,
        "Operating Income": -9,
        "EBIT": -8,
        "Net Income": -9
    },
    "2023-06-30": {
        "Tax Effect Of Unusual Items": 0.0,
        "Tax Rate For Calcs": 0.4,
        "Normalized EBITDA": -9169000.0,
        "Net Income From Continuing Operation Net Minority Interest": -14553000.0,
        "Reconciled Depreciation": 46000.0,
        "Reconciled Cost Of Revenue": 4368000.0,
        "EBITDA": -9169000.0,
        "EBIT": -9215000.0,
        "Net Interest Income": -5035000.0,
        "Interest Expense": 5287000.0,
        "Interest Income": 252000.0,
        "Normalized Income": -14553000.0,
        "Net Income From Continuing And Discontinued Operation": -14553000.0,
        "Total Expenses": 47473000.0,
        "Total Operating Income As Reported": -9411000.0,
        "Diluted Average Shares": 57282239.0,
        "Basic Average Shares": 57282239.0,
        "Diluted EPS": -0.25,
        "Basic EPS": -0.25,
        "Diluted NI Availto Com Stockholders": -14553000.0,
        "Net Income Common Stockholders": -14553000.0,
        "Net Income": -14553000.0,
        "Net Income Including Noncontrolling Interests": -14553000.0,
        "Net Income Continuous Operations": -14553000.0,
        "Tax Provision": 51000.0,
        "Pretax Income": -14502000.0,
        "Other Income Expense": -56000.0,
        "Other Non Operating Income Expenses": -56000.0,
        "Net Non Operating Interest Income Expense": -5035000.0,
        "Interest Expense Non Operating": 5287000.0,
        "Interest Income Non Operating": 252000.0,
        "Operating Income": -9411000.0,
        "Operating Expense": 43105000.0,
        "Other Operating Expenses": -1931000.0,
        "Research And Development": 8772000.0,
        "Selling General And Administration": 36264000.0,
        "Gross Profit": 33694000.0,
        "Cost Of Revenue": 4368000.0,
        "Total Revenue": 38062000.0,
        "Operating Revenue": 38062000.0
    }
}