{
    "2023-03-31": {
        "Tax Effect Of Unusual Items": 0.0,
        "Tax Rate For Calcs": 0.206822,
        "Net Income From Continuing Operation Net Minority Interest": 1462000000.0,
        "Reconciled Depreciation": 41000000.0,
        "Normalized Income": 1462000000.0,
        "Net Income From Continuing And Discontinued Operation": 1462000000.0,
        "Total Expenses": 15216000000.0,
        "Diluted Average Shares": 367700000.0,
        "Basic Average Shares": 366500000.0,
        "Diluted EPS": 3.93,
        "Basic EPS": 3.94,
        "Diluted NI Availto Com Stockholders": 1444000000.0,
        "Average Dilution Earnings": NaN,
        "Net Income Common Stockholders": 1444000000.0,
        "Otherunder Preferred Stock Dividend": 18000000.0,
        "Net Income": 1462000000.0,
        "Minority Interests": -15000000.0,
        "Net Income Including Noncontrolling Interests": 1477000000.0,
        "Net Income Continuous Operations": 1477000000.0,
        "Earnings From Equity Interest Net Of Tax": 12000000.0,
        "Tax Provision": 382000000.0,
        "Pretax Income": 1847000000.0,
        "Other Income Expense": 1019000000.0,
        "Other Operating Expenses": 18000000.0,
        "Selling General And Administration": 3204000000.0,
        "General And Administrative Expense": 3204000000.0,
        "Other Gand A": 3204000000.0,
        "Total Revenue": 17063000000.0,
        "Operating Revenue": 17063000000.0,
        "Loss Adjustment Expense": 10329000000.0,
        "Net Policyholder Benefits And Claims": 10329000000.0,
        "Policyholder Benefits Gross": 10329000000.0
    },
    "2022-12-31": {
        "Tax Effect Of Unusual Items": NaN,
        "Tax Rate For Calcs": NaN,
        "Net Income From Continuing Operation Net Minority Interest": NaN,
        "Reconciled Depreciation": NaN,
        "Normalized Income": NaN,
        "Net Income From Continuing And Discontinued Operation": NaN,
        "Total Expenses": NaN,
        "Diluted Average Shares": NaN,
        "Basic Average Shares": NaN,
        "Diluted EPS": NaN,
        "Basic EPS": NaN,
        "Diluted NI Availto Com Stockholders": NaN,
        "Average Dilution Earnings": 0.0,
        "Net Income Common Stockholders": NaN,
        "Otherunder Preferred Stock Dividend": NaN,
        "Net Income": NaN,
        "Minority Interests": NaN,
        "Net Income Including Noncontrolling Interests": NaN,
        "Net Income Continuous Operations": NaN,
        "Earnings From Equity Interest Net Of Tax": NaN,
        "Tax Provision": NaN,
        "Pretax Income": NaN,
        "Other Income Expense": NaN,
        "Other Operating Expenses": NaN,
        "Selling General And Administration": NaN,
        "General And Administrative Expense": NaN,
        "Other Gand A": NaN,
        "Total Revenue": NaN,
        "Operating Revenue": NaN,
        "Loss Adjustment Expense": NaN,
        "Net Policyholder Benefits And Claims": NaN,
        "Policyholder Benefits Gross": NaN
    },
    "2022-09-30": {
        "Tax Effect Of Unusual Items": NaN,
        "Tax Rate For Calcs": NaN,
        "Net Income From Continuing Operation Net Minority Interest": NaN,
        "Reconciled Depreciation": NaN,
        "Normalized Income": NaN,
        "Net Income From Continuing And Discontinued Operation": NaN,
        "Total Expenses": NaN,
        "Diluted Average Shares": NaN,
        "Basic Average Shares": NaN,
        "Diluted EPS": NaN,
        "Basic EPS": NaN,
        "Diluted NI Availto Com Stockholders": NaN,
        "Average Dilution Earnings": 0.0,
        "Net Income Common Stockholders": NaN,
        "Otherunder Preferred Stock Dividend": NaN,
        "Net Income": NaN,
        "Minority Interests": NaN,
        "Net Income Including Noncontrolling Interests": NaN,
        "Net Income Continuous Operations": NaN,
        "Earnings From Equity Interest Net Of Tax": NaN,
        "Tax Provision": NaN,
        "Pretax Income": NaN,
        "Other Income Expense": NaN,
        "Other Operating Expenses": NaN,
        "Selling General And Administration": NaN,
        "General And Administrative Expense": NaN,
        "Other Gand A": NaN,
        "Total Revenue": NaN,
        "Operating Revenue": NaN
    },
    "2022-06-30": {
        "Tax Effect Of Unusual Items": 378400000.0,
        "Tax Rate For Calcs": 0.4,
        "Total Unusual Items": 946000000.0,
        "Total Unusual Items Excluding Goodwill": 946000000.0,
        "Net Income From Continuing Operation Net Minority Interest": -565000000.0,
        "Reconciled Depreciation": 170000000.0,
        "EBIT": -110000000.0,
        "Net Interest Income": -401000000.0,
        "Interest Expense": 401000000.0,
        "Normalized Income": -1132600000.0,
        "Net Income From Continuing And Discontinued Operation": -565000000.0,
        "Total Expenses": 11935000000.0,
        "Diluted Average Shares": 374400000.0,
        "Basic Average Shares": 374400000.0,
        "Diluted EPS": -2.71,
        "Basic EPS": -2.71,
        "Diluted NI Availto Com Stockholders": -571000000.0,
        "Average Dilution Earnings": NaN,
        "Net Income Common Stockholders": -571000000.0,
        "Otherunder Preferred Stock Dividend": 6000000.0,
        "Net Income": -565000000.0,
        "Minority Interests": 7000000.0,
        "Net Income Including Noncontrolling Interests": -572000000.0,
        "Net Income Continuous Operations": -572000000.0,
        "Earnings From Equity Interest Net Of Tax": -50000000.0,
        "Tax Provision": 11000000.0,
        "Pretax Income": -511000000.0,
        "Other Income Expense": 580000000.0,
        "Special Income Charges": 946000000.0,
        "Other Special Charges": -946000000.0,
        "Net Non Operating Interest Income Expense": -401000000.0,
        "Interest Expense Non Operating": 401000000.0,
        "Other Operating Expenses": -9000000.0,
        "Selling General And Administration": 3061000000.0,
        "General And Administrative Expense": 3061000000.0,
        "Other Gand A": 3061000000.0,
        "Total Revenue": 11424000000.0,
        "Operating Revenue": 11424000000.0
    },
    "2023-06-30": {
        "Tax Effect Of Unusual Items": NaN,
        "Tax Rate For Calcs": NaN,
        "Net Income From Continuing Operation Net Minority Interest": NaN,
        "Reconciled Depreciation": NaN,
        "Normalized Income": NaN,
        "Net Income From Continuing And Discontinued Operation": NaN,
        "Total Expenses": NaN,
        "Diluted Average Shares": NaN,
        "Basic Average Shares": NaN,
        "Diluted EPS": NaN,
        "Basic EPS": NaN,
        "Diluted NI Availto Com Stockholders": NaN,
        "Average Dilution Earnings": 0.0,
        "Net Income Common Stockholders": NaN,
        "Otherunder Preferred Stock Dividend": NaN,
        "Net Income": NaN,
        "Minority Interests": NaN,
        "Net Income Including Noncontrolling Interests": NaN,
        "Net Income Continuous Operations": NaN,
        "Earnings From Equity Interest Net Of Tax": NaN,
        "Tax Provision": NaN,
        "Pretax Income": NaN,
        "Other Income Expense": NaN,
        "Other Operating Expenses": NaN,
        "Selling General And Administration": NaN,
        "General And Administrative Expense": NaN,
        "Other Gand A": NaN,
        "Total Revenue": NaN,
        "Operating Revenue": NaN,
        "Loss Adjustment Expense": NaN,
        "Net Policyholder Benefits And Claims": NaN,
        "Policyholder Benefits Gross": NaN
    },
    "2022-03-31": {
        "Diluted EPS": -1.33,
        "Total Revenue": NaN,
        "Gross Profit": NaN,
        "Operating Income": -658,
        "EBIT": -643,
        "Net Income": -493
    },
    "2021-12-31": {
        "Diluted EPS": 3.23,
        "Total Revenue": NaN,
        "Gross Profit": NaN,
        "Operating Income": NaN,
        "EBIT": NaN,
        "Net Income": NaN
    },
    "2021-09-30": {
        "Diluted EPS": 3.9,
        "Total Revenue": NaN,
        "Gross Profit": NaN,
        "Operating Income": NaN,
        "EBIT": NaN,
        "Net Income": NaN
    },
    "2021-06-30": {
        "Diluted EPS": 5.4,
        "Total Revenue": NaN,
        "Gross Profit": NaN,
        "Operating Income": NaN,
        "EBIT": NaN,
        "Net Income": NaN
    },
    "2021-03-31": {
        "Diluted EPS": 6.98,
        "Total Revenue": NaN,
        "Gross Profit": NaN,
        "Operating Income": NaN,
        "EBIT": NaN,
        "Net Income": NaN
    },
    "2020-12-31": {
        "Diluted EPS": 2.12,
        "Total Revenue": NaN,
        "Gross Profit": NaN,
        "Operating Income": 900,
        "EBIT": 909,
        "Net Income": 819
    },
    "2020-09-30": {
        "Diluted EPS": 3.7,
        "Total Revenue": NaN,
        "Gross Profit": NaN,
        "Operating Income": NaN,
        "EBIT": NaN,
        "Net Income": NaN
    },
    "2020-06-30": {
        "Diluted EPS": -6.12,
        "Total Revenue": NaN,
        "Gross Profit": NaN,
        "Operating Income": NaN,
        "EBIT": NaN,
        "Net Income": NaN
    },
    "2020-03-31": {
        "Diluted EPS": -0.7,
        "Total Revenue": NaN,
        "Gross Profit": NaN,
        "Operating Income": -338,
        "EBIT": -9,
        "Net Income": -271
    },
    "2019-12-31": {
        "Diluted EPS": 2.74,
        "Total Revenue": NaN,
        "Gross Profit": NaN,
        "Operating Income": NaN,
        "EBIT": NaN,
        "Net Income": NaN
    },
    "2019-09-30": {
        "Diluted EPS": 3.44,
        "Total Revenue": NaN,
        "Gross Profit": NaN,
        "Operating Income": NaN,
        "EBIT": NaN,
        "Net Income": NaN
    },
    "2019-06-30": {
        "Diluted EPS": 1.71,
        "Total Revenue": NaN,
        "Gross Profit": NaN,
        "Operating Income": 876,
        "EBIT": 767,
        "Net Income": 708
    },
    "2019-03-31": {
        "Diluted EPS": 2.22,
        "Total Revenue": NaN,
        "Gross Profit": NaN,
        "Operating Income": NaN,
        "EBIT": NaN,
        "Net Income": 932
    },
    "2018-12-31": {
        "Diluted EPS": 2.0,
        "Total Revenue": NaN,
        "Gross Profit": NaN,
        "Operating Income": NaN,
        "EBIT": NaN,
        "Net Income": 842
    },
    "2018-09-30": {
        "Diluted EPS": 3.9,
        "Total Revenue": NaN,
        "Gross Profit": NaN,
        "Operating Income": NaN,
        "EBIT": NaN,
        "Net Income": NaN
    },
    "2018-06-30": {
        "Diluted EPS": 0.46,
        "Total Revenue": NaN,
        "Gross Profit": NaN,
        "Operating Income": 250,
        "EBIT": 320,
        "Net Income": 197
    },
    "2018-03-31": {
        "Diluted EPS": 3.14,
        "Total Revenue": NaN,
        "Gross Profit": NaN,
        "Operating Income": NaN,
        "EBIT": NaN,
        "Net Income": NaN
    },
    "2017-12-31": {
        "Diluted EPS": 8.56,
        "Total Revenue": NaN,
        "Gross Profit": NaN,
        "Operating Income": NaN,
        "EBIT": NaN,
        "Net Income": NaN
    },
    "2017-09-30": {
        "Diluted EPS": 5.09,
        "Total Revenue": NaN,
        "Gross Profit": NaN,
        "Operating Income": NaN,
        "EBIT": NaN,
        "Net Income": NaN
    },
    "2017-06-30": {
        "Diluted EPS": 1.12,
        "Total Revenue": NaN,
        "Gross Profit": NaN,
        "Operating Income": 608,
        "EBIT": 765,
        "Net Income": 491
    },
    "2017-03-31": {
        "Diluted EPS": 3.09,
        "Total Revenue": NaN,
        "Gross Profit": NaN,
        "Operating Income": NaN,
        "EBIT": NaN,
        "Net Income": NaN
    },
    "2016-12-31": {
        "Diluted EPS": 0.67,
        "Total Revenue": NaN,
        "Gross Profit": NaN,
        "Operating Income": 317,
        "EBIT": 233,
        "Net Income": 284
    },
    "2016-09-30": {
        "Diluted EPS": 4.07,
        "Total Revenue": NaN,
        "Gross Profit": NaN,
        "Operating Income": NaN,
        "EBIT": NaN,
        "Net Income": NaN
    },
    "2016-06-30": {
        "Diluted EPS": 2.04,
        "Total Revenue": NaN,
        "Gross Profit": NaN,
        "Operating Income": NaN,
        "EBIT": NaN,
        "Net Income": 921
    },
    "2016-03-31": {
        "Diluted EPS": 2.93,
        "Total Revenue": NaN,
        "Gross Profit": NaN,
        "Operating Income": NaN,
        "EBIT": NaN,
        "Net Income": NaN
    },
    "2015-12-31": {
        "Diluted EPS": 1.61,
        "Total Revenue": NaN,
        "Gross Profit": NaN,
        "Operating Income": 843,
        "EBIT": 830,
        "Net Income": 735
    },
    "2015-09-30": {
        "Diluted EPS": 3.16,
        "Total Revenue": NaN,
        "Gross Profit": NaN,
        "Operating Income": NaN,
        "EBIT": NaN,
        "Net Income": NaN
    },
    "2015-06-30": {
        "Diluted EPS": 3.03,
        "Total Revenue": NaN,
        "Gross Profit": NaN,
        "Operating Income": NaN,
        "EBIT": NaN,
        "Net Income": NaN
    },
    "2015-03-31": {
        "Diluted EPS": 4.37,
        "Total Revenue": NaN,
        "Gross Profit": NaN,
        "Operating Income": NaN,
        "EBIT": NaN,
        "Net Income": NaN
    },
    "2014-12-31": {
        "Diluted EPS": -2.57,
        "Total Revenue": NaN,
        "Gross Profit": NaN,
        "Operating Income": NaN,
        "EBIT": NaN,
        "Net Income": NaN
    },
    "2014-09-30": {
        "Diluted EPS": 0.99,
        "Total Revenue": NaN,
        "Gross Profit": NaN,
        "Operating Income": 284,
        "EBIT": 559,
        "Net Income": 512
    },
    "2014-06-30": {
        "Diluted EPS": 2.22,
        "Total Revenue": NaN,
        "Gross Profit": NaN,
        "Operating Income": NaN,
        "EBIT": NaN,
        "Net Income": NaN
    },
    "2014-03-31": {
        "Diluted EPS": 2.59,
        "Total Revenue": NaN,
        "Gross Profit": NaN,
        "Operating Income": NaN,
        "EBIT": NaN,
        "Net Income": NaN
    },
    "2013-12-31": {
        "Diluted EPS": -0.89,
        "Total Revenue": NaN,
        "Gross Profit": NaN,
        "Operating Income": -882,
        "EBIT": -809,
        "Net Income": -460
    },
    "2013-09-30": {
        "Diluted EPS": 2.04,
        "Total Revenue": NaN,
        "Gross Profit": NaN,
        "Operating Income": NaN,
        "EBIT": NaN,
        "Net Income": NaN
    },
    "2013-06-30": {
        "Diluted EPS": -1.12,
        "Total Revenue": NaN,
        "Gross Profit": NaN,
        "Operating Income": -769,
        "EBIT": -717,
        "Net Income": -514
    },
    "2013-03-31": {
        "Diluted EPS": -1.58,
        "Total Revenue": NaN,
        "Gross Profit": NaN,
        "Operating Income": NaN,
        "EBIT": NaN,
        "Net Income": -720
    },
    "2012-12-31": {
        "Diluted EPS": -0.27,
        "Total Revenue": NaN,
        "Gross Profit": NaN,
        "Operating Income": -568,
        "EBIT": -496,
        "Net Income": -181
    },
    "2012-09-30": {
        "Diluted EPS": -1.34,
        "Total Revenue": NaN,
        "Gross Profit": NaN,
        "Operating Income": -930,
        "EBIT": -903,
        "Net Income": -584
    },
    "2012-06-30": {
        "Diluted EPS": 4.69,
        "Total Revenue": NaN,
        "Gross Profit": NaN,
        "Operating Income": NaN,
        "EBIT": NaN,
        "Net Income": NaN
    },
    "2012-03-31": {
        "Diluted EPS": -2.03,
        "Total Revenue": NaN,
        "Gross Profit": NaN,
        "Operating Income": -763,
        "EBIT": -658,
        "Net Income": -939
    },
    "2011-12-31": {
        "Diluted EPS": 1.26,
        "Total Revenue": NaN,
        "Gross Profit": NaN,
        "Operating Income": 846,
        "EBIT": 934,
        "Net Income": 688
    },
    "2011-09-30": {
        "Diluted EPS": 3.18,
        "Total Revenue": NaN,
        "Gross Profit": NaN,
        "Operating Income": NaN,
        "EBIT": NaN,
        "Net Income": NaN
    },
    "2011-06-30": {
        "Diluted EPS": 1.58,
        "Total Revenue": NaN,
        "Gross Profit": NaN,
        "Operating Income": NaN,
        "EBIT": NaN,
        "Net Income": 789
    },
    "2011-03-31": {
        "Diluted EPS": 1.1,
        "Total Revenue": NaN,
        "Gross Profit": NaN,
        "Operating Income": 628,
        "EBIT": 609,
        "Net Income": 561
    },
    "2010-12-31": {
        "Diluted EPS": 0.01,
        "Total Revenue": NaN,
        "Gross Profit": NaN,
        "Operating Income": -125,
        "EBIT": -173,
        "Net Income": -17
    },
    "2010-09-30": {
        "Diluted EPS": 2.46,
        "Total Revenue": NaN,
        "Gross Profit": NaN,
        "Operating Income": NaN,
        "EBIT": NaN,
        "Net Income": NaN
    },
    "2010-06-30": {
        "Diluted EPS": 1.7,
        "Total Revenue": NaN,
        "Gross Profit": NaN,
        "Operating Income": NaN,
        "EBIT": NaN,
        "Net Income": NaN
    },
    "2010-03-31": {
        "Diluted EPS": 1.15,
        "Total Revenue": NaN,
        "Gross Profit": NaN,
        "Operating Income": NaN,
        "EBIT": 978,
        "Net Income": 697
    },
    "2009-12-31": {
        "Diluted EPS": 4.02,
        "Total Revenue": NaN,
        "Gross Profit": NaN,
        "Operating Income": 683,
        "EBIT": 700,
        "Net Income": NaN
    },
    "2009-09-30": {
        "Diluted EPS": 2.35,
        "Total Revenue": NaN,
        "Gross Profit": NaN,
        "Operating Income": 848,
        "EBIT": 814,
        "Net Income": NaN
    },
    "2009-06-30": {
        "Diluted EPS": 1.25,
        "Total Revenue": NaN,
        "Gross Profit": NaN,
        "Operating Income": -10,
        "EBIT": 40,
        "Net Income": 163
    },
    "2009-03-31": {
        "Diluted EPS": 0.01,
        "Total Revenue": NaN,
        "Gross Profit": NaN,
        "Operating Income": 3,
        "EBIT": 145,
        "Net Income": 14
    },
    "2023-09-30": {
        "Tax Effect Of Unusual Items": NaN,
        "Tax Rate For Calcs": NaN,
        "Net Income From Continuing Operation Net Minority Interest": NaN,
        "Reconciled Depreciation": NaN,
        "Normalized Income": NaN,
        "Net Income From Continuing And Discontinued Operation": NaN,
        "Total Expenses": NaN,
        "Diluted Average Shares": NaN,
        "Basic Average Shares": NaN,
        "Diluted EPS": NaN,
        "Basic EPS": NaN,
        "Diluted NI Availto Com Stockholders": NaN,
        "Average Dilution Earnings": 0.0,
        "Net Income Common Stockholders": NaN,
        "Otherunder Preferred Stock Dividend": NaN,
        "Net Income": NaN,
        "Minority Interests": NaN,
        "Net Income Including Noncontrolling Interests": NaN,
        "Net Income Continuous Operations": NaN,
        "Earnings From Equity Interest Net Of Tax": NaN,
        "Tax Provision": NaN,
        "Pretax Income": NaN,
        "Other Income Expense": NaN,
        "Other Operating Expenses": NaN,
        "Selling General And Administration": NaN,
        "General And Administrative Expense": NaN,
        "Other Gand A": NaN,
        "Total Revenue": NaN,
        "Operating Revenue": NaN,
        "Loss Adjustment Expense": NaN,
        "Net Policyholder Benefits And Claims": NaN,
        "Policyholder Benefits Gross": NaN
    },
    "2023-12-31": {
        "Tax Effect Of Unusual Items": NaN,
        "Tax Rate For Calcs": NaN,
        "Net Income From Continuing Operation Net Minority Interest": NaN,
        "Reconciled Depreciation": NaN,
        "Normalized Income": NaN,
        "Net Income From Continuing And Discontinued Operation": NaN,
        "Total Expenses": NaN,
        "Diluted Average Shares": NaN,
        "Basic Average Shares": NaN,
        "Diluted EPS": NaN,
        "Basic EPS": NaN,
        "Diluted NI Availto Com Stockholders": NaN,
        "Average Dilution Earnings": 0.0,
        "Net Income Common Stockholders": NaN,
        "Otherunder Preferred Stock Dividend": NaN,
        "Net Income": NaN,
        "Minority Interests": NaN,
        "Net Income Including Noncontrolling Interests": NaN,
        "Net Income Continuous Operations": NaN,
        "Earnings From Equity Interest Net Of Tax": NaN,
        "Tax Provision": NaN,
        "Pretax Income": NaN,
        "Other Income Expense": NaN,
        "Other Operating Expenses": NaN,
        "Selling General And Administration": NaN,
        "General And Administrative Expense": NaN,
        "Other Gand A": NaN,
        "Total Revenue": NaN,
        "Operating Revenue": NaN,
        "Loss Adjustment Expense": NaN,
        "Net Policyholder Benefits And Claims": NaN,
        "Policyholder Benefits Gross": NaN
    },
    "2024-03-31": {
        "Tax Effect Of Unusual Items": 0.0,
        "Tax Rate For Calcs": 0.207914,
        "Net Income From Continuing Operation Net Minority Interest": 1138000000.0,
        "Reconciled Depreciation": 397000000.0,
        "Normalized Income": 1138000000.0,
        "Net Income From Continuing And Discontinued Operation": 1138000000.0,
        "Total Expenses": 22172000000.0,
        "Diluted Average Shares": 360500000.0,
        "Basic Average Shares": 359000000.0,
        "Diluted EPS": 3.12,
        "Basic EPS": 3.12,
        "Diluted NI Availto Com Stockholders": 1123000000.0,
        "Average Dilution Earnings": NaN,
        "Net Income Common Stockholders": 1123000000.0,
        "Otherunder Preferred Stock Dividend": 15000000.0,
        "Net Income": 1138000000.0,
        "Minority Interests": -13000000.0,
        "Net Income Including Noncontrolling Interests": 1151000000.0,
        "Net Income Continuous Operations": 1151000000.0,
        "Earnings From Equity Interest Net Of Tax": 50000000.0,
        "Tax Provision": 289000000.0,
        "Pretax Income": 1390000000.0,
        "Other Income Expense": 1338000000.0,
        "Other Operating Expenses": 53000000.0,
        "Selling General And Administration": 3594000000.0,
        "General And Administrative Expense": 3594000000.0,
        "Other Gand A": 3594000000.0,
        "Total Revenue": 23562000000.0,
        "Operating Revenue": 23562000000.0,
        "Loss Adjustment Expense": 16577000000.0,
        "Net Policyholder Benefits And Claims": 16577000000.0,
        "Policyholder Benefits Gross": 16577000000.0
    },
    "2024-06-30": {
        "Tax Effect Of Unusual Items": 0.0,
        "Tax Rate For Calcs": 0.186572,
        "Net Income From Continuing Operation Net Minority Interest": 1198000000.0,
        "Reconciled Depreciation": -26000000.0,
        "Normalized Income": 1198000000.0,
        "Net Income From Continuing And Discontinued Operation": 1198000000.0,
        "Total Expenses": 13520000000.0,
        "Diluted Average Shares": 360500000.0,
        "Basic Average Shares": 358800000.0,
        "Diluted EPS": 3.28,
        "Basic EPS": 3.28,
        "Diluted NI Availto Com Stockholders": 1184000000.0,
        "Average Dilution Earnings": NaN,
        "Net Income Common Stockholders": 1184000000.0,
        "Otherunder Preferred Stock Dividend": 14000000.0,
        "Net Income": 1198000000.0,
        "Minority Interests": 27000000.0,
        "Net Income Including Noncontrolling Interests": 1171000000.0,
        "Net Income Continuous Operations": 1171000000.0,
        "Earnings From Equity Interest Net Of Tax": 20000000.0,
        "Tax Provision": 264000000.0,
        "Pretax Income": 1415000000.0,
        "Other Income Expense": 591000000.0,
        "Other Operating Expenses": 52000000.0,
        "Selling General And Administration": 3127000000.0,
        "General And Administrative Expense": 3127000000.0,
        "Other Gand A": 3127000000.0,
        "Total Revenue": 14935000000.0,
        "Operating Revenue": 14935000000.0,
        "Loss Adjustment Expense": 8688000000.0,
        "Net Policyholder Benefits And Claims": 8688000000.0,
        "Policyholder Benefits Gross": 8688000000.0
    },
    "2024-09-30": {
        "Tax Effect Of Unusual Items": 0.0,
        "Tax Rate For Calcs": 0.253165,
        "Net Income From Continuing Operation Net Minority Interest": 448000000.0,
        "Reconciled Depreciation": -41000000.0,
        "Normalized Income": 448000000.0,
        "Net Income From Continuing And Discontinued Operation": 448000000.0,
        "Total Expenses": 18980000000.0,
        "Diluted Average Shares": 358700000.0,
        "Basic Average Shares": 356900000.0,
        "Diluted EPS": 1.24,
        "Basic EPS": 1.241244,
        "Diluted NI Availto Com Stockholders": 443000000.0,
        "Average Dilution Earnings": 0.0,
        "Net Income Common Stockholders": 443000000.0,
        "Otherunder Preferred Stock Dividend": 5000000.0,
        "Net Income": 448000000.0,
        "Minority Interests": -3000000.0,
        "Net Income Including Noncontrolling Interests": 451000000.0,
        "Net Income Continuous Operations": 451000000.0,
        "Earnings From Equity Interest Net Of Tax": 38000000.0,
        "Tax Provision": 140000000.0,
        "Pretax Income": 553000000.0,
        "Other Income Expense": 1285000000.0,
        "Other Operating Expenses": 43000000.0,
        "Selling General And Administration": 3311000000.0,
        "General And Administrative Expense": 3311000000.0,
        "Other Gand A": 3311000000.0,
        "Total Revenue": 19533000000.0,
        "Operating Revenue": 19533000000.0,
        "Loss Adjustment Expense": 14207000000.0,
        "Net Policyholder Benefits And Claims": 14207000000.0,
        "Policyholder Benefits Gross": 14207000000.0
    },
    "2024-12-31": {
        "Tax Effect Of Unusual Items": 0.0,
        "Tax Rate For Calcs": 0.21,
        "Net Income From Continuing Operation Net Minority Interest": -57000000.0,
        "Reconciled Depreciation": 53000000.0,
        "Normalized Income": -57000000.0,
        "Net Income From Continuing And Discontinued Operation": -57000000.0,
        "Total Expenses": 12764000000.0,
        "Diluted Average Shares": 357300000.0,
        "Basic Average Shares": 355400000.0,
        "Diluted EPS": -0.174451,
        "Basic EPS": -0.174451,
        "Diluted NI Availto Com Stockholders": -56000000.0,
        "Average Dilution Earnings": 0.0,
        "Net Income Common Stockholders": -56000000.0,
        "Otherunder Preferred Stock Dividend": -1000000.0,
        "Net Income": -57000000.0,
        "Minority Interests": -130000000.0,
        "Net Income Including Noncontrolling Interests": 73000000.0,
        "Net Income Continuous Operations": 73000000.0,
        "Earnings From Equity Interest Net Of Tax": 36000000.0,
        "Tax Provision": -186000000.0,
        "Pretax Income": -149000000.0,
        "Other Income Expense": -177000000.0,
        "Other Operating Expenses": 92000000.0,
        "Selling General And Administration": 3310000000.0,
        "General And Administrative Expense": 3310000000.0,
        "Other Gand A": 3310000000.0,
        "Total Revenue": 12615000000.0,
        "Operating Revenue": 12615000000.0,
        "Loss Adjustment Expense": 7610000000.0,
        "Net Policyholder Benefits And Claims": 7610000000.0,
        "Policyholder Benefits Gross": 11956000000.0
    },
    "2025-03-31": {
        "Tax Effect Of Unusual Items": 0.0,
        "Tax Rate For Calcs": 0.225,
        "Net Income From Continuing Operation Net Minority Interest": 707000000.0,
        "Reconciled Depreciation": -161000000.0,
        "Normalized Income": 707000000.0,
        "Net Income From Continuing And Discontinued Operation": 707000000.0,
        "Total Expenses": 12617000000.0,
        "Diluted Average Shares": 356100000.0,
        "Basic Average Shares": 354300000.0,
        "Diluted EPS": 1.96,
        "Basic EPS": 1.96,
        "Diluted NI Availto Com Stockholders": 697000000.0,
        "Average Dilution Earnings": NaN,
        "Net Income Common Stockholders": 697000000.0,
        "Otherunder Preferred Stock Dividend": 10000000.0,
        "Net Income": 707000000.0,
        "Minority Interests": -35000000.0,
        "Net Income Including Noncontrolling Interests": 742000000.0,
        "Net Income Continuous Operations": 742000000.0,
        "Earnings From Equity Interest Net Of Tax": 29000000.0,
        "Tax Provision": 207000000.0,
        "Pretax Income": 920000000.0,
        "Other Income Expense": 280000000.0,
        "Other Operating Expenses": 67000000.0,
        "Selling General And Administration": 3083000000.0,
        "General And Administrative Expense": 3083000000.0,
        "Other Gand A": 3083000000.0,
        "Total Revenue": 13537000000.0,
        "Operating Revenue": 13537000000.0,
        "Loss Adjustment Expense": 8090000000.0,
        "Net Policyholder Benefits And Claims": 8090000000.0,
        "Policyholder Benefits Gross": 8090000000.0
    }
}