{
    "2024-03-31": {
        "Tax Effect Of Unusual Items": 78.33815,
        "Tax Rate For Calcs": 3.3e-05,
        "Normalized EBITDA": -14507975.0,
        "Total Unusual Items": 2351500.0,
        "Total Unusual Items Excluding Goodwill": 2351500.0,
        "Net Income From Continuing Operation Net Minority Interest": -12576831.0,
        "Reconciled Depreciation": 296597.0,
        "Reconciled Cost Of Revenue": 1989769.0,
        "EBITDA": -12156475.0,
        "EBIT": -12453072.0,
        "Net Interest Income": -124178.0,
        "Interest Expense": 124178.0,
        "Normalized Income": -14928252.66185,
        "Net Income From Continuing And Discontinued Operation": -12576831.0,
        "Total Expenses": 18373840.0,
        "Total Operating Income As Reported": -14907951.0,
        "Diluted Average Shares": 28395756.0,
        "Basic Average Shares": 28395756.0,
        "Diluted EPS": -0.44,
        "Basic EPS": -0.44,
        "Diluted NI Availto Com Stockholders": -12576831.0,
        "Net Income Common Stockholders": -12576831.0,
        "Net Income": -12576831.0,
        "Net Income Including Noncontrolling Interests": -12576831.0,
        "Net Income Continuous Operations": -12576831.0,
        "Tax Provision": -419.0,
        "Pretax Income": -12577250.0,
        "Other Income Expense": 2454879.0,
        "Other Non Operating Income Expenses": 103379.0,
        "Special Income Charges": 120000.0,
        "Restructuring And Mergern Acquisition": -120000.0,
        "Gain On Sale Of Security": 2231500.0,
        "Net Non Operating Interest Income Expense": -124178.0,
        "Interest Expense Non Operating": 124178.0,
        "Operating Income": -14907951.0,
        "Operating Expense": 16384071.0,
        "Depreciation Amortization Depletion Income Statement": 296597.0,
        "Depreciation And Amortization In Income Statement": 296597.0,
        "Research And Development": 1141958.0,
        "Selling General And Administration": 14945516.0,
        "Selling And Marketing Expense": 4682638.0,
        "General And Administrative Expense": 10262878.0,
        "Other Gand A": 10262878.0,
        "Gross Profit": 1476120.0,
        "Cost Of Revenue": 1989769.0,
        "Total Revenue": 3465889.0,
        "Operating Revenue": 3672990.0
    },
    "2023-12-31": {
        "Tax Effect Of Unusual Items": 1671999.0,
        "Tax Rate For Calcs": 0.21,
        "Normalized EBITDA": 7627945.0,
        "Total Unusual Items": 7961900.0,
        "Total Unusual Items Excluding Goodwill": 7961900.0,
        "Net Income From Continuing Operation Net Minority Interest": -5681576.0,
        "Reconciled Depreciation": 654525.0,
        "Reconciled Cost Of Revenue": 1488963.0,
        "EBITDA": 15589845.0,
        "EBIT": 14935320.0,
        "Net Interest Income": 33101.0,
        "Interest Expense": NaN,
        "Normalized Income": -11971477.0,
        "Net Income From Continuing And Discontinued Operation": -5681576.0,
        "Total Expenses": 16590668.0,
        "Total Operating Income As Reported": -13640922.0,
        "Diluted Average Shares": NaN,
        "Basic Average Shares": NaN,
        "Diluted EPS": NaN,
        "Basic EPS": NaN,
        "Diluted NI Availto Com Stockholders": -5681576.0,
        "Net Income Common Stockholders": -5681576.0,
        "Net Income": -5681576.0,
        "Net Income Including Noncontrolling Interests": -5681576.0,
        "Net Income Continuous Operations": -5681576.0,
        "Tax Provision": 418.0,
        "Pretax Income": -5681158.0,
        "Other Income Expense": 8129063.0,
        "Other Non Operating Income Expenses": 167163.0,
        "Special Income Charges": 1492400.0,
        "Restructuring And Mergern Acquisition": -1492400.0,
        "Gain On Sale Of Security": 6469500.0,
        "Net Non Operating Interest Income Expense": 33101.0,
        "Interest Expense Non Operating": NaN,
        "Operating Income": -13843322.0,
        "Operating Expense": 14885567.0,
        "Depreciation Amortization Depletion Income Statement": 438387.0,
        "Depreciation And Amortization In Income Statement": 438387.0,
        "Research And Development": 1315682.0,
        "Selling General And Administration": 13131498.0,
        "Selling And Marketing Expense": 5357062.0,
        "General And Administrative Expense": 7774436.0,
        "Other Gand A": 7774436.0,
        "Gross Profit": 1042245.0,
        "Cost Of Revenue": 1705101.0,
        "Total Revenue": 2747346.0,
        "Operating Revenue": 2514749.0
    },
    "2023-09-30": {
        "Tax Effect Of Unusual Items": NaN,
        "Tax Rate For Calcs": NaN,
        "Normalized EBITDA": NaN,
        "Total Unusual Items": NaN,
        "Total Unusual Items Excluding Goodwill": NaN,
        "Net Income From Continuing Operation Net Minority Interest": NaN,
        "Reconciled Depreciation": NaN,
        "Reconciled Cost Of Revenue": NaN,
        "EBITDA": NaN,
        "EBIT": NaN,
        "Net Interest Income": NaN,
        "Interest Expense": 46690.0,
        "Normalized Income": NaN,
        "Net Income From Continuing And Discontinued Operation": NaN,
        "Total Expenses": NaN,
        "Total Operating Income As Reported": NaN,
        "Diluted Average Shares": 26265627.0,
        "Basic Average Shares": 26265627.0,
        "Diluted EPS": -0.77,
        "Basic EPS": -0.77,
        "Diluted NI Availto Com Stockholders": NaN,
        "Net Income Common Stockholders": NaN,
        "Net Income": NaN,
        "Net Income Including Noncontrolling Interests": NaN,
        "Net Income Continuous Operations": NaN,
        "Tax Provision": NaN,
        "Pretax Income": NaN,
        "Other Income Expense": NaN,
        "Other Non Operating Income Expenses": NaN,
        "Special Income Charges": NaN,
        "Restructuring And Mergern Acquisition": NaN,
        "Gain On Sale Of Security": NaN,
        "Net Non Operating Interest Income Expense": NaN,
        "Interest Expense Non Operating": 46690.0,
        "Operating Income": NaN,
        "Operating Expense": NaN,
        "Depreciation Amortization Depletion Income Statement": NaN,
        "Depreciation And Amortization In Income Statement": NaN,
        "Research And Development": NaN,
        "Selling General And Administration": NaN,
        "Selling And Marketing Expense": NaN,
        "General And Administrative Expense": NaN,
        "Other Gand A": NaN,
        "Gross Profit": NaN,
        "Cost Of Revenue": NaN,
        "Total Revenue": NaN,
        "Operating Revenue": NaN
    },
    "2023-06-30": {
        "Tax Effect Of Unusual Items": NaN,
        "Tax Rate For Calcs": NaN,
        "Normalized EBITDA": NaN,
        "Total Unusual Items": NaN,
        "Total Unusual Items Excluding Goodwill": NaN,
        "Net Income From Continuing Operation Net Minority Interest": NaN,
        "Reconciled Depreciation": NaN,
        "Reconciled Cost Of Revenue": NaN,
        "EBITDA": NaN,
        "EBIT": NaN,
        "Net Interest Income": NaN,
        "Interest Expense": NaN,
        "Interest Income": 2044560.0,
        "Normalized Income": NaN,
        "Net Income From Continuing And Discontinued Operation": NaN,
        "Total Expenses": NaN,
        "Total Operating Income As Reported": NaN,
        "Diluted Average Shares": NaN,
        "Basic Average Shares": NaN,
        "Diluted EPS": NaN,
        "Basic EPS": NaN,
        "Diluted NI Availto Com Stockholders": NaN,
        "Net Income Common Stockholders": NaN,
        "Net Income": NaN,
        "Net Income Including Noncontrolling Interests": NaN,
        "Net Income Continuous Operations": NaN,
        "Tax Provision": NaN,
        "Pretax Income": NaN,
        "Other Income Expense": NaN,
        "Other Non Operating Income Expenses": NaN,
        "Special Income Charges": NaN,
        "Restructuring And Mergern Acquisition": NaN,
        "Gain On Sale Of Security": NaN,
        "Net Non Operating Interest Income Expense": NaN,
        "Interest Expense Non Operating": NaN,
        "Interest Income Non Operating": 2044560.0,
        "Operating Income": NaN,
        "Operating Expense": NaN,
        "Other Operating Expenses": 2829054.0,
        "Depreciation Amortization Depletion Income Statement": NaN,
        "Depreciation And Amortization In Income Statement": NaN,
        "Research And Development": NaN,
        "Selling General And Administration": NaN,
        "Selling And Marketing Expense": NaN,
        "General And Administrative Expense": NaN,
        "Other Gand A": NaN,
        "Gross Profit": NaN,
        "Cost Of Revenue": NaN,
        "Total Revenue": NaN,
        "Operating Revenue": NaN
    },
    "2023-03-31": {
        "Tax Effect Of Unusual Items": NaN,
        "Tax Rate For Calcs": NaN,
        "Normalized EBITDA": NaN,
        "Total Unusual Items": NaN,
        "Total Unusual Items Excluding Goodwill": NaN,
        "Net Income From Continuing Operation Net Minority Interest": NaN,
        "Reconciled Depreciation": NaN,
        "Reconciled Cost Of Revenue": NaN,
        "EBITDA": NaN,
        "EBIT": NaN,
        "Net Interest Income": NaN,
        "Interest Expense": 8001.0,
        "Interest Income": NaN,
        "Normalized Income": NaN,
        "Net Income From Continuing And Discontinued Operation": NaN,
        "Total Expenses": NaN,
        "Total Operating Income As Reported": NaN,
        "Diluted Average Shares": 29257976.0,
        "Basic Average Shares": 29257976.0,
        "Diluted EPS": -0.228575,
        "Basic EPS": -0.228575,
        "Diluted NI Availto Com Stockholders": NaN,
        "Net Income Common Stockholders": NaN,
        "Net Income": NaN,
        "Net Income Including Noncontrolling Interests": NaN,
        "Net Income Continuous Operations": NaN,
        "Tax Provision": NaN,
        "Pretax Income": NaN,
        "Other Income Expense": NaN,
        "Other Non Operating Income Expenses": NaN,
        "Special Income Charges": NaN,
        "Restructuring And Mergern Acquisition": NaN,
        "Gain On Sale Of Security": NaN,
        "Net Non Operating Interest Income Expense": NaN,
        "Interest Expense Non Operating": 8001.0,
        "Interest Income Non Operating": NaN,
        "Operating Income": NaN,
        "Operating Expense": NaN,
        "Other Operating Expenses": NaN,
        "Depreciation Amortization Depletion Income Statement": NaN,
        "Depreciation And Amortization In Income Statement": NaN,
        "Research And Development": NaN,
        "Selling General And Administration": NaN,
        "Selling And Marketing Expense": NaN,
        "General And Administrative Expense": NaN,
        "Other Gand A": NaN,
        "Gross Profit": NaN,
        "Cost Of Revenue": NaN,
        "Total Revenue": NaN,
        "Operating Revenue": NaN
    },
    "2022-12-31": {
        "Tax Effect Of Unusual Items": NaN,
        "Tax Rate For Calcs": NaN,
        "Normalized EBITDA": NaN,
        "Total Unusual Items": NaN,
        "Total Unusual Items Excluding Goodwill": NaN,
        "Net Income From Continuing Operation Net Minority Interest": NaN,
        "Reconciled Depreciation": 364790.0,
        "Reconciled Cost Of Revenue": 232346.0,
        "EBITDA": NaN,
        "EBIT": NaN,
        "Net Interest Income": NaN,
        "Interest Expense": NaN,
        "Interest Income": NaN,
        "Normalized Income": NaN,
        "Net Income From Continuing And Discontinued Operation": NaN,
        "Total Expenses": NaN,
        "Total Operating Income As Reported": NaN,
        "Diluted Average Shares": NaN,
        "Basic Average Shares": NaN,
        "Diluted EPS": NaN,
        "Basic EPS": NaN,
        "Diluted NI Availto Com Stockholders": NaN,
        "Net Income Common Stockholders": NaN,
        "Net Income": NaN,
        "Net Income Including Noncontrolling Interests": NaN,
        "Net Income Continuous Operations": NaN,
        "Tax Provision": NaN,
        "Pretax Income": NaN,
        "Other Income Expense": NaN,
        "Other Non Operating Income Expenses": 109984.0,
        "Special Income Charges": NaN,
        "Restructuring And Mergern Acquisition": NaN,
        "Gain On Sale Of Security": NaN,
        "Net Non Operating Interest Income Expense": NaN,
        "Interest Expense Non Operating": NaN,
        "Interest Income Non Operating": NaN,
        "Operating Income": NaN,
        "Operating Expense": NaN,
        "Other Operating Expenses": NaN,
        "Depreciation Amortization Depletion Income Statement": 364790.0,
        "Depreciation And Amortization In Income Statement": 364790.0,
        "Research And Development": 572321.0,
        "Selling General And Administration": 1436943.0,
        "Selling And Marketing Expense": 1595917.0,
        "General And Administrative Expense": -158974.0,
        "Other Gand A": -158974.0,
        "Gross Profit": 45254.0,
        "Cost Of Revenue": 232346.0,
        "Total Revenue": NaN,
        "Operating Revenue": NaN
    },
    "2024-06-30": {
        "Tax Effect Of Unusual Items": 695310.0,
        "Tax Rate For Calcs": 0.21,
        "Normalized EBITDA": -13048032.0,
        "Total Unusual Items": 3311000.0,
        "Total Unusual Items Excluding Goodwill": 3311000.0,
        "Net Income From Continuing Operation Net Minority Interest": -11235246.0,
        "Reconciled Depreciation": 930874.0,
        "Reconciled Cost Of Revenue": 1969941.0,
        "EBITDA": -9737032.0,
        "EBIT": -10667906.0,
        "Net Interest Income": -553303.0,
        "Interest Expense": 553303.0,
        "Normalized Income": -13850936.0,
        "Net Income From Continuing And Discontinued Operation": -11235246.0,
        "Total Expenses": 20016733.0,
        "Total Operating Income As Reported": -14031505.0,
        "Diluted Average Shares": 31391595.0,
        "Basic Average Shares": 31391595.0,
        "Diluted EPS": -0.36,
        "Basic EPS": -0.36,
        "Diluted NI Availto Com Stockholders": -11235246.0,
        "Net Income Common Stockholders": -11235246.0,
        "Net Income": -11235246.0,
        "Net Income Including Noncontrolling Interests": -11235246.0,
        "Net Income Continuous Operations": -11235246.0,
        "Tax Provision": 14037.0,
        "Pretax Income": -11221209.0,
        "Other Income Expense": 3363599.0,
        "Other Non Operating Income Expenses": 52599.0,
        "Special Income Charges": 220000.0,
        "Restructuring And Mergern Acquisition": -220000.0,
        "Gain On Sale Of Security": 3091000.0,
        "Net Non Operating Interest Income Expense": -553303.0,
        "Interest Expense Non Operating": 553303.0,
        "Operating Income": -14031505.0,
        "Operating Expense": 18046792.0,
        "Depreciation Amortization Depletion Income Statement": 930874.0,
        "Depreciation And Amortization In Income Statement": 930874.0,
        "Research And Development": 1031794.0,
        "Selling General And Administration": 16084124.0,
        "Selling And Marketing Expense": 5090331.0,
        "General And Administrative Expense": 10993793.0,
        "Other Gand A": 10993793.0,
        "Gross Profit": 4015287.0,
        "Cost Of Revenue": 1969941.0,
        "Total Revenue": 5985228.0,
        "Operating Revenue": 6191847.0
    },
    "2024-09-30": {
        "Tax Effect Of Unusual Items": 3371.193924,
        "Tax Rate For Calcs": 0.001438,
        "Normalized EBITDA": -9264318.0,
        "Total Unusual Items": 2345000.0,
        "Total Unusual Items Excluding Goodwill": 2345000.0,
        "Net Income From Continuing Operation Net Minority Interest": -8638731.0,
        "Reconciled Depreciation": 975090.0,
        "Reconciled Cost Of Revenue": 104886.0,
        "EBITDA": -6919318.0,
        "EBIT": -7894408.0,
        "Net Interest Income": -756760.0,
        "Interest Expense": 756760.0,
        "Normalized Income": -10980359.806076,
        "Net Income From Continuing And Discontinued Operation": -13137549.0,
        "Total Expenses": 13469381.0,
        "Total Operating Income As Reported": -10261973.0,
        "Diluted Average Shares": 31758032.0,
        "Basic Average Shares": 31758032.0,
        "Diluted EPS": -0.41,
        "Basic EPS": -0.41,
        "Diluted NI Availto Com Stockholders": -13137549.0,
        "Net Income Common Stockholders": -13137549.0,
        "Net Income": -13137549.0,
        "Net Income Including Noncontrolling Interests": -13137549.0,
        "Net Income Discontinuous Operations": -4498818.0,
        "Net Income Continuous Operations": -8638731.0,
        "Tax Provision": -12437.0,
        "Pretax Income": -8651168.0,
        "Other Income Expense": 2367565.0,
        "Other Non Operating Income Expenses": 22565.0,
        "Special Income Charges": 170000.0,
        "Restructuring And Mergern Acquisition": -170000.0,
        "Gain On Sale Of Security": 2175000.0,
        "Net Non Operating Interest Income Expense": -756760.0,
        "Interest Expense Non Operating": 756760.0,
        "Operating Income": -10261973.0,
        "Operating Expense": 13364495.0,
        "Depreciation Amortization Depletion Income Statement": 729208.0,
        "Depreciation And Amortization In Income Statement": 729208.0,
        "Research And Development": 408313.0,
        "Selling General And Administration": 12226974.0,
        "Selling And Marketing Expense": 1739980.0,
        "General And Administrative Expense": 10486994.0,
        "Other Gand A": 10486994.0,
        "Gross Profit": 3102522.0,
        "Cost Of Revenue": 104886.0,
        "Total Revenue": 3207408.0,
        "Operating Revenue": 3207408.0
    },
    "2024-12-31": {
        "Tax Effect Of Unusual Items": 0.0,
        "Tax Rate For Calcs": 0.0,
        "Normalized EBITDA": -10789458.0,
        "Total Unusual Items": -8023500.0,
        "Total Unusual Items Excluding Goodwill": -8023500.0,
        "Net Income From Continuing Operation Net Minority Interest": -20737663.0,
        "Reconciled Depreciation": 1056249.0,
        "Reconciled Cost Of Revenue": 2785111.0,
        "EBITDA": -18812958.0,
        "EBIT": -19869207.0,
        "Net Interest Income": -868456.0,
        "Interest Expense": 868456.0,
        "Normalized Income": -12714163.0,
        "Net Income From Continuing And Discontinued Operation": -20737663.0,
        "Total Expenses": 19287364.0,
        "Total Operating Income As Reported": -12079159.0,
        "Diluted Average Shares": 31391595.0,
        "Basic Average Shares": 31391595.0,
        "Diluted EPS": -0.66,
        "Basic EPS": -0.66,
        "Diluted NI Availto Com Stockholders": -20737663.0,
        "Net Income Common Stockholders": -20737663.0,
        "Net Income": -20737663.0,
        "Net Income Including Noncontrolling Interests": -20737663.0,
        "Net Income Discontinuous Operations": NaN,
        "Net Income Continuous Operations": -20737663.0,
        "Tax Provision": 0.0,
        "Pretax Income": -20737663.0,
        "Other Income Expense": -7790048.0,
        "Other Non Operating Income Expenses": 233452.0,
        "Special Income Charges": -470000.0,
        "Restructuring And Mergern Acquisition": 470000.0,
        "Gain On Sale Of Security": -7553500.0,
        "Net Non Operating Interest Income Expense": -868456.0,
        "Interest Expense Non Operating": 868456.0,
        "Operating Income": -12079159.0,
        "Operating Expense": 16502253.0,
        "Depreciation Amortization Depletion Income Statement": 1056249.0,
        "Depreciation And Amortization In Income Statement": 1056249.0,
        "Research And Development": 1287067.0,
        "Selling General And Administration": 14158937.0,
        "Selling And Marketing Expense": 4385128.0,
        "General And Administrative Expense": 9773809.0,
        "Other Gand A": 9773809.0,
        "Gross Profit": 4423094.0,
        "Cost Of Revenue": 2785111.0,
        "Total Revenue": 7208205.0,
        "Operating Revenue": 6566168.0
    },
    "2025-03-31": {
        "Tax Effect Of Unusual Items": 1644615.0,
        "Tax Rate For Calcs": 0.21,
        "Normalized EBITDA": -10191038.0,
        "Total Unusual Items": 7831500.0,
        "Total Unusual Items Excluding Goodwill": 7831500.0,
        "Net Income From Continuing Operation Net Minority Interest": -4447345.0,
        "Reconciled Depreciation": 1211110.0,
        "Reconciled Cost Of Revenue": 2809519.0,
        "EBITDA": -2359538.0,
        "EBIT": -3570648.0,
        "Net Interest Income": -868457.0,
        "Interest Expense": 868457.0,
        "Normalized Income": -10634230.0,
        "Net Income From Continuing And Discontinued Operation": -4447345.0,
        "Total Expenses": 18438959.0,
        "Total Operating Income As Reported": -11689338.0,
        "Diluted Average Shares": 42953447.0,
        "Basic Average Shares": 42953447.0,
        "Diluted EPS": -0.1,
        "Basic EPS": -0.1,
        "Diluted NI Availto Com Stockholders": -4447345.0,
        "Net Income Common Stockholders": -4447345.0,
        "Net Income": -4447345.0,
        "Net Income Including Noncontrolling Interests": -4447345.0,
        "Net Income Discontinuous Operations": NaN,
        "Net Income Continuous Operations": -4447345.0,
        "Tax Provision": 8240.0,
        "Pretax Income": -4439105.0,
        "Other Income Expense": 8118690.0,
        "Other Non Operating Income Expenses": 287190.0,
        "Special Income Charges": 450000.0,
        "Restructuring And Mergern Acquisition": -450000.0,
        "Gain On Sale Of Security": 7381500.0,
        "Net Non Operating Interest Income Expense": -868457.0,
        "Interest Expense Non Operating": 868457.0,
        "Operating Income": -11689338.0,
        "Operating Expense": 15629440.0,
        "Depreciation Amortization Depletion Income Statement": 1211110.0,
        "Depreciation And Amortization In Income Statement": 1211110.0,
        "Research And Development": 1437453.0,
        "Selling General And Administration": 12980877.0,
        "Selling And Marketing Expense": 2456386.0,
        "General And Administrative Expense": 10524491.0,
        "Other Gand A": 10524491.0,
        "Gross Profit": 3940102.0,
        "Cost Of Revenue": 2809519.0,
        "Total Revenue": 6749621.0,
        "Operating Revenue": 6908996.0
    },
    "2025-06-30": {
        "Tax Effect Of Unusual Items": 0.941305,
        "Tax Rate For Calcs": 8e-06,
        "Normalized EBITDA": -5940085.0,
        "Total Unusual Items": 125000.0,
        "Total Unusual Items Excluding Goodwill": 125000.0,
        "Net Income From Continuing Operation Net Minority Interest": -8365980.0,
        "Reconciled Depreciation": 1682502.0,
        "Reconciled Cost Of Revenue": 3374054.0,
        "EBITDA": -5815085.0,
        "EBIT": -7497587.0,
        "Net Interest Income": -868456.0,
        "Interest Expense": 868456.0,
        "Normalized Income": -8490979.058695,
        "Net Income From Continuing And Discontinued Operation": -8365980.0,
        "Total Expenses": 15139608.0,
        "Total Operating Income As Reported": -8056740.0,
        "Diluted Average Shares": 45253319.0,
        "Basic Average Shares": 45253319.0,
        "Diluted EPS": -0.18,
        "Basic EPS": -0.18,
        "Diluted NI Availto Com Stockholders": -8365980.0,
        "Net Income Common Stockholders": -8365980.0,
        "Net Income": -8365980.0,
        "Net Income Including Noncontrolling Interests": -8365980.0,
        "Net Income Discontinuous Operations": NaN,
        "Net Income Continuous Operations": -8365980.0,
        "Tax Provision": -63.0,
        "Pretax Income": -8366043.0,
        "Other Income Expense": 559153.0,
        "Other Non Operating Income Expenses": 434153.0,
        "Special Income Charges": 10000.0,
        "Restructuring And Mergern Acquisition": -10000.0,
        "Gain On Sale Of Security": 115000.0,
        "Net Non Operating Interest Income Expense": -868456.0,
        "Interest Expense Non Operating": 868456.0,
        "Operating Income": -8056740.0,
        "Operating Expense": 11765554.0,
        "Depreciation Amortization Depletion Income Statement": 1682502.0,
        "Depreciation And Amortization In Income Statement": 1682502.0,
        "Research And Development": 1299799.0,
        "Selling General And Administration": 8783253.0,
        "Selling And Marketing Expense": 2807172.0,
        "General And Administrative Expense": 5976081.0,
        "Other Gand A": 5976081.0,
        "Gross Profit": 3708814.0,
        "Cost Of Revenue": 3374054.0,
        "Total Revenue": 7082868.0,
        "Operating Revenue": 7287422.0
    },
    "2025-09-30": {
        "Tax Effect Of Unusual Items": 299.231119,
        "Tax Rate For Calcs": 0.000813,
        "Normalized EBITDA": -7746590.0,
        "Total Unusual Items": 368000.0,
        "Total Unusual Items Excluding Goodwill": 368000.0,
        "Net Income From Continuing Operation Net Minority Interest": -10046821.0,
        "Reconciled Depreciation": 1806764.0,
        "Reconciled Cost Of Revenue": 1343675.0,
        "EBITDA": -7378590.0,
        "EBIT": -9185354.0,
        "Net Interest Income": -869643.0,
        "Interest Expense": 869643.0,
        "Normalized Income": -10414521.768881,
        "Net Income From Continuing And Discontinued Operation": -11982888.0,
        "Total Expenses": 14100960.0,
        "Total Operating Income As Reported": -9696099.0,
        "Diluted Average Shares": 46045064.0,
        "Basic Average Shares": 46045064.0,
        "Diluted EPS": -0.26,
        "Basic EPS": -0.26,
        "Diluted NI Availto Com Stockholders": -11982888.0,
        "Net Income Common Stockholders": -11982888.0,
        "Net Income": -11982888.0,
        "Net Income Including Noncontrolling Interests": -11982888.0,
        "Net Income Discontinuous Operations": -1936067.0,
        "Net Income Continuous Operations": -10046821.0,
        "Tax Provision": -8176.0,
        "Pretax Income": -10054997.0,
        "Other Income Expense": 510745.0,
        "Other Non Operating Income Expenses": 142745.0,
        "Special Income Charges": 25000.0,
        "Restructuring And Mergern Acquisition": -25000.0,
        "Gain On Sale Of Security": 343000.0,
        "Net Non Operating Interest Income Expense": -869643.0,
        "Interest Expense Non Operating": 869643.0,
        "Operating Income": -9696099.0,
        "Operating Expense": 12649726.0,
        "Depreciation Amortization Depletion Income Statement": 1699205.0,
        "Depreciation And Amortization In Income Statement": 1699205.0,
        "Research And Development": 1241669.0,
        "Selling General And Administration": 9708852.0,
        "Selling And Marketing Expense": 1564449.0,
        "General And Administrative Expense": 8144403.0,
        "Other Gand A": 8144403.0,
        "Gross Profit": 2953627.0,
        "Cost Of Revenue": 1451234.0,
        "Total Revenue": 4404861.0,
        "Operating Revenue": 4404861.0
    }
}