{
    "2023-03-31": {
        "Tax Effect Of Unusual Items": NaN,
        "Tax Rate For Calcs": NaN,
        "Normalized EBITDA": NaN,
        "Total Unusual Items": -2000.0,
        "Total Unusual Items Excluding Goodwill": -2000.0,
        "Net Income From Continuing Operation Net Minority Interest": NaN,
        "Reconciled Depreciation": NaN,
        "EBITDA": NaN,
        "EBIT": NaN,
        "Net Interest Income": NaN,
        "Interest Expense": NaN,
        "Interest Income": NaN,
        "Normalized Income": NaN,
        "Net Income From Continuing And Discontinued Operation": NaN,
        "Total Expenses": NaN,
        "Total Operating Income As Reported": NaN,
        "Diluted Average Shares": NaN,
        "Basic Average Shares": NaN,
        "Diluted EPS": NaN,
        "Basic EPS": NaN,
        "Diluted NI Availto Com Stockholders": NaN,
        "Net Income Common Stockholders": NaN,
        "Net Income": NaN,
        "Net Income Including Noncontrolling Interests": NaN,
        "Net Income Continuous Operations": NaN,
        "Pretax Income": NaN,
        "Other Income Expense": -2000.0,
        "Special Income Charges": -2000.0,
        "Gain On Sale Of Ppe": -2000.0,
        "Gain On Sale Of Security": NaN,
        "Net Non Operating Interest Income Expense": NaN,
        "Interest Expense Non Operating": NaN,
        "Interest Income Non Operating": NaN,
        "Operating Income": NaN,
        "Operating Expense": NaN,
        "Other Operating Expenses": NaN,
        "Research And Development": NaN,
        "Selling General And Administration": NaN,
        "General And Administrative Expense": NaN,
        "Other Gand A": NaN,
        "Salaries And Wages": 120000.0,
        "Total Revenue": NaN,
        "Operating Revenue": NaN
    },
    "2022-12-31": {
        "Tax Effect Of Unusual Items": NaN,
        "Tax Rate For Calcs": NaN,
        "Normalized EBITDA": NaN,
        "Total Unusual Items": 0.0,
        "Total Unusual Items Excluding Goodwill": 0.0,
        "Net Income From Continuing Operation Net Minority Interest": NaN,
        "Reconciled Depreciation": NaN,
        "EBITDA": NaN,
        "EBIT": NaN,
        "Net Interest Income": NaN,
        "Interest Expense": NaN,
        "Interest Income": NaN,
        "Normalized Income": NaN,
        "Net Income From Continuing And Discontinued Operation": NaN,
        "Total Expenses": NaN,
        "Total Operating Income As Reported": NaN,
        "Diluted Average Shares": NaN,
        "Basic Average Shares": NaN,
        "Diluted EPS": NaN,
        "Basic EPS": NaN,
        "Diluted NI Availto Com Stockholders": NaN,
        "Net Income Common Stockholders": NaN,
        "Net Income": NaN,
        "Net Income Including Noncontrolling Interests": NaN,
        "Net Income Continuous Operations": NaN,
        "Pretax Income": NaN,
        "Other Income Expense": 0.0,
        "Special Income Charges": 0.0,
        "Gain On Sale Of Ppe": 0.0,
        "Gain On Sale Of Security": 0.0,
        "Net Non Operating Interest Income Expense": NaN,
        "Interest Expense Non Operating": NaN,
        "Interest Income Non Operating": NaN,
        "Operating Income": NaN,
        "Operating Expense": NaN,
        "Other Operating Expenses": NaN,
        "Research And Development": NaN,
        "Selling General And Administration": NaN,
        "General And Administrative Expense": NaN,
        "Other Gand A": NaN,
        "Salaries And Wages": 110000.0,
        "Total Revenue": NaN,
        "Operating Revenue": NaN
    },
    "2022-09-30": {
        "Tax Effect Of Unusual Items": NaN,
        "Tax Rate For Calcs": NaN,
        "Normalized EBITDA": NaN,
        "Total Unusual Items": 0.0,
        "Total Unusual Items Excluding Goodwill": 0.0,
        "Net Income From Continuing Operation Net Minority Interest": NaN,
        "Reconciled Depreciation": NaN,
        "EBITDA": NaN,
        "EBIT": NaN,
        "Net Interest Income": NaN,
        "Interest Expense": NaN,
        "Interest Income": NaN,
        "Normalized Income": NaN,
        "Net Income From Continuing And Discontinued Operation": NaN,
        "Total Expenses": NaN,
        "Total Operating Income As Reported": NaN,
        "Diluted Average Shares": 1829444.0,
        "Basic Average Shares": 1829444.0,
        "Diluted EPS": -2.85,
        "Basic EPS": -2.85,
        "Diluted NI Availto Com Stockholders": NaN,
        "Net Income Common Stockholders": NaN,
        "Net Income": NaN,
        "Net Income Including Noncontrolling Interests": NaN,
        "Net Income Continuous Operations": NaN,
        "Pretax Income": NaN,
        "Other Income Expense": NaN,
        "Special Income Charges": 0.0,
        "Gain On Sale Of Ppe": 0.0,
        "Gain On Sale Of Security": NaN,
        "Net Non Operating Interest Income Expense": NaN,
        "Interest Expense Non Operating": NaN,
        "Interest Income Non Operating": NaN,
        "Operating Income": NaN,
        "Operating Expense": NaN,
        "Other Operating Expenses": NaN,
        "Research And Development": NaN,
        "Selling General And Administration": NaN,
        "General And Administrative Expense": NaN,
        "Other Gand A": NaN,
        "Salaries And Wages": 110000.0,
        "Total Revenue": NaN,
        "Operating Revenue": NaN
    },
    "2022-06-30": {
        "Tax Effect Of Unusual Items": 0.0,
        "Tax Rate For Calcs": 0.0,
        "Normalized EBITDA": -4946000.0,
        "Total Unusual Items": NaN,
        "Total Unusual Items Excluding Goodwill": NaN,
        "Net Income From Continuing Operation Net Minority Interest": -5282000.0,
        "Reconciled Depreciation": 155000.0,
        "EBITDA": -4946000.0,
        "EBIT": -5101000.0,
        "Net Interest Income": -162000.0,
        "Interest Expense": 181000.0,
        "Interest Income": 19000.0,
        "Normalized Income": -5282000.0,
        "Net Income From Continuing And Discontinued Operation": -5282000.0,
        "Total Expenses": 5120000.0,
        "Total Operating Income As Reported": -5120000.0,
        "Diluted Average Shares": 1483655.0,
        "Basic Average Shares": 1483655.0,
        "Diluted EPS": -3.56,
        "Basic EPS": -3.56,
        "Diluted NI Availto Com Stockholders": -5282000.0,
        "Net Income Common Stockholders": -5282000.0,
        "Net Income": -5282000.0,
        "Net Income Including Noncontrolling Interests": -5282000.0,
        "Net Income Continuous Operations": -5282000.0,
        "Pretax Income": -5282000.0,
        "Other Income Expense": NaN,
        "Special Income Charges": NaN,
        "Gain On Sale Of Ppe": NaN,
        "Gain On Sale Of Security": NaN,
        "Net Non Operating Interest Income Expense": -162000.0,
        "Interest Expense Non Operating": 181000.0,
        "Interest Income Non Operating": 19000.0,
        "Operating Income": -5120000.0,
        "Operating Expense": 5120000.0,
        "Other Operating Expenses": NaN,
        "Research And Development": 2831000.0,
        "Selling General And Administration": 2289000.0,
        "General And Administrative Expense": 2289000.0,
        "Other Gand A": 2145000.0,
        "Salaries And Wages": 144000.0,
        "Total Revenue": 0.0,
        "Operating Revenue": 0.0
    },
    "2022-03-31": {
        "Diluted EPS": -2.85,
        "Total Revenue": NaN,
        "Gross Profit": NaN,
        "Operating Income": -4,
        "EBIT": -4,
        "Net Income": -4
    },
    "2021-12-31": {
        "Diluted EPS": -3.75,
        "Total Revenue": NaN,
        "Gross Profit": NaN,
        "Operating Income": -4,
        "EBIT": -4,
        "Net Income": -4
    },
    "2021-09-30": {
        "Diluted EPS": -4.2,
        "Total Revenue": NaN,
        "Gross Profit": NaN,
        "Operating Income": -3,
        "EBIT": -3,
        "Net Income": -4
    },
    "2021-06-30": {
        "Diluted EPS": -3.75,
        "Total Revenue": NaN,
        "Gross Profit": NaN,
        "Operating Income": -3,
        "EBIT": -2,
        "Net Income": -3
    },
    "2021-03-31": {
        "Diluted EPS": -4.95,
        "Total Revenue": NaN,
        "Gross Profit": NaN,
        "Operating Income": -2,
        "EBIT": -2,
        "Net Income": -3
    },
    "2020-12-31": {
        "Diluted EPS": -11.1,
        "Total Revenue": NaN,
        "Gross Profit": NaN,
        "Operating Income": -3,
        "EBIT": -3,
        "Net Income": -4
    },
    "2020-09-30": {
        "Diluted EPS": -5.85,
        "Total Revenue": NaN,
        "Gross Profit": NaN,
        "Operating Income": -1,
        "EBIT": -1,
        "Net Income": -2
    },
    "2020-06-30": {
        "Diluted EPS": -6.75,
        "Total Revenue": 0,
        "Gross Profit": 0,
        "Operating Income": -2,
        "EBIT": -2,
        "Net Income": -2
    },
    "2020-03-31": {
        "Diluted EPS": -4.2,
        "Total Revenue": 0,
        "Gross Profit": 0,
        "Operating Income": -2,
        "EBIT": -2,
        "Net Income": -1
    },
    "2019-12-31": {
        "Diluted EPS": 320.09,
        "Total Revenue": 1,
        "Gross Profit": 1,
        "Operating Income": -2,
        "EBIT": -2,
        "Net Income": 1
    },
    "2019-09-30": {
        "Diluted EPS": -0.45,
        "Total Revenue": 5,
        "Gross Profit": 5,
        "Operating Income": 3,
        "EBIT": 3,
        "Net Income": 0
    },
    "2019-06-30": {
        "Diluted EPS": -309.9,
        "Total Revenue": 0,
        "Gross Profit": 0,
        "Operating Income": -2,
        "EBIT": -2,
        "Net Income": -9
    },
    "2019-03-31": {
        "Diluted EPS": -133.73,
        "Total Revenue": 1,
        "Gross Profit": 1,
        "Operating Income": -2,
        "EBIT": -2,
        "Net Income": -3
    },
    "2018-12-31": {
        "Diluted EPS": 102.25,
        "Total Revenue": 1,
        "Gross Profit": 1,
        "Operating Income": 0,
        "EBIT": 0,
        "Net Income": -2
    },
    "2018-09-30": {
        "Diluted EPS": -414.24,
        "Total Revenue": 0,
        "Gross Profit": 0,
        "Operating Income": -2,
        "EBIT": -2,
        "Net Income": -5
    },
    "2018-06-30": {
        "Diluted EPS": -444.83,
        "Total Revenue": 1,
        "Gross Profit": 1,
        "Operating Income": -2,
        "EBIT": -1,
        "Net Income": -4
    },
    "2018-03-31": {
        "Diluted EPS": -547.23,
        "Total Revenue": 1,
        "Gross Profit": 0,
        "Operating Income": -4,
        "EBIT": -4,
        "Net Income": -4
    },
    "2017-12-31": {
        "Diluted EPS": NaN,
        "Total Revenue": 1,
        "Gross Profit": 0,
        "Operating Income": -4,
        "EBIT": -3,
        "Net Income": -8
    },
    "2017-09-30": {
        "Diluted EPS": NaN,
        "Total Revenue": 0,
        "Gross Profit": 0,
        "Operating Income": -4,
        "EBIT": -4,
        "Net Income": -5
    },
    "2017-06-30": {
        "Diluted EPS": NaN,
        "Total Revenue": 1,
        "Gross Profit": 0,
        "Operating Income": -6,
        "EBIT": -5,
        "Net Income": -6
    },
    "2017-03-31": {
        "Diluted EPS": NaN,
        "Total Revenue": 1,
        "Gross Profit": 0,
        "Operating Income": -7,
        "EBIT": -6,
        "Net Income": -8
    },
    "2016-12-31": {
        "Diluted EPS": NaN,
        "Total Revenue": 1,
        "Gross Profit": 1,
        "Operating Income": -4,
        "EBIT": -3,
        "Net Income": -5
    },
    "2016-09-30": {
        "Diluted EPS": NaN,
        "Total Revenue": 1,
        "Gross Profit": 0,
        "Operating Income": -5,
        "EBIT": -4,
        "Net Income": -5
    },
    "2016-06-30": {
        "Diluted EPS": NaN,
        "Total Revenue": 1,
        "Gross Profit": 1,
        "Operating Income": -6,
        "EBIT": -6,
        "Net Income": -6
    },
    "2016-03-31": {
        "Diluted EPS": NaN,
        "Total Revenue": 1,
        "Gross Profit": 1,
        "Operating Income": -5,
        "EBIT": -5,
        "Net Income": -5
    },
    "2015-12-31": {
        "Diluted EPS": NaN,
        "Total Revenue": 2,
        "Gross Profit": 1,
        "Operating Income": -2,
        "EBIT": -1,
        "Net Income": -3
    },
    "2015-09-30": {
        "Diluted EPS": NaN,
        "Total Revenue": 1,
        "Gross Profit": 0,
        "Operating Income": 2,
        "EBIT": 2,
        "Net Income": 2
    },
    "2015-06-30": {
        "Diluted EPS": NaN,
        "Total Revenue": 2,
        "Gross Profit": 0,
        "Operating Income": 6,
        "EBIT": 6,
        "Net Income": 4
    },
    "2015-03-31": {
        "Diluted EPS": -3.19,
        "Total Revenue": 1,
        "Gross Profit": 0,
        "Operating Income": -21,
        "EBIT": -21,
        "Net Income": -23
    },
    "2014-12-31": {
        "Diluted EPS": -0.07,
        "Total Revenue": 2,
        "Gross Profit": 1,
        "Operating Income": -4,
        "EBIT": -4,
        "Net Income": -7
    },
    "2014-09-30": {
        "Diluted EPS": -0.12,
        "Total Revenue": 1,
        "Gross Profit": 0,
        "Operating Income": -8,
        "EBIT": -7,
        "Net Income": -9
    },
    "2014-06-30": {
        "Diluted EPS": -0.15,
        "Total Revenue": 1,
        "Gross Profit": 0,
        "Operating Income": -11,
        "EBIT": -10,
        "Net Income": -12
    },
    "2014-03-31": {
        "Diluted EPS": -0.14,
        "Total Revenue": 1,
        "Gross Profit": 1,
        "Operating Income": -10,
        "EBIT": -9,
        "Net Income": -10
    },
    "2013-12-31": {
        "Diluted EPS": -0.15,
        "Total Revenue": 3,
        "Gross Profit": 2,
        "Operating Income": -9,
        "EBIT": -8,
        "Net Income": -10
    },
    "2013-09-30": {
        "Diluted EPS": -0.08,
        "Total Revenue": 2,
        "Gross Profit": 1,
        "Operating Income": -8,
        "EBIT": -8,
        "Net Income": -5
    },
    "2013-06-30": {
        "Diluted EPS": -0.05,
        "Total Revenue": 1,
        "Gross Profit": 1,
        "Operating Income": -6,
        "EBIT": -6,
        "Net Income": -3
    },
    "2013-03-31": {
        "Diluted EPS": -0.11,
        "Total Revenue": 1,
        "Gross Profit": 1,
        "Operating Income": -7,
        "EBIT": -6,
        "Net Income": -8
    },
    "2012-12-31": {
        "Diluted EPS": -0.07,
        "Total Revenue": 4,
        "Gross Profit": 3,
        "Operating Income": -3,
        "EBIT": -2,
        "Net Income": -4
    },
    "2012-09-30": {
        "Diluted EPS": -0.19,
        "Total Revenue": 1,
        "Gross Profit": 1,
        "Operating Income": -10,
        "EBIT": -10,
        "Net Income": -11
    },
    "2012-06-30": {
        "Diluted EPS": -0.13,
        "Total Revenue": 2,
        "Gross Profit": 1,
        "Operating Income": -7,
        "EBIT": -6,
        "Net Income": -8
    },
    "2012-03-31": {
        "Diluted EPS": -0.16,
        "Total Revenue": 1,
        "Gross Profit": 1,
        "Operating Income": -8,
        "EBIT": -8,
        "Net Income": -9
    },
    "2011-12-31": {
        "Diluted EPS": -0.13,
        "Total Revenue": 2,
        "Gross Profit": 1,
        "Operating Income": -6,
        "EBIT": -6,
        "Net Income": -7
    },
    "2011-09-30": {
        "Diluted EPS": -0.15,
        "Total Revenue": 2,
        "Gross Profit": 1,
        "Operating Income": -8,
        "EBIT": -8,
        "Net Income": -8
    },
    "2011-06-30": {
        "Diluted EPS": -0.1,
        "Total Revenue": 2,
        "Gross Profit": 1,
        "Operating Income": -4,
        "EBIT": -4,
        "Net Income": -5
    },
    "2011-03-31": {
        "Diluted EPS": -0.23,
        "Total Revenue": 1,
        "Gross Profit": 1,
        "Operating Income": -11,
        "EBIT": -11,
        "Net Income": -12
    },
    "2010-12-31": {
        "Diluted EPS": -0.19,
        "Total Revenue": 2,
        "Gross Profit": 1,
        "Operating Income": -9,
        "EBIT": -8,
        "Net Income": -9
    },
    "2010-09-30": {
        "Diluted EPS": -0.23,
        "Total Revenue": 2,
        "Gross Profit": 1,
        "Operating Income": -10,
        "EBIT": -9,
        "Net Income": -10
    },
    "2010-06-30": {
        "Diluted EPS": -0.12,
        "Total Revenue": 2,
        "Gross Profit": 1,
        "Operating Income": -5,
        "EBIT": -5,
        "Net Income": -5
    },
    "2010-03-31": {
        "Diluted EPS": -0.06,
        "Total Revenue": 2,
        "Gross Profit": 1,
        "Operating Income": -2,
        "EBIT": -2,
        "Net Income": -2
    },
    "2009-12-31": {
        "Diluted EPS": -0.25,
        "Total Revenue": 1,
        "Gross Profit": 1,
        "Operating Income": -9,
        "EBIT": -9,
        "Net Income": -9
    },
    "2009-09-30": {
        "Diluted EPS": -0.18,
        "Total Revenue": 1,
        "Gross Profit": 1,
        "Operating Income": -6,
        "EBIT": -6,
        "Net Income": -7
    },
    "2009-06-30": {
        "Diluted EPS": -0.02,
        "Total Revenue": 1,
        "Gross Profit": 1,
        "Operating Income": 0,
        "EBIT": 0,
        "Net Income": -1
    },
    "2009-03-31": {
        "Diluted EPS": -0.2,
        "Total Revenue": 2,
        "Gross Profit": 1,
        "Operating Income": -6,
        "EBIT": -5,
        "Net Income": -6
    },
    "2023-06-30": {
        "Tax Effect Of Unusual Items": NaN,
        "Tax Rate For Calcs": NaN,
        "Normalized EBITDA": NaN,
        "Total Unusual Items": 0.0,
        "Total Unusual Items Excluding Goodwill": 0.0,
        "Net Income From Continuing Operation Net Minority Interest": NaN,
        "Reconciled Depreciation": NaN,
        "EBITDA": NaN,
        "EBIT": NaN,
        "Net Interest Income": NaN,
        "Interest Expense": NaN,
        "Interest Income": NaN,
        "Normalized Income": NaN,
        "Net Income From Continuing And Discontinued Operation": NaN,
        "Total Expenses": NaN,
        "Total Operating Income As Reported": NaN,
        "Diluted Average Shares": 2509378.0,
        "Basic Average Shares": 2509378.0,
        "Diluted EPS": -0.59,
        "Basic EPS": -0.59,
        "Diluted NI Availto Com Stockholders": NaN,
        "Net Income Common Stockholders": NaN,
        "Net Income": NaN,
        "Net Income Including Noncontrolling Interests": NaN,
        "Net Income Continuous Operations": NaN,
        "Pretax Income": NaN,
        "Other Income Expense": NaN,
        "Special Income Charges": 0.0,
        "Gain On Sale Of Ppe": 0.0,
        "Gain On Sale Of Security": NaN,
        "Net Non Operating Interest Income Expense": NaN,
        "Interest Expense Non Operating": NaN,
        "Interest Income Non Operating": NaN,
        "Operating Income": NaN,
        "Operating Expense": NaN,
        "Other Operating Expenses": NaN,
        "Research And Development": NaN,
        "Selling General And Administration": NaN,
        "General And Administrative Expense": NaN,
        "Other Gand A": NaN,
        "Salaries And Wages": 126000.0,
        "Total Revenue": NaN,
        "Operating Revenue": NaN
    },
    "2023-09-30": {
        "Tax Effect Of Unusual Items": NaN,
        "Tax Rate For Calcs": NaN,
        "Normalized EBITDA": NaN,
        "Total Unusual Items": 0.0,
        "Total Unusual Items Excluding Goodwill": 0.0,
        "Net Income From Continuing Operation Net Minority Interest": NaN,
        "Reconciled Depreciation": NaN,
        "EBITDA": NaN,
        "EBIT": NaN,
        "Net Interest Income": NaN,
        "Interest Expense": NaN,
        "Interest Income": NaN,
        "Normalized Income": NaN,
        "Net Income From Continuing And Discontinued Operation": NaN,
        "Total Expenses": NaN,
        "Total Operating Income As Reported": NaN,
        "Diluted Average Shares": 3225351.0,
        "Basic Average Shares": 3225351.0,
        "Diluted EPS": -1.0,
        "Basic EPS": -1.0,
        "Diluted NI Availto Com Stockholders": NaN,
        "Net Income Common Stockholders": NaN,
        "Net Income": NaN,
        "Net Income Including Noncontrolling Interests": NaN,
        "Net Income Continuous Operations": NaN,
        "Pretax Income": NaN,
        "Other Income Expense": NaN,
        "Other Non Operating Income Expenses": NaN,
        "Special Income Charges": 0.0,
        "Gain On Sale Of Ppe": 0.0,
        "Gain On Sale Of Security": NaN,
        "Net Non Operating Interest Income Expense": NaN,
        "Total Other Finance Cost": NaN,
        "Interest Expense Non Operating": NaN,
        "Interest Income Non Operating": NaN,
        "Operating Income": NaN,
        "Operating Expense": NaN,
        "Other Operating Expenses": NaN,
        "Research And Development": NaN,
        "Selling General And Administration": NaN,
        "General And Administrative Expense": NaN,
        "Other Gand A": NaN,
        "Salaries And Wages": 132000.0,
        "Total Revenue": NaN,
        "Operating Revenue": NaN
    },
    "2023-12-31": {
        "Tax Effect Of Unusual Items": NaN,
        "Tax Rate For Calcs": NaN,
        "Normalized EBITDA": -3683000.0,
        "Total Unusual Items": NaN,
        "Total Unusual Items Excluding Goodwill": NaN,
        "Net Income From Continuing Operation Net Minority Interest": -3810000.0,
        "Reconciled Depreciation": 65000.0,
        "EBITDA": NaN,
        "EBIT": -3748000.0,
        "Net Interest Income": 48000.0,
        "Interest Expense": 62000.0,
        "Interest Income": 110000.0,
        "Normalized Income": -3810000.0,
        "Net Income From Continuing And Discontinued Operation": NaN,
        "Total Expenses": NaN,
        "Total Operating Income As Reported": NaN,
        "Diluted Average Shares": NaN,
        "Basic Average Shares": NaN,
        "Diluted EPS": NaN,
        "Basic EPS": NaN,
        "Diluted NI Availto Com Stockholders": NaN,
        "Net Income Common Stockholders": NaN,
        "Net Income": NaN,
        "Net Income Including Noncontrolling Interests": -3810000.0,
        "Net Income Continuous Operations": -3810000.0,
        "Pretax Income": NaN,
        "Other Income Expense": NaN,
        "Other Non Operating Income Expenses": NaN,
        "Special Income Charges": NaN,
        "Gain On Sale Of Ppe": NaN,
        "Gain On Sale Of Security": NaN,
        "Net Non Operating Interest Income Expense": NaN,
        "Total Other Finance Cost": NaN,
        "Interest Expense Non Operating": 62000.0,
        "Interest Income Non Operating": NaN,
        "Operating Income": -3860000.0,
        "Operating Expense": 3860000.0,
        "Other Operating Expenses": -1313000.0,
        "Research And Development": 2794000.0,
        "Selling General And Administration": NaN,
        "General And Administrative Expense": 2379000.0,
        "Other Gand A": NaN,
        "Salaries And Wages": NaN,
        "Total Revenue": NaN,
        "Operating Revenue": 0.0
    },
    "2024-03-31": {
        "Tax Effect Of Unusual Items": 0.0,
        "Tax Rate For Calcs": 0.0,
        "Normalized EBITDA": -3041000.0,
        "Total Unusual Items": NaN,
        "Total Unusual Items Excluding Goodwill": NaN,
        "Net Income From Continuing Operation Net Minority Interest": -3261000.0,
        "Reconciled Depreciation": 186000.0,
        "EBITDA": -3041000.0,
        "EBIT": -3227000.0,
        "Net Interest Income": 38000.0,
        "Interest Expense": 34000.0,
        "Interest Income": 72000.0,
        "Normalized Income": -3261000.0,
        "Net Income From Continuing And Discontinued Operation": -3261000.0,
        "Total Expenses": 3299000.0,
        "Total Operating Income As Reported": -3299000.0,
        "Diluted Average Shares": 4321731.0,
        "Basic Average Shares": 4321731.0,
        "Diluted EPS": -0.75,
        "Basic EPS": -0.75,
        "Diluted NI Availto Com Stockholders": -3261000.0,
        "Net Income Common Stockholders": -3261000.0,
        "Net Income": -3261000.0,
        "Net Income Including Noncontrolling Interests": -3261000.0,
        "Net Income Continuous Operations": -3261000.0,
        "Pretax Income": -3261000.0,
        "Other Income Expense": NaN,
        "Other Non Operating Income Expenses": NaN,
        "Special Income Charges": NaN,
        "Gain On Sale Of Ppe": NaN,
        "Gain On Sale Of Security": NaN,
        "Net Non Operating Interest Income Expense": 38000.0,
        "Total Other Finance Cost": NaN,
        "Interest Expense Non Operating": 34000.0,
        "Interest Income Non Operating": 72000.0,
        "Operating Income": -3299000.0,
        "Operating Expense": 3299000.0,
        "Other Operating Expenses": -1677000.0,
        "Research And Development": 2763000.0,
        "Selling General And Administration": 2213000.0,
        "General And Administrative Expense": 2213000.0,
        "Other Gand A": 2213000.0,
        "Salaries And Wages": NaN,
        "Total Revenue": 0.0,
        "Operating Revenue": 0.0
    },
    "2024-06-30": {
        "Tax Effect Of Unusual Items": 0.0,
        "Tax Rate For Calcs": 0.0,
        "Normalized EBITDA": -3860000.0,
        "Total Unusual Items": 4694000.0,
        "Total Unusual Items Excluding Goodwill": 4694000.0,
        "Net Income From Continuing Operation Net Minority Interest": -2940000.0,
        "Reconciled Depreciation": 202000.0,
        "EBITDA": 834000.0,
        "EBIT": 632000.0,
        "Net Interest Income": -3505000.0,
        "Interest Expense": 3572000.0,
        "Interest Income": 67000.0,
        "Normalized Income": -7634000.0,
        "Net Income From Continuing And Discontinued Operation": -2940000.0,
        "Total Expenses": 3697000.0,
        "Total Operating Income As Reported": -3697000.0,
        "Diluted Average Shares": 10742924.0,
        "Basic Average Shares": 6500831.0,
        "Diluted EPS": -0.71,
        "Basic EPS": -0.45,
        "Diluted NI Availto Com Stockholders": -2940000.0,
        "Net Income Common Stockholders": -2940000.0,
        "Net Income": -2940000.0,
        "Net Income Including Noncontrolling Interests": -2940000.0,
        "Net Income Continuous Operations": -2940000.0,
        "Pretax Income": -2940000.0,
        "Other Income Expense": 4262000.0,
        "Other Non Operating Income Expenses": -432000.0,
        "Special Income Charges": NaN,
        "Gain On Sale Of Ppe": NaN,
        "Gain On Sale Of Security": 4694000.0,
        "Net Non Operating Interest Income Expense": -3505000.0,
        "Total Other Finance Cost": 432000.0,
        "Interest Expense Non Operating": 3572000.0,
        "Interest Income Non Operating": 67000.0,
        "Operating Income": -3697000.0,
        "Operating Expense": 3697000.0,
        "Other Operating Expenses": -1279000.0,
        "Research And Development": 2773000.0,
        "Selling General And Administration": 2203000.0,
        "General And Administrative Expense": 2203000.0,
        "Other Gand A": 2203000.0,
        "Salaries And Wages": NaN,
        "Total Revenue": 0.0,
        "Operating Revenue": 0.0
    },
    "2024-09-30": {
        "Tax Effect Of Unusual Items": 0.0,
        "Tax Rate For Calcs": 0.0,
        "Normalized EBITDA": -3541000.0,
        "Total Unusual Items": 960000.0,
        "Total Unusual Items Excluding Goodwill": 960000.0,
        "Net Income From Continuing Operation Net Minority Interest": -2874000.0,
        "Reconciled Depreciation": 232000.0,
        "EBITDA": -2581000.0,
        "EBIT": -2813000.0,
        "Net Interest Income": 19000.0,
        "Interest Expense": 61000.0,
        "Interest Income": 80000.0,
        "Normalized Income": -3834000.0,
        "Net Income From Continuing And Discontinued Operation": -2874000.0,
        "Total Expenses": 3799000.0,
        "Total Operating Income As Reported": -3799000.0,
        "Diluted Average Shares": 7855763.0,
        "Basic Average Shares": 7855763.0,
        "Diluted EPS": -0.37,
        "Basic EPS": -0.37,
        "Diluted NI Availto Com Stockholders": -2874000.0,
        "Net Income Common Stockholders": -2874000.0,
        "Net Income": -2874000.0,
        "Net Income Including Noncontrolling Interests": -2874000.0,
        "Net Income Continuous Operations": -2874000.0,
        "Pretax Income": -2874000.0,
        "Other Income Expense": 906000.0,
        "Other Non Operating Income Expenses": -54000.0,
        "Special Income Charges": NaN,
        "Gain On Sale Of Ppe": NaN,
        "Gain On Sale Of Security": 960000.0,
        "Net Non Operating Interest Income Expense": 19000.0,
        "Total Other Finance Cost": 54000.0,
        "Interest Expense Non Operating": 61000.0,
        "Interest Income Non Operating": 80000.0,
        "Operating Income": -3799000.0,
        "Operating Expense": 3799000.0,
        "Other Operating Expenses": -1456000.0,
        "Research And Development": 2858000.0,
        "Selling General And Administration": 2397000.0,
        "General And Administrative Expense": 2397000.0,
        "Other Gand A": 2286000.0,
        "Salaries And Wages": 111000.0,
        "Total Revenue": 0.0,
        "Operating Revenue": 0.0
    },
    "2024-12-31": {
        "Tax Effect Of Unusual Items": 0.0,
        "Tax Rate For Calcs": 0.0,
        "Normalized EBITDA": -3743000.0,
        "Total Unusual Items": 0.0,
        "Total Unusual Items Excluding Goodwill": 0.0,
        "Net Income From Continuing Operation Net Minority Interest": -3903000.0,
        "Reconciled Depreciation": 103000.0,
        "EBITDA": -3743000.0,
        "EBIT": -3846000.0,
        "Net Interest Income": -3000.0,
        "Interest Expense": 57000.0,
        "Interest Income": 54000.0,
        "Normalized Income": -3903000.0,
        "Net Income From Continuing And Discontinued Operation": -3903000.0,
        "Total Expenses": 3900000.0,
        "Total Operating Income As Reported": -3900000.0,
        "Diluted Average Shares": NaN,
        "Basic Average Shares": NaN,
        "Diluted EPS": NaN,
        "Basic EPS": NaN,
        "Diluted NI Availto Com Stockholders": -3903000.0,
        "Net Income Common Stockholders": -3903000.0,
        "Net Income": -3903000.0,
        "Net Income Including Noncontrolling Interests": -3903000.0,
        "Net Income Continuous Operations": -3903000.0,
        "Pretax Income": -3903000.0,
        "Other Income Expense": 0.0,
        "Other Non Operating Income Expenses": 0.0,
        "Special Income Charges": NaN,
        "Gain On Sale Of Ppe": NaN,
        "Gain On Sale Of Security": 0.0,
        "Net Non Operating Interest Income Expense": -3000.0,
        "Total Other Finance Cost": NaN,
        "Interest Expense Non Operating": 57000.0,
        "Interest Income Non Operating": 54000.0,
        "Operating Income": -3900000.0,
        "Operating Expense": 3900000.0,
        "Other Operating Expenses": -1412000.0,
        "Research And Development": 2186000.0,
        "Selling General And Administration": 3126000.0,
        "General And Administrative Expense": 3126000.0,
        "Other Gand A": 3497000.0,
        "Salaries And Wages": NaN,
        "Total Revenue": 0.0,
        "Operating Revenue": 0.0
    },
    "2025-03-31": {
        "Tax Effect Of Unusual Items": 0.0,
        "Tax Rate For Calcs": 0.0,
        "Normalized EBITDA": -6600000.0,
        "Total Unusual Items": -10107000.0,
        "Total Unusual Items Excluding Goodwill": -10107000.0,
        "Net Income From Continuing Operation Net Minority Interest": -17401000.0,
        "Reconciled Depreciation": 146000.0,
        "EBITDA": -16707000.0,
        "EBIT": -16853000.0,
        "Net Interest Income": -3758000.0,
        "Interest Expense": 548000.0,
        "Interest Income": 1000.0,
        "Normalized Income": -7294000.0,
        "Net Income From Continuing And Discontinued Operation": -17401000.0,
        "Total Expenses": 3536000.0,
        "Total Operating Income As Reported": -3536000.0,
        "Diluted Average Shares": NaN,
        "Basic Average Shares": NaN,
        "Diluted EPS": NaN,
        "Basic EPS": NaN,
        "Diluted NI Availto Com Stockholders": -17401000.0,
        "Net Income Common Stockholders": -17401000.0,
        "Net Income": -17401000.0,
        "Net Income Including Noncontrolling Interests": -17401000.0,
        "Net Income Continuous Operations": -17401000.0,
        "Pretax Income": -17401000.0,
        "Other Income Expense": -10107000.0,
        "Other Non Operating Income Expenses": NaN,
        "Special Income Charges": NaN,
        "Gain On Sale Of Ppe": NaN,
        "Gain On Sale Of Security": -10107000.0,
        "Net Non Operating Interest Income Expense": -3758000.0,
        "Total Other Finance Cost": 3211000.0,
        "Interest Expense Non Operating": 548000.0,
        "Interest Income Non Operating": 1000.0,
        "Operating Income": -3536000.0,
        "Operating Expense": 3536000.0,
        "Other Operating Expenses": -1059000.0,
        "Research And Development": 1756000.0,
        "Selling General And Administration": 2839000.0,
        "General And Administrative Expense": 2839000.0,
        "Other Gand A": 2698000.0,
        "Salaries And Wages": 141000.0,
        "Total Revenue": 0.0,
        "Operating Revenue": 0.0
    }
}