{
    "2023-03-31": {
        "Tax Effect Of Unusual Items": NaN,
        "Tax Rate For Calcs": NaN,
        "Normalized EBITDA": NaN,
        "Total Unusual Items": NaN,
        "Total Unusual Items Excluding Goodwill": NaN,
        "Net Income From Continuing Operation Net Minority Interest": NaN,
        "Reconciled Depreciation": NaN,
        "Reconciled Cost Of Revenue": NaN,
        "EBITDA": NaN,
        "EBIT": NaN,
        "Net Interest Income": NaN,
        "Interest Expense": NaN,
        "Normalized Income": NaN,
        "Net Income From Continuing And Discontinued Operation": NaN,
        "Total Expenses": NaN,
        "Diluted Average Shares": NaN,
        "Basic Average Shares": NaN,
        "Diluted EPS": NaN,
        "Basic EPS": NaN,
        "Diluted NI Availto Com Stockholders": NaN,
        "Average Dilution Earnings": NaN,
        "Net Income Common Stockholders": NaN,
        "Otherunder Preferred Stock Dividend": NaN,
        "Net Income": NaN,
        "Minority Interests": NaN,
        "Net Income Including Noncontrolling Interests": NaN,
        "Net Income Continuous Operations": NaN,
        "Tax Provision": NaN,
        "Pretax Income": NaN,
        "Other Income Expense": NaN,
        "Other Non Operating Income Expenses": NaN,
        "Special Income Charges": NaN,
        "Gain On Sale Of Ppe": NaN,
        "Write Off": NaN,
        "Impairment Of Capital Assets": 8000000.0,
        "Earnings From Equity Interest": NaN,
        "Gain On Sale Of Security": NaN,
        "Net Non Operating Interest Income Expense": NaN,
        "Interest Expense Non Operating": NaN,
        "Operating Income": NaN,
        "Operating Expense": NaN,
        "Other Operating Expenses": NaN,
        "Other Taxes": NaN,
        "Selling General And Administration": NaN,
        "Gross Profit": NaN,
        "Cost Of Revenue": NaN,
        "Total Revenue": NaN,
        "Operating Revenue": NaN
    },
    "2022-12-31": {
        "Tax Effect Of Unusual Items": NaN,
        "Tax Rate For Calcs": NaN,
        "Normalized EBITDA": NaN,
        "Total Unusual Items": NaN,
        "Total Unusual Items Excluding Goodwill": NaN,
        "Net Income From Continuing Operation Net Minority Interest": NaN,
        "Reconciled Depreciation": NaN,
        "Reconciled Cost Of Revenue": NaN,
        "EBITDA": NaN,
        "EBIT": NaN,
        "Net Interest Income": NaN,
        "Interest Expense": NaN,
        "Normalized Income": NaN,
        "Net Income From Continuing And Discontinued Operation": NaN,
        "Total Expenses": NaN,
        "Diluted Average Shares": NaN,
        "Basic Average Shares": NaN,
        "Diluted EPS": NaN,
        "Basic EPS": NaN,
        "Diluted NI Availto Com Stockholders": NaN,
        "Average Dilution Earnings": NaN,
        "Net Income Common Stockholders": NaN,
        "Otherunder Preferred Stock Dividend": NaN,
        "Net Income": NaN,
        "Minority Interests": NaN,
        "Net Income Including Noncontrolling Interests": NaN,
        "Net Income Continuous Operations": NaN,
        "Tax Provision": NaN,
        "Pretax Income": NaN,
        "Other Income Expense": NaN,
        "Other Non Operating Income Expenses": NaN,
        "Special Income Charges": NaN,
        "Gain On Sale Of Ppe": NaN,
        "Write Off": NaN,
        "Impairment Of Capital Assets": 12000000.0,
        "Earnings From Equity Interest": NaN,
        "Gain On Sale Of Security": NaN,
        "Net Non Operating Interest Income Expense": NaN,
        "Interest Expense Non Operating": NaN,
        "Operating Income": NaN,
        "Operating Expense": NaN,
        "Other Operating Expenses": NaN,
        "Other Taxes": NaN,
        "Selling General And Administration": NaN,
        "Gross Profit": NaN,
        "Cost Of Revenue": NaN,
        "Total Revenue": NaN,
        "Operating Revenue": NaN
    },
    "2022-09-30": {
        "Tax Effect Of Unusual Items": -904000.0,
        "Tax Rate For Calcs": 0.226,
        "Normalized EBITDA": 7755000000.0,
        "Total Unusual Items": -4000000.0,
        "Total Unusual Items Excluding Goodwill": -4000000.0,
        "Net Income From Continuing Operation Net Minority Interest": 5391000000.0,
        "Reconciled Depreciation": 430000000.0,
        "Reconciled Cost Of Revenue": 39076000000.0,
        "EBITDA": 7751000000.0,
        "EBIT": 7321000000.0,
        "Net Interest Income": -163000000.0,
        "Interest Expense": 163000000.0,
        "Normalized Income": 5394096000.0,
        "Net Income From Continuing And Discontinued Operation": 5391000000.0,
        "Total Expenses": 41438000000.0,
        "Diluted Average Shares": 483036000.0,
        "Basic Average Shares": 481388000.0,
        "Diluted EPS": 11.16,
        "Basic EPS": 11.19,
        "Diluted NI Availto Com Stockholders": 5391000000.0,
        "Average Dilution Earnings": 3000000.0,
        "Net Income Common Stockholders": 5391000000.0,
        "Otherunder Preferred Stock Dividend": 3000000.0,
        "Net Income": 5391000000.0,
        "Minority Interests": -149000000.0,
        "Net Income Including Noncontrolling Interests": 5540000000.0,
        "Net Income Continuous Operations": 5540000000.0,
        "Tax Provision": 1618000000.0,
        "Pretax Income": 7158000000.0,
        "Other Income Expense": 3804000000.0,
        "Other Non Operating Income Expenses": 3026000000.0,
        "Special Income Charges": 1000000.0,
        "Gain On Sale Of Ppe": 1000000.0,
        "Write Off": 0.0,
        "Impairment Of Capital Assets": 0.0,
        "Earnings From Equity Interest": 782000000.0,
        "Gain On Sale Of Security": -5000000.0,
        "Net Non Operating Interest Income Expense": -163000000.0,
        "Interest Expense Non Operating": 163000000.0,
        "Operating Income": 3517000000.0,
        "Operating Expense": 2362000000.0,
        "Other Operating Expenses": 1612000000.0,
        "Other Taxes": 133000000.0,
        "Selling General And Administration": 617000000.0,
        "Gross Profit": 5879000000.0,
        "Cost Of Revenue": 39076000000.0,
        "Total Revenue": 44955000000.0,
        "Operating Revenue": 44955000000.0
    },
    "2022-06-30": {
        "Tax Effect Of Unusual Items": -5290000.0,
        "Tax Rate For Calcs": 0.23,
        "Normalized EBITDA": 4627000000.0,
        "Total Unusual Items": -23000000.0,
        "Total Unusual Items Excluding Goodwill": -23000000.0,
        "Net Income From Continuing Operation Net Minority Interest": 3167000000.0,
        "Reconciled Depreciation": 359000000.0,
        "Reconciled Cost Of Revenue": 43004000000.0,
        "EBITDA": 4604000000.0,
        "EBIT": 4245000000.0,
        "Net Interest Income": -139000000.0,
        "Interest Expense": 139000000.0,
        "Normalized Income": 3184710000.0,
        "Net Income From Continuing And Discontinued Operation": 3167000000.0,
        "Total Expenses": 45041000000.0,
        "Diluted Average Shares": 485035000.0,
        "Basic Average Shares": 483088000.0,
        "Diluted EPS": 6.53,
        "Basic EPS": 6.55,
        "Diluted NI Availto Com Stockholders": 3167000000.0,
        "Average Dilution Earnings": 3000000.0,
        "Net Income Common Stockholders": 3164000000.0,
        "Otherunder Preferred Stock Dividend": 3000000.0,
        "Net Income": 3167000000.0,
        "Minority Interests": -15000000.0,
        "Net Income Including Noncontrolling Interests": 3182000000.0,
        "Net Income Continuous Operations": 3182000000.0,
        "Tax Provision": 924000000.0,
        "Pretax Income": 4106000000.0,
        "Other Income Expense": 709000000.0,
        "Other Non Operating Income Expenses": -185000000.0,
        "Special Income Charges": -2000000.0,
        "Gain On Sale Of Ppe": 0.0,
        "Write Off": NaN,
        "Impairment Of Capital Assets": 2000000.0,
        "Earnings From Equity Interest": 917000000.0,
        "Gain On Sale Of Security": -21000000.0,
        "Net Non Operating Interest Income Expense": -139000000.0,
        "Interest Expense Non Operating": 139000000.0,
        "Operating Income": 3536000000.0,
        "Operating Expense": 2037000000.0,
        "Other Operating Expenses": 1431000000.0,
        "Other Taxes": 118000000.0,
        "Selling General And Administration": 488000000.0,
        "Gross Profit": 5573000000.0,
        "Cost Of Revenue": 43004000000.0,
        "Total Revenue": 48577000000.0,
        "Operating Revenue": 48577000000.0
    },
    "2023-06-30": {
        "Tax Effect Of Unusual Items": NaN,
        "Tax Rate For Calcs": NaN,
        "Normalized EBITDA": NaN,
        "Total Unusual Items": NaN,
        "Total Unusual Items Excluding Goodwill": NaN,
        "Net Income From Continuing Operation Net Minority Interest": NaN,
        "Reconciled Depreciation": NaN,
        "Reconciled Cost Of Revenue": NaN,
        "EBITDA": NaN,
        "EBIT": NaN,
        "Net Interest Income": NaN,
        "Interest Expense": NaN,
        "Normalized Income": NaN,
        "Net Income From Continuing And Discontinued Operation": NaN,
        "Total Expenses": NaN,
        "Diluted Average Shares": NaN,
        "Basic Average Shares": NaN,
        "Diluted EPS": NaN,
        "Basic EPS": NaN,
        "Diluted NI Availto Com Stockholders": NaN,
        "Average Dilution Earnings": 2000000.0,
        "Net Income Common Stockholders": NaN,
        "Otherunder Preferred Stock Dividend": NaN,
        "Net Income": NaN,
        "Minority Interests": NaN,
        "Net Income Including Noncontrolling Interests": NaN,
        "Net Income Continuous Operations": NaN,
        "Tax Provision": NaN,
        "Pretax Income": NaN,
        "Other Income Expense": NaN,
        "Other Non Operating Income Expenses": NaN,
        "Special Income Charges": NaN,
        "Gain On Sale Of Ppe": NaN,
        "Write Off": NaN,
        "Impairment Of Capital Assets": NaN,
        "Earnings From Equity Interest": NaN,
        "Gain On Sale Of Security": NaN,
        "Net Non Operating Interest Income Expense": NaN,
        "Interest Expense Non Operating": NaN,
        "Operating Income": NaN,
        "Operating Expense": NaN,
        "Other Operating Expenses": NaN,
        "Other Taxes": NaN,
        "Selling General And Administration": NaN,
        "Gross Profit": NaN,
        "Cost Of Revenue": NaN,
        "Total Revenue": NaN,
        "Operating Revenue": NaN
    },
    "2022-03-31": {
        "Diluted EPS": 1.29,
        "Total Revenue": NaN,
        "Gross Profit": NaN,
        "Operating Income": 276,
        "EBIT": 620,
        "Net Income": 582
    },
    "2021-12-31": {
        "Diluted EPS": 2.89,
        "Total Revenue": NaN,
        "Gross Profit": NaN,
        "Operating Income": 967,
        "EBIT": NaN,
        "Net Income": NaN
    },
    "2021-09-30": {
        "Diluted EPS": 0.91,
        "Total Revenue": NaN,
        "Gross Profit": NaN,
        "Operating Income": -379,
        "EBIT": -12,
        "Net Income": 402
    },
    "2021-06-30": {
        "Diluted EPS": 0.66,
        "Total Revenue": NaN,
        "Gross Profit": NaN,
        "Operating Income": -260,
        "EBIT": 110,
        "Net Income": 296
    },
    "2021-03-31": {
        "Diluted EPS": -1.49,
        "Total Revenue": NaN,
        "Gross Profit": NaN,
        "Operating Income": -910,
        "EBIT": -548,
        "Net Income": -654
    },
    "2020-12-31": {
        "Diluted EPS": -1.25,
        "Total Revenue": NaN,
        "Gross Profit": NaN,
        "Operating Income": -870,
        "EBIT": -507,
        "Net Income": -539
    },
    "2020-09-30": {
        "Diluted EPS": -1.82,
        "Total Revenue": NaN,
        "Gross Profit": NaN,
        "Operating Income": NaN,
        "EBIT": NaN,
        "Net Income": -799
    },
    "2020-06-30": {
        "Diluted EPS": -0.33,
        "Total Revenue": NaN,
        "Gross Profit": NaN,
        "Operating Income": -479,
        "EBIT": -131,
        "Net Income": -141
    },
    "2020-03-31": {
        "Diluted EPS": -5.66,
        "Total Revenue": NaN,
        "Gross Profit": NaN,
        "Operating Income": NaN,
        "EBIT": NaN,
        "Net Income": NaN
    },
    "2019-12-31": {
        "Diluted EPS": 1.63,
        "Total Revenue": NaN,
        "Gross Profit": NaN,
        "Operating Income": 717,
        "EBIT": NaN,
        "Net Income": 736
    },
    "2019-09-30": {
        "Diluted EPS": 1.58,
        "Total Revenue": NaN,
        "Gross Profit": NaN,
        "Operating Income": 544,
        "EBIT": 886,
        "Net Income": 712
    },
    "2019-06-30": {
        "Diluted EPS": 3.12,
        "Total Revenue": NaN,
        "Gross Profit": NaN,
        "Operating Income": NaN,
        "EBIT": NaN,
        "Net Income": NaN
    },
    "2019-03-31": {
        "Diluted EPS": 0.44,
        "Total Revenue": NaN,
        "Gross Profit": NaN,
        "Operating Income": -52,
        "EBIT": 285,
        "Net Income": 204
    },
    "2018-12-31": {
        "Diluted EPS": 4.71,
        "Total Revenue": NaN,
        "Gross Profit": NaN,
        "Operating Income": NaN,
        "EBIT": NaN,
        "Net Income": NaN
    },
    "2018-09-30": {
        "Diluted EPS": 3.18,
        "Total Revenue": NaN,
        "Gross Profit": NaN,
        "Operating Income": NaN,
        "EBIT": NaN,
        "Net Income": NaN
    },
    "2018-06-30": {
        "Diluted EPS": 2.84,
        "Total Revenue": NaN,
        "Gross Profit": NaN,
        "Operating Income": NaN,
        "EBIT": NaN,
        "Net Income": NaN
    },
    "2018-03-31": {
        "Diluted EPS": 1.07,
        "Total Revenue": NaN,
        "Gross Profit": NaN,
        "Operating Income": 400,
        "EBIT": 742,
        "Net Income": 524
    },
    "2017-12-31": {
        "Diluted EPS": 6.17,
        "Total Revenue": NaN,
        "Gross Profit": NaN,
        "Operating Income": 387,
        "EBIT": 739,
        "Net Income": NaN
    },
    "2017-09-30": {
        "Diluted EPS": 1.6,
        "Total Revenue": NaN,
        "Gross Profit": NaN,
        "Operating Income": 845,
        "EBIT": NaN,
        "Net Income": 823
    },
    "2017-06-30": {
        "Diluted EPS": 1.06,
        "Total Revenue": NaN,
        "Gross Profit": NaN,
        "Operating Income": 493,
        "EBIT": 819,
        "Net Income": 550
    },
    "2017-03-31": {
        "Diluted EPS": 1.02,
        "Total Revenue": NaN,
        "Gross Profit": NaN,
        "Operating Income": 536,
        "EBIT": 856,
        "Net Income": 535
    },
    "2016-12-31": {
        "Diluted EPS": 0.31,
        "Total Revenue": NaN,
        "Gross Profit": NaN,
        "Operating Income": -104,
        "EBIT": 207,
        "Net Income": 163
    },
    "2016-09-30": {
        "Diluted EPS": 0.96,
        "Total Revenue": NaN,
        "Gross Profit": NaN,
        "Operating Income": 494,
        "EBIT": 792,
        "Net Income": 511
    },
    "2016-06-30": {
        "Diluted EPS": 0.93,
        "Total Revenue": NaN,
        "Gross Profit": NaN,
        "Operating Income": 368,
        "EBIT": 663,
        "Net Income": 496
    },
    "2016-03-31": {
        "Diluted EPS": 0.72,
        "Total Revenue": NaN,
        "Gross Profit": NaN,
        "Operating Income": 342,
        "EBIT": 627,
        "Net Income": 385
    },
    "2015-12-31": {
        "Diluted EPS": 1.2,
        "Total Revenue": NaN,
        "Gross Profit": NaN,
        "Operating Income": 778,
        "EBIT": NaN,
        "Net Income": 650
    },
    "2015-09-30": {
        "Diluted EPS": 2.9,
        "Total Revenue": NaN,
        "Gross Profit": NaN,
        "Operating Income": NaN,
        "EBIT": NaN,
        "Net Income": NaN
    },
    "2015-06-30": {
        "Diluted EPS": 1.84,
        "Total Revenue": NaN,
        "Gross Profit": NaN,
        "Operating Income": NaN,
        "EBIT": NaN,
        "Net Income": NaN
    },
    "2015-03-31": {
        "Diluted EPS": 1.79,
        "Total Revenue": NaN,
        "Gross Profit": NaN,
        "Operating Income": NaN,
        "EBIT": NaN,
        "Net Income": 987
    },
    "2014-12-31": {
        "Diluted EPS": 2.06,
        "Total Revenue": NaN,
        "Gross Profit": NaN,
        "Operating Income": NaN,
        "EBIT": NaN,
        "Net Income": NaN
    },
    "2014-09-30": {
        "Diluted EPS": 2.09,
        "Total Revenue": NaN,
        "Gross Profit": NaN,
        "Operating Income": NaN,
        "EBIT": NaN,
        "Net Income": NaN
    },
    "2014-06-30": {
        "Diluted EPS": 1.51,
        "Total Revenue": NaN,
        "Gross Profit": NaN,
        "Operating Income": 690,
        "EBIT": 935,
        "Net Income": 863
    },
    "2014-03-31": {
        "Diluted EPS": 2.67,
        "Total Revenue": NaN,
        "Gross Profit": NaN,
        "Operating Income": 569,
        "EBIT": 809,
        "Net Income": NaN
    },
    "2013-12-31": {
        "Diluted EPS": 1.39,
        "Total Revenue": NaN,
        "Gross Profit": NaN,
        "Operating Income": 486,
        "EBIT": 735,
        "Net Income": 826
    },
    "2013-09-30": {
        "Diluted EPS": 0.87,
        "Total Revenue": NaN,
        "Gross Profit": NaN,
        "Operating Income": 225,
        "EBIT": 464,
        "Net Income": 535
    },
    "2013-06-30": {
        "Diluted EPS": 1.53,
        "Total Revenue": NaN,
        "Gross Profit": NaN,
        "Operating Income": 886,
        "EBIT": NaN,
        "Net Income": 958
    },
    "2013-03-31": {
        "Diluted EPS": 2.23,
        "Total Revenue": NaN,
        "Gross Profit": NaN,
        "Operating Income": NaN,
        "EBIT": NaN,
        "Net Income": NaN
    },
    "2012-12-31": {
        "Diluted EPS": 1.11,
        "Total Revenue": NaN,
        "Gross Profit": NaN,
        "Operating Income": 588,
        "EBIT": 832,
        "Net Income": 709
    },
    "2012-09-30": {
        "Diluted EPS": 2.51,
        "Total Revenue": NaN,
        "Gross Profit": NaN,
        "Operating Income": NaN,
        "EBIT": NaN,
        "Net Income": NaN
    },
    "2012-06-30": {
        "Diluted EPS": 1.86,
        "Total Revenue": NaN,
        "Gross Profit": NaN,
        "Operating Income": NaN,
        "EBIT": NaN,
        "Net Income": NaN
    },
    "2012-03-31": {
        "Diluted EPS": 1.0,
        "Total Revenue": NaN,
        "Gross Profit": NaN,
        "Operating Income": 333,
        "EBIT": 554,
        "Net Income": 636
    },
    "2011-12-31": {
        "Diluted EPS": 3.17,
        "Total Revenue": NaN,
        "Gross Profit": NaN,
        "Operating Income": NaN,
        "EBIT": NaN,
        "Net Income": NaN
    },
    "2011-09-30": {
        "Diluted EPS": 1.65,
        "Total Revenue": NaN,
        "Gross Profit": NaN,
        "Operating Income": 716,
        "EBIT": 943,
        "Net Income": NaN
    },
    "2011-06-30": {
        "Diluted EPS": 1.64,
        "Total Revenue": NaN,
        "Gross Profit": NaN,
        "Operating Income": 816,
        "EBIT": NaN,
        "Net Income": NaN
    },
    "2011-03-31": {
        "Diluted EPS": 0.0,
        "Total Revenue": NaN,
        "Gross Profit": NaN,
        "Operating Income": 366,
        "EBIT": 590,
        "Net Income": 676
    },
    "2010-12-31": {
        "Diluted EPS": 0.0,
        "Total Revenue": NaN,
        "Gross Profit": NaN,
        "Operating Income": NaN,
        "EBIT": NaN,
        "Net Income": NaN
    },
    "2009-12-31": {
        "Diluted EPS": 0.0,
        "Total Revenue": NaN,
        "Gross Profit": NaN,
        "Operating Income": NaN,
        "EBIT": NaN,
        "Net Income": NaN
    },
    "2023-09-30": {
        "Tax Effect Of Unusual Items": NaN,
        "Tax Rate For Calcs": NaN,
        "Normalized EBITDA": NaN,
        "Total Unusual Items": NaN,
        "Total Unusual Items Excluding Goodwill": NaN,
        "Net Income From Continuing Operation Net Minority Interest": NaN,
        "Reconciled Depreciation": NaN,
        "Reconciled Cost Of Revenue": NaN,
        "EBITDA": NaN,
        "EBIT": NaN,
        "Net Interest Income": NaN,
        "Interest Expense": NaN,
        "Normalized Income": NaN,
        "Net Income From Continuing And Discontinued Operation": NaN,
        "Total Expenses": NaN,
        "Diluted Average Shares": NaN,
        "Basic Average Shares": NaN,
        "Diluted EPS": NaN,
        "Basic EPS": NaN,
        "Diluted NI Availto Com Stockholders": NaN,
        "Average Dilution Earnings": 2000000.0,
        "Net Income Common Stockholders": NaN,
        "Otherunder Preferred Stock Dividend": NaN,
        "Net Income": NaN,
        "Minority Interests": NaN,
        "Net Income Including Noncontrolling Interests": NaN,
        "Net Income Continuous Operations": NaN,
        "Tax Provision": NaN,
        "Pretax Income": NaN,
        "Other Income Expense": NaN,
        "Other Non Operating Income Expenses": NaN,
        "Special Income Charges": NaN,
        "Gain On Sale Of Ppe": NaN,
        "Write Off": NaN,
        "Impairment Of Capital Assets": 3000000.0,
        "Earnings From Equity Interest": NaN,
        "Gain On Sale Of Security": NaN,
        "Net Non Operating Interest Income Expense": NaN,
        "Interest Expense Non Operating": NaN,
        "Operating Income": NaN,
        "Operating Expense": NaN,
        "Other Operating Expenses": NaN,
        "Other Taxes": NaN,
        "Selling General And Administration": NaN,
        "Gross Profit": NaN,
        "Cost Of Revenue": NaN,
        "Total Revenue": NaN,
        "Operating Revenue": NaN
    },
    "2023-12-31": {
        "Tax Effect Of Unusual Items": NaN,
        "Tax Rate For Calcs": NaN,
        "Normalized EBITDA": NaN,
        "Total Unusual Items": NaN,
        "Total Unusual Items Excluding Goodwill": NaN,
        "Net Income From Continuing Operation Net Minority Interest": NaN,
        "Reconciled Depreciation": NaN,
        "Reconciled Cost Of Revenue": NaN,
        "EBITDA": NaN,
        "EBIT": NaN,
        "Net Interest Income": NaN,
        "Interest Expense": NaN,
        "Normalized Income": NaN,
        "Net Income From Continuing And Discontinued Operation": NaN,
        "Total Expenses": NaN,
        "Diluted Average Shares": NaN,
        "Basic Average Shares": NaN,
        "Diluted EPS": NaN,
        "Basic EPS": NaN,
        "Diluted NI Availto Com Stockholders": NaN,
        "Average Dilution Earnings": NaN,
        "Net Income Common Stockholders": NaN,
        "Otherunder Preferred Stock Dividend": NaN,
        "Net Income": NaN,
        "Minority Interests": NaN,
        "Net Income Including Noncontrolling Interests": NaN,
        "Net Income Continuous Operations": NaN,
        "Tax Provision": NaN,
        "Pretax Income": NaN,
        "Other Income Expense": NaN,
        "Other Non Operating Income Expenses": NaN,
        "Special Income Charges": NaN,
        "Gain On Sale Of Ppe": NaN,
        "Write Off": NaN,
        "Impairment Of Capital Assets": -2000000.0,
        "Earnings From Equity Interest": NaN,
        "Gain On Sale Of Security": NaN,
        "Net Non Operating Interest Income Expense": NaN,
        "Interest Expense Non Operating": NaN,
        "Operating Income": NaN,
        "Operating Expense": NaN,
        "Other Operating Expenses": NaN,
        "Other Taxes": NaN,
        "Selling General And Administration": NaN,
        "Gross Profit": NaN,
        "Cost Of Revenue": NaN,
        "Total Revenue": NaN,
        "Operating Revenue": NaN
    },
    "2024-03-31": {
        "Tax Effect Of Unusual Items": NaN,
        "Tax Rate For Calcs": NaN,
        "Normalized EBITDA": NaN,
        "Total Unusual Items": NaN,
        "Total Unusual Items Excluding Goodwill": NaN,
        "Net Income From Continuing Operation Net Minority Interest": NaN,
        "Reconciled Depreciation": NaN,
        "Reconciled Cost Of Revenue": NaN,
        "EBITDA": NaN,
        "EBIT": NaN,
        "Net Interest Income": NaN,
        "Interest Expense": NaN,
        "Normalized Income": NaN,
        "Net Income From Continuing And Discontinued Operation": NaN,
        "Total Expenses": NaN,
        "Diluted Average Shares": NaN,
        "Basic Average Shares": NaN,
        "Diluted EPS": NaN,
        "Basic EPS": NaN,
        "Diluted NI Availto Com Stockholders": NaN,
        "Average Dilution Earnings": 1000000.0,
        "Net Income Common Stockholders": NaN,
        "Otherunder Preferred Stock Dividend": NaN,
        "Net Income": NaN,
        "Minority Interests": NaN,
        "Net Income Including Noncontrolling Interests": NaN,
        "Net Income Continuous Operations": NaN,
        "Tax Provision": NaN,
        "Pretax Income": NaN,
        "Other Income Expense": NaN,
        "Other Non Operating Income Expenses": NaN,
        "Special Income Charges": NaN,
        "Gain On Sale Of Ppe": NaN,
        "Write Off": NaN,
        "Impairment Of Capital Assets": 165000000.0,
        "Earnings From Equity Interest": NaN,
        "Gain On Sale Of Security": NaN,
        "Net Non Operating Interest Income Expense": NaN,
        "Interest Expense Non Operating": NaN,
        "Operating Income": NaN,
        "Operating Expense": NaN,
        "Other Operating Expenses": NaN,
        "Other Taxes": NaN,
        "Selling General And Administration": NaN,
        "Gross Profit": NaN,
        "Cost Of Revenue": NaN,
        "Total Revenue": NaN,
        "Operating Revenue": NaN
    },
    "2024-06-30": {
        "Tax Effect Of Unusual Items": NaN,
        "Tax Rate For Calcs": NaN,
        "Normalized EBITDA": NaN,
        "Total Unusual Items": NaN,
        "Total Unusual Items Excluding Goodwill": NaN,
        "Net Income From Continuing Operation Net Minority Interest": NaN,
        "Reconciled Depreciation": NaN,
        "Reconciled Cost Of Revenue": NaN,
        "EBITDA": NaN,
        "EBIT": NaN,
        "Net Interest Income": NaN,
        "Interest Expense": NaN,
        "Normalized Income": NaN,
        "Net Income From Continuing And Discontinued Operation": NaN,
        "Total Expenses": NaN,
        "Diluted Average Shares": NaN,
        "Basic Average Shares": NaN,
        "Diluted EPS": NaN,
        "Basic EPS": NaN,
        "Diluted NI Availto Com Stockholders": NaN,
        "Average Dilution Earnings": 2000000.0,
        "Net Income Common Stockholders": NaN,
        "Otherunder Preferred Stock Dividend": NaN,
        "Net Income": NaN,
        "Minority Interests": NaN,
        "Net Income Including Noncontrolling Interests": NaN,
        "Net Income Continuous Operations": NaN,
        "Tax Provision": NaN,
        "Pretax Income": NaN,
        "Other Income Expense": NaN,
        "Other Non Operating Income Expenses": NaN,
        "Special Income Charges": NaN,
        "Gain On Sale Of Ppe": NaN,
        "Write Off": NaN,
        "Impairment Of Capital Assets": NaN,
        "Earnings From Equity Interest": NaN,
        "Gain On Sale Of Security": NaN,
        "Net Non Operating Interest Income Expense": NaN,
        "Interest Expense Non Operating": NaN,
        "Operating Income": NaN,
        "Operating Expense": NaN,
        "Other Operating Expenses": NaN,
        "Other Taxes": NaN,
        "Selling General And Administration": NaN,
        "Gross Profit": NaN,
        "Cost Of Revenue": NaN,
        "Total Revenue": NaN,
        "Operating Revenue": NaN
    },
    "2024-09-30": {
        "Tax Effect Of Unusual Items": -3080000.0,
        "Tax Rate For Calcs": 0.11,
        "Normalized EBITDA": 1221000000.0,
        "Total Unusual Items": -28000000.0,
        "Total Unusual Items Excluding Goodwill": -28000000.0,
        "Net Income From Continuing Operation Net Minority Interest": 346000000.0,
        "Reconciled Depreciation": 543000000.0,
        "Reconciled Cost Of Revenue": 32737000000.0,
        "EBITDA": 1193000000.0,
        "EBIT": 650000000.0,
        "Net Interest Income": -237000000.0,
        "Interest Expense": 237000000.0,
        "Normalized Income": 370920000.0,
        "Net Income From Continuing And Discontinued Operation": 346000000.0,
        "Total Expenses": 35483000000.0,
        "Diluted Average Shares": 418803000.0,
        "Basic Average Shares": 417305000.0,
        "Diluted EPS": 0.82,
        "Basic EPS": 0.82,
        "Diluted NI Availto Com Stockholders": 346000000.0,
        "Average Dilution Earnings": 3000000.0,
        "Net Income Common Stockholders": 343000000.0,
        "Otherunder Preferred Stock Dividend": 3000000.0,
        "Net Income": 346000000.0,
        "Minority Interests": -23000000.0,
        "Net Income Including Noncontrolling Interests": 369000000.0,
        "Net Income Continuous Operations": 369000000.0,
        "Tax Provision": 44000000.0,
        "Pretax Income": 413000000.0,
        "Other Income Expense": 605000000.0,
        "Other Non Operating Income Expenses": 84000000.0,
        "Special Income Charges": -27000000.0,
        "Gain On Sale Of Ppe": 2000000.0,
        "Write Off": 29000000.0,
        "Impairment Of Capital Assets": NaN,
        "Earnings From Equity Interest": 549000000.0,
        "Gain On Sale Of Security": -1000000.0,
        "Net Non Operating Interest Income Expense": -237000000.0,
        "Interest Expense Non Operating": 237000000.0,
        "Operating Income": 45000000.0,
        "Operating Expense": 2746000000.0,
        "Other Operating Expenses": 1499000000.0,
        "Other Taxes": 53000000.0,
        "Selling General And Administration": 1194000000.0,
        "Gross Profit": 2791000000.0,
        "Cost Of Revenue": 32737000000.0,
        "Total Revenue": 35528000000.0,
        "Operating Revenue": 35528000000.0
    },
    "2024-12-31": {
        "Tax Effect Of Unusual Items": 19110000.0,
        "Tax Rate For Calcs": 0.21,
        "Normalized EBITDA": 948000000.0,
        "Total Unusual Items": 91000000.0,
        "Total Unusual Items Excluding Goodwill": 91000000.0,
        "Net Income From Continuing Operation Net Minority Interest": 8000000.0,
        "Reconciled Depreciation": 819000000.0,
        "Reconciled Cost Of Revenue": 31573000000.0,
        "EBITDA": 1039000000.0,
        "EBIT": 220000000.0,
        "Net Interest Income": -75000000.0,
        "Interest Expense": 233000000.0,
        "Normalized Income": -63890000.0,
        "Net Income From Continuing And Discontinued Operation": 8000000.0,
        "Total Expenses": 33727000000.0,
        "Diluted Average Shares": 412962000.0,
        "Basic Average Shares": 411687000.0,
        "Diluted EPS": 0.01,
        "Basic EPS": 0.01,
        "Diluted NI Availto Com Stockholders": -2000000.0,
        "Average Dilution Earnings": NaN,
        "Net Income Common Stockholders": 6000000.0,
        "Otherunder Preferred Stock Dividend": 2000000.0,
        "Net Income": 8000000.0,
        "Minority Interests": -17000000.0,
        "Net Income Including Noncontrolling Interests": 25000000.0,
        "Net Income Continuous Operations": 25000000.0,
        "Tax Provision": -38000000.0,
        "Pretax Income": -13000000.0,
        "Other Income Expense": 104000000.0,
        "Other Non Operating Income Expenses": -202000000.0,
        "Special Income Charges": 45000000.0,
        "Gain On Sale Of Ppe": 82000000.0,
        "Write Off": 37000000.0,
        "Impairment Of Capital Assets": NaN,
        "Earnings From Equity Interest": 215000000.0,
        "Gain On Sale Of Security": 46000000.0,
        "Net Non Operating Interest Income Expense": -75000000.0,
        "Interest Expense Non Operating": 233000000.0,
        "Operating Income": -42000000.0,
        "Operating Expense": 2154000000.0,
        "Other Operating Expenses": 1581000000.0,
        "Other Taxes": 62000000.0,
        "Selling General And Administration": 511000000.0,
        "Gross Profit": 2112000000.0,
        "Cost Of Revenue": 31573000000.0,
        "Total Revenue": 33685000000.0,
        "Operating Revenue": 33685000000.0
    },
    "2025-03-31": {
        "Tax Effect Of Unusual Items": 202730000.0,
        "Tax Rate For Calcs": 0.19,
        "Normalized EBITDA": 605000000.0,
        "Total Unusual Items": 1067000000.0,
        "Total Unusual Items Excluding Goodwill": 1067000000.0,
        "Net Income From Continuing Operation Net Minority Interest": 487000000.0,
        "Reconciled Depreciation": 791000000.0,
        "Reconciled Cost Of Revenue": 28451000000.0,
        "EBITDA": 1672000000.0,
        "EBIT": 881000000.0,
        "Net Interest Income": -233000000.0,
        "Interest Expense": 233000000.0,
        "Normalized Income": -377270000.0,
        "Net Income From Continuing And Discontinued Operation": 487000000.0,
        "Total Expenses": 30825000000.0,
        "Diluted Average Shares": 410505000.0,
        "Basic Average Shares": 409182000.0,
        "Diluted EPS": 1.18,
        "Basic EPS": 1.19,
        "Diluted NI Availto Com Stockholders": 485000000.0,
        "Average Dilution Earnings": NaN,
        "Net Income Common Stockholders": 485000000.0,
        "Otherunder Preferred Stock Dividend": 2000000.0,
        "Net Income": 487000000.0,
        "Minority Interests": -39000000.0,
        "Net Income Including Noncontrolling Interests": 526000000.0,
        "Net Income Continuous Operations": 526000000.0,
        "Tax Provision": 122000000.0,
        "Pretax Income": 648000000.0,
        "Other Income Expense": 1276000000.0,
        "Other Non Operating Income Expenses": 56000000.0,
        "Special Income Charges": 1061000000.0,
        "Gain On Sale Of Ppe": 1087000000.0,
        "Write Off": 26000000.0,
        "Impairment Of Capital Assets": NaN,
        "Earnings From Equity Interest": 153000000.0,
        "Gain On Sale Of Security": 6000000.0,
        "Net Non Operating Interest Income Expense": -233000000.0,
        "Interest Expense Non Operating": 233000000.0,
        "Operating Income": -395000000.0,
        "Operating Expense": 2374000000.0,
        "Other Operating Expenses": 1622000000.0,
        "Other Taxes": 233000000.0,
        "Selling General And Administration": 519000000.0,
        "Gross Profit": 1979000000.0,
        "Cost Of Revenue": 28451000000.0,
        "Total Revenue": 30430000000.0,
        "Operating Revenue": 30430000000.0
    },
    "2025-06-30": {
        "Tax Effect Of Unusual Items": -16720000.0,
        "Tax Rate For Calcs": 0.19,
        "Normalized EBITDA": 2298000000.0,
        "Total Unusual Items": -88000000.0,
        "Total Unusual Items Excluding Goodwill": -88000000.0,
        "Net Income From Continuing Operation Net Minority Interest": 877000000.0,
        "Reconciled Depreciation": 816000000.0,
        "Reconciled Cost Of Revenue": 29893000000.0,
        "EBITDA": 2210000000.0,
        "EBIT": 1394000000.0,
        "Net Interest Income": -274000000.0,
        "Interest Expense": 274000000.0,
        "Normalized Income": 948280000.0,
        "Net Income From Continuing And Discontinued Operation": 877000000.0,
        "Total Expenses": 32133000000.0,
        "Diluted Average Shares": 407929000.0,
        "Basic Average Shares": 406763000.0,
        "Diluted EPS": 2.15,
        "Basic EPS": 2.15,
        "Diluted NI Availto Com Stockholders": 876000000.0,
        "Average Dilution Earnings": 1000000.0,
        "Net Income Common Stockholders": 875000000.0,
        "Otherunder Preferred Stock Dividend": 2000000.0,
        "Net Income": 877000000.0,
        "Minority Interests": -31000000.0,
        "Net Income Including Noncontrolling Interests": 908000000.0,
        "Net Income Continuous Operations": 908000000.0,
        "Tax Provision": 212000000.0,
        "Pretax Income": 1120000000.0,
        "Other Income Expense": 204000000.0,
        "Other Non Operating Income Expenses": 139000000.0,
        "Special Income Charges": -97000000.0,
        "Gain On Sale Of Ppe": -93000000.0,
        "Write Off": 4000000.0,
        "Impairment Of Capital Assets": NaN,
        "Earnings From Equity Interest": 153000000.0,
        "Gain On Sale Of Security": 9000000.0,
        "Net Non Operating Interest Income Expense": -274000000.0,
        "Interest Expense Non Operating": 274000000.0,
        "Operating Income": 1190000000.0,
        "Operating Expense": 2240000000.0,
        "Other Operating Expenses": 1440000000.0,
        "Other Taxes": 218000000.0,
        "Selling General And Administration": 582000000.0,
        "Gross Profit": 3430000000.0,
        "Cost Of Revenue": 29893000000.0,
        "Total Revenue": 33323000000.0,
        "Operating Revenue": 33323000000.0
    },
    "2025-09-30": {
        "Tax Effect Of Unusual Items": -152442211.055276,
        "Tax Rate For Calcs": 0.160804,
        "Normalized EBITDA": 2244000000.0,
        "Total Unusual Items": -948000000.0,
        "Total Unusual Items Excluding Goodwill": -948000000.0,
        "Net Income From Continuing Operation Net Minority Interest": 133000000.0,
        "Reconciled Depreciation": 826000000.0,
        "Reconciled Cost Of Revenue": 31045000000.0,
        "EBITDA": 1296000000.0,
        "EBIT": 470000000.0,
        "Net Interest Income": -271000000.0,
        "Interest Expense": 271000000.0,
        "Normalized Income": 928557788.944724,
        "Net Income From Continuing And Discontinued Operation": 133000000.0,
        "Total Expenses": 33550000000.0,
        "Diluted Average Shares": 405549000.0,
        "Basic Average Shares": 404508000.0,
        "Diluted EPS": 0.32,
        "Basic EPS": 0.32,
        "Diluted NI Availto Com Stockholders": 133000000.0,
        "Average Dilution Earnings": 2000000.0,
        "Net Income Common Stockholders": 131000000.0,
        "Otherunder Preferred Stock Dividend": 2000000.0,
        "Net Income": 133000000.0,
        "Minority Interests": -34000000.0,
        "Net Income Including Noncontrolling Interests": 167000000.0,
        "Net Income Continuous Operations": 167000000.0,
        "Tax Provision": 32000000.0,
        "Pretax Income": 199000000.0,
        "Other Income Expense": -495000000.0,
        "Other Non Operating Income Expenses": 116000000.0,
        "Special Income Charges": -940000000.0,
        "Gain On Sale Of Ppe": 11000000.0,
        "Write Off": 951000000.0,
        "Impairment Of Capital Assets": NaN,
        "Earnings From Equity Interest": 337000000.0,
        "Gain On Sale Of Security": -8000000.0,
        "Net Non Operating Interest Income Expense": -271000000.0,
        "Interest Expense Non Operating": 271000000.0,
        "Operating Income": 965000000.0,
        "Operating Expense": 2505000000.0,
        "Other Operating Expenses": 1492000000.0,
        "Other Taxes": 221000000.0,
        "Selling General And Administration": 792000000.0,
        "Gross Profit": 3470000000.0,
        "Cost Of Revenue": 31045000000.0,
        "Total Revenue": 34515000000.0,
        "Operating Revenue": 34515000000.0
    }
}