{
    "2023-03-31": {
        "Tax Effect Of Unusual Items": NaN,
        "Tax Rate For Calcs": NaN,
        "Normalized EBITDA": NaN,
        "Total Unusual Items": NaN,
        "Total Unusual Items Excluding Goodwill": NaN,
        "Net Income From Continuing Operation Net Minority Interest": NaN,
        "Reconciled Depreciation": NaN,
        "EBITDA": NaN,
        "EBIT": NaN,
        "Net Interest Income": NaN,
        "Interest Expense": NaN,
        "Interest Income": NaN,
        "Normalized Income": NaN,
        "Net Income From Continuing And Discontinued Operation": NaN,
        "Total Expenses": NaN,
        "Total Operating Income As Reported": NaN,
        "Diluted Average Shares": 4317875.0,
        "Basic Average Shares": 4317875.0,
        "Diluted EPS": -0.17,
        "Basic EPS": -0.17,
        "Diluted NI Availto Com Stockholders": NaN,
        "Net Income Common Stockholders": NaN,
        "Net Income": NaN,
        "Net Income Including Noncontrolling Interests": NaN,
        "Net Income Continuous Operations": NaN,
        "Tax Provision": NaN,
        "Pretax Income": NaN,
        "Other Income Expense": NaN,
        "Other Non Operating Income Expenses": NaN,
        "Gain On Sale Of Security": NaN,
        "Net Non Operating Interest Income Expense": NaN,
        "Interest Expense Non Operating": NaN,
        "Interest Income Non Operating": NaN,
        "Operating Income": NaN,
        "Operating Expense": NaN,
        "Research And Development": NaN,
        "Selling General And Administration": NaN,
        "General And Administrative Expense": NaN,
        "Other Gand A": NaN,
        "Total Revenue": NaN,
        "Operating Revenue": NaN
    },
    "2022-12-31": {
        "Tax Effect Of Unusual Items": 0.0,
        "Tax Rate For Calcs": 0.0,
        "Normalized EBITDA": -563351.0,
        "Total Unusual Items": -6065.0,
        "Total Unusual Items Excluding Goodwill": -6065.0,
        "Net Income From Continuing Operation Net Minority Interest": -601374.0,
        "Reconciled Depreciation": NaN,
        "EBITDA": -569416.0,
        "EBIT": -569416.0,
        "Net Interest Income": 60469.0,
        "Interest Expense": 31958.0,
        "Interest Income": 92427.0,
        "Normalized Income": -595309.0,
        "Net Income From Continuing And Discontinued Operation": -601374.0,
        "Total Expenses": 655778.0,
        "Total Operating Income As Reported": -655778.0,
        "Diluted Average Shares": NaN,
        "Basic Average Shares": NaN,
        "Diluted EPS": NaN,
        "Basic EPS": NaN,
        "Diluted NI Availto Com Stockholders": -601374.0,
        "Net Income Common Stockholders": -601374.0,
        "Net Income": -601374.0,
        "Net Income Including Noncontrolling Interests": -601374.0,
        "Net Income Continuous Operations": -601374.0,
        "Tax Provision": 0.0,
        "Pretax Income": -601374.0,
        "Other Income Expense": -6065.0,
        "Other Non Operating Income Expenses": NaN,
        "Gain On Sale Of Security": -6065.0,
        "Net Non Operating Interest Income Expense": 60469.0,
        "Interest Expense Non Operating": 31958.0,
        "Interest Income Non Operating": 92427.0,
        "Operating Income": -655778.0,
        "Operating Expense": 655778.0,
        "Research And Development": 257520.0,
        "Selling General And Administration": 398258.0,
        "General And Administrative Expense": 398258.0,
        "Other Gand A": 398258.0,
        "Total Revenue": 0.0,
        "Operating Revenue": 0.0
    },
    "2022-09-30": {
        "Tax Effect Of Unusual Items": NaN,
        "Tax Rate For Calcs": NaN,
        "Normalized EBITDA": NaN,
        "Total Unusual Items": NaN,
        "Total Unusual Items Excluding Goodwill": NaN,
        "Net Income From Continuing Operation Net Minority Interest": NaN,
        "Reconciled Depreciation": NaN,
        "EBITDA": NaN,
        "EBIT": NaN,
        "Net Interest Income": NaN,
        "Interest Expense": NaN,
        "Interest Income": NaN,
        "Normalized Income": NaN,
        "Net Income From Continuing And Discontinued Operation": NaN,
        "Total Expenses": NaN,
        "Total Operating Income As Reported": NaN,
        "Diluted Average Shares": 4321315.0,
        "Basic Average Shares": 4321315.0,
        "Diluted EPS": -0.21,
        "Basic EPS": -0.21,
        "Diluted NI Availto Com Stockholders": NaN,
        "Net Income Common Stockholders": NaN,
        "Net Income": NaN,
        "Net Income Including Noncontrolling Interests": NaN,
        "Net Income Continuous Operations": NaN,
        "Tax Provision": NaN,
        "Pretax Income": NaN,
        "Other Income Expense": NaN,
        "Other Non Operating Income Expenses": NaN,
        "Gain On Sale Of Security": NaN,
        "Net Non Operating Interest Income Expense": NaN,
        "Interest Expense Non Operating": NaN,
        "Interest Income Non Operating": NaN,
        "Operating Income": NaN,
        "Operating Expense": NaN,
        "Research And Development": NaN,
        "Selling General And Administration": NaN,
        "General And Administrative Expense": NaN,
        "Other Gand A": NaN,
        "Total Revenue": NaN,
        "Operating Revenue": NaN
    },
    "2022-06-30": {
        "Tax Effect Of Unusual Items": 0.0,
        "Tax Rate For Calcs": 0.0,
        "Normalized EBITDA": -603774.0,
        "Total Unusual Items": -23246.0,
        "Total Unusual Items Excluding Goodwill": -23246.0,
        "Net Income From Continuing Operation Net Minority Interest": -666717.0,
        "Reconciled Depreciation": NaN,
        "EBITDA": -627020.0,
        "EBIT": -627020.0,
        "Net Interest Income": -6797.0,
        "Interest Expense": 39697.0,
        "Interest Income": 32900.0,
        "Normalized Income": -643471.0,
        "Net Income From Continuing And Discontinued Operation": -666717.0,
        "Total Expenses": 636674.0,
        "Total Operating Income As Reported": -636674.0,
        "Diluted Average Shares": 4320173.0,
        "Basic Average Shares": 4320173.0,
        "Diluted EPS": -0.15,
        "Basic EPS": -0.15,
        "Diluted NI Availto Com Stockholders": -666717.0,
        "Net Income Common Stockholders": -666717.0,
        "Net Income": -666717.0,
        "Net Income Including Noncontrolling Interests": -666717.0,
        "Net Income Continuous Operations": -666717.0,
        "Tax Provision": 0.0,
        "Pretax Income": -666717.0,
        "Other Income Expense": -23246.0,
        "Gain On Sale Of Security": -23246.0,
        "Net Non Operating Interest Income Expense": -6797.0,
        "Interest Expense Non Operating": 39697.0,
        "Interest Income Non Operating": 32900.0,
        "Operating Income": -636674.0,
        "Operating Expense": 636674.0,
        "Research And Development": 160515.0,
        "Selling General And Administration": 476159.0,
        "General And Administrative Expense": 476159.0,
        "Other Gand A": 476159.0,
        "Total Revenue": 0.0,
        "Operating Revenue": 0.0
    },
    "2022-03-31": {
        "Diluted EPS": -0.32,
        "Total Revenue": NaN,
        "Gross Profit": NaN,
        "Operating Income": -1,
        "EBIT": -1,
        "Net Income": -1
    },
    "2021-12-31": {
        "Diluted EPS": -0.16,
        "Total Revenue": NaN,
        "Gross Profit": NaN,
        "Operating Income": -1,
        "EBIT": -1,
        "Net Income": -1
    },
    "2021-09-30": {
        "Diluted EPS": -0.2,
        "Total Revenue": NaN,
        "Gross Profit": NaN,
        "Operating Income": -1,
        "EBIT": -1,
        "Net Income": -1
    },
    "2021-06-30": {
        "Diluted EPS": -0.44,
        "Total Revenue": NaN,
        "Gross Profit": NaN,
        "Operating Income": -1,
        "EBIT": -1,
        "Net Income": -2
    },
    "2021-03-31": {
        "Diluted EPS": -0.44,
        "Total Revenue": NaN,
        "Gross Profit": NaN,
        "Operating Income": -1,
        "EBIT": -1,
        "Net Income": -1
    },
    "2020-12-31": {
        "Diluted EPS": -0.16,
        "Total Revenue": NaN,
        "Gross Profit": NaN,
        "Operating Income": 0,
        "EBIT": 0,
        "Net Income": 0
    },
    "2020-09-30": {
        "Diluted EPS": -0.4,
        "Total Revenue": NaN,
        "Gross Profit": NaN,
        "Operating Income": -1,
        "EBIT": -1,
        "Net Income": -1
    },
    "2020-06-30": {
        "Diluted EPS": -0.24,
        "Total Revenue": NaN,
        "Gross Profit": NaN,
        "Operating Income": 0,
        "EBIT": 0,
        "Net Income": -1
    },
    "2020-03-31": {
        "Diluted EPS": -0.2,
        "Total Revenue": NaN,
        "Gross Profit": NaN,
        "Operating Income": -1,
        "EBIT": 0,
        "Net Income": 0
    },
    "2019-12-31": {
        "Diluted EPS": -0.28,
        "Total Revenue": NaN,
        "Gross Profit": NaN,
        "Operating Income": -1,
        "EBIT": -1,
        "Net Income": -1
    },
    "2019-09-30": {
        "Diluted EPS": -0.04,
        "Total Revenue": NaN,
        "Gross Profit": NaN,
        "Operating Income": 0,
        "EBIT": 0,
        "Net Income": 0
    },
    "2019-06-30": {
        "Diluted EPS": -0.12,
        "Total Revenue": NaN,
        "Gross Profit": NaN,
        "Operating Income": -1,
        "EBIT": -1,
        "Net Income": 0
    },
    "2019-03-31": {
        "Diluted EPS": -0.24,
        "Total Revenue": NaN,
        "Gross Profit": NaN,
        "Operating Income": -1,
        "EBIT": -1,
        "Net Income": -1
    },
    "2018-12-31": {
        "Diluted EPS": -0.28,
        "Total Revenue": NaN,
        "Gross Profit": NaN,
        "Operating Income": -1,
        "EBIT": -1,
        "Net Income": -1
    },
    "2018-09-30": {
        "Diluted EPS": -0.2,
        "Total Revenue": NaN,
        "Gross Profit": NaN,
        "Operating Income": 0,
        "EBIT": 0,
        "Net Income": 0
    },
    "2018-06-30": {
        "Diluted EPS": -0.28,
        "Total Revenue": NaN,
        "Gross Profit": NaN,
        "Operating Income": -1,
        "EBIT": -1,
        "Net Income": -1
    },
    "2018-03-31": {
        "Diluted EPS": -0.24,
        "Total Revenue": NaN,
        "Gross Profit": NaN,
        "Operating Income": -1,
        "EBIT": -1,
        "Net Income": -1
    },
    "2017-12-31": {
        "Diluted EPS": -0.32,
        "Total Revenue": NaN,
        "Gross Profit": NaN,
        "Operating Income": -1,
        "EBIT": -1,
        "Net Income": -1
    },
    "2017-09-30": {
        "Diluted EPS": -0.16,
        "Total Revenue": NaN,
        "Gross Profit": NaN,
        "Operating Income": -1,
        "EBIT": -1,
        "Net Income": 0
    },
    "2017-06-30": {
        "Diluted EPS": -0.16,
        "Total Revenue": NaN,
        "Gross Profit": NaN,
        "Operating Income": 0,
        "EBIT": 0,
        "Net Income": 0
    },
    "2017-03-31": {
        "Diluted EPS": -0.24,
        "Total Revenue": NaN,
        "Gross Profit": NaN,
        "Operating Income": -1,
        "EBIT": -1,
        "Net Income": -1
    },
    "2016-12-31": {
        "Diluted EPS": 210.16,
        "Total Revenue": NaN,
        "Gross Profit": NaN,
        "Operating Income": -1,
        "EBIT": -1,
        "Net Income": -1
    },
    "2016-09-30": {
        "Diluted EPS": -0.24,
        "Total Revenue": NaN,
        "Gross Profit": NaN,
        "Operating Income": 0,
        "EBIT": 0,
        "Net Income": 0
    },
    "2016-06-30": {
        "Diluted EPS": -0.32,
        "Total Revenue": NaN,
        "Gross Profit": NaN,
        "Operating Income": 0,
        "EBIT": 0,
        "Net Income": -1
    },
    "2016-03-31": {
        "Diluted EPS": -211.32,
        "Total Revenue": NaN,
        "Gross Profit": NaN,
        "Operating Income": -1,
        "EBIT": 0,
        "Net Income": -1
    },
    "2015-12-31": {
        "Diluted EPS": 0.0,
        "Total Revenue": NaN,
        "Gross Profit": NaN,
        "Operating Income": 0,
        "EBIT": 0,
        "Net Income": 0
    },
    "2015-09-30": {
        "Diluted EPS": -0.28,
        "Total Revenue": NaN,
        "Gross Profit": NaN,
        "Operating Income": 0,
        "EBIT": 0,
        "Net Income": 0
    },
    "2015-06-30": {
        "Diluted EPS": -0.08,
        "Total Revenue": NaN,
        "Gross Profit": NaN,
        "Operating Income": 0,
        "EBIT": 0,
        "Net Income": 0
    },
    "2015-03-31": {
        "Diluted EPS": -618.43,
        "Total Revenue": NaN,
        "Gross Profit": NaN,
        "Operating Income": 0,
        "EBIT": 0,
        "Net Income": 0
    },
    "2014-12-31": {
        "Diluted EPS": 0.0,
        "Total Revenue": NaN,
        "Gross Profit": NaN,
        "Operating Income": 0,
        "EBIT": NaN,
        "Net Income": 0
    },
    "2014-09-30": {
        "Diluted EPS": 0.0,
        "Total Revenue": NaN,
        "Gross Profit": NaN,
        "Operating Income": 0,
        "EBIT": 0,
        "Net Income": 0
    },
    "2014-06-30": {
        "Diluted EPS": 0.0,
        "Total Revenue": NaN,
        "Gross Profit": NaN,
        "Operating Income": NaN,
        "EBIT": NaN,
        "Net Income": NaN
    },
    "2014-03-31": {
        "Diluted EPS": 0.0,
        "Total Revenue": NaN,
        "Gross Profit": NaN,
        "Operating Income": 0,
        "EBIT": 0,
        "Net Income": 0
    },
    "2013-12-31": {
        "Diluted EPS": 0.0,
        "Total Revenue": NaN,
        "Gross Profit": NaN,
        "Operating Income": 0,
        "EBIT": NaN,
        "Net Income": 0
    },
    "2013-09-30": {
        "Diluted EPS": 0.0,
        "Total Revenue": NaN,
        "Gross Profit": NaN,
        "Operating Income": 0,
        "EBIT": 0,
        "Net Income": 0
    },
    "2011-09-30": {
        "Diluted EPS": NaN,
        "Total Revenue": 12,
        "Gross Profit": 3,
        "Operating Income": -5,
        "EBIT": -3,
        "Net Income": -5
    },
    "2011-06-30": {
        "Diluted EPS": NaN,
        "Total Revenue": 6,
        "Gross Profit": 3,
        "Operating Income": -5,
        "EBIT": -5,
        "Net Income": -6
    },
    "2011-03-31": {
        "Diluted EPS": NaN,
        "Total Revenue": 7,
        "Gross Profit": 3,
        "Operating Income": -4,
        "EBIT": -4,
        "Net Income": -4
    },
    "2010-12-31": {
        "Diluted EPS": NaN,
        "Total Revenue": 8,
        "Gross Profit": 3,
        "Operating Income": -11,
        "EBIT": -5,
        "Net Income": -8
    },
    "2010-09-30": {
        "Diluted EPS": NaN,
        "Total Revenue": 9,
        "Gross Profit": 5,
        "Operating Income": -4,
        "EBIT": -3,
        "Net Income": -4
    },
    "2010-06-30": {
        "Diluted EPS": NaN,
        "Total Revenue": 11,
        "Gross Profit": 5,
        "Operating Income": -4,
        "EBIT": -4,
        "Net Income": -4
    },
    "2010-03-31": {
        "Diluted EPS": NaN,
        "Total Revenue": 12,
        "Gross Profit": 5,
        "Operating Income": -3,
        "EBIT": -3,
        "Net Income": -3
    },
    "2009-12-31": {
        "Diluted EPS": NaN,
        "Total Revenue": 14,
        "Gross Profit": 6,
        "Operating Income": -19,
        "EBIT": -1,
        "Net Income": -24
    },
    "2009-09-30": {
        "Diluted EPS": -0.12,
        "Total Revenue": 15,
        "Gross Profit": 5,
        "Operating Income": -5,
        "EBIT": -5,
        "Net Income": -2
    },
    "2009-06-30": {
        "Diluted EPS": -0.1,
        "Total Revenue": 17,
        "Gross Profit": 7,
        "Operating Income": -3,
        "EBIT": -2,
        "Net Income": -2
    },
    "2009-03-31": {
        "Diluted EPS": -0.06,
        "Total Revenue": 24,
        "Gross Profit": 8,
        "Operating Income": -2,
        "EBIT": 0,
        "Net Income": -1
    },
    "2023-06-30": {
        "Tax Effect Of Unusual Items": NaN,
        "Tax Rate For Calcs": NaN,
        "Normalized EBITDA": NaN,
        "Total Unusual Items": -118947.0,
        "Total Unusual Items Excluding Goodwill": -118947.0,
        "Net Income From Continuing Operation Net Minority Interest": NaN,
        "Reconciled Depreciation": NaN,
        "EBITDA": NaN,
        "EBIT": NaN,
        "Net Interest Income": NaN,
        "Interest Expense": NaN,
        "Interest Income": NaN,
        "Normalized Income": NaN,
        "Net Income From Continuing And Discontinued Operation": NaN,
        "Total Expenses": NaN,
        "Total Operating Income As Reported": NaN,
        "Diluted Average Shares": 4330959.0,
        "Basic Average Shares": 4330959.0,
        "Diluted EPS": -0.28,
        "Basic EPS": -0.28,
        "Diluted NI Availto Com Stockholders": NaN,
        "Net Income Common Stockholders": NaN,
        "Net Income": NaN,
        "Net Income Including Noncontrolling Interests": NaN,
        "Net Income Continuous Operations": NaN,
        "Tax Provision": NaN,
        "Pretax Income": NaN,
        "Other Income Expense": -118947.0,
        "Other Non Operating Income Expenses": NaN,
        "Gain On Sale Of Security": -118947.0,
        "Net Non Operating Interest Income Expense": NaN,
        "Interest Expense Non Operating": NaN,
        "Interest Income Non Operating": NaN,
        "Operating Income": NaN,
        "Operating Expense": NaN,
        "Research And Development": NaN,
        "Selling General And Administration": NaN,
        "General And Administrative Expense": NaN,
        "Other Gand A": NaN,
        "Total Revenue": NaN,
        "Operating Revenue": NaN
    },
    "2023-09-30": {
        "Tax Effect Of Unusual Items": 0.0,
        "Tax Rate For Calcs": 0.0,
        "Normalized EBITDA": -1340075.0,
        "Total Unusual Items": -23175.0,
        "Total Unusual Items Excluding Goodwill": -23175.0,
        "Net Income From Continuing Operation Net Minority Interest": -1396626.0,
        "Reconciled Depreciation": 1419.0,
        "EBITDA": -1363250.0,
        "EBIT": -1364669.0,
        "Net Interest Income": 37261.0,
        "Interest Expense": 31957.0,
        "Interest Income": 69218.0,
        "Normalized Income": -1373451.0,
        "Net Income From Continuing And Discontinued Operation": -1396626.0,
        "Total Expenses": 1431712.0,
        "Total Operating Income As Reported": -1431712.0,
        "Diluted Average Shares": 4330959.0,
        "Basic Average Shares": 4330959.0,
        "Diluted EPS": -0.32,
        "Basic EPS": -0.32,
        "Diluted NI Availto Com Stockholders": -1396626.0,
        "Net Income Common Stockholders": -1396626.0,
        "Net Income": -1396626.0,
        "Net Income Including Noncontrolling Interests": -1396626.0,
        "Net Income Continuous Operations": -1396626.0,
        "Tax Provision": 0.0,
        "Pretax Income": -1396626.0,
        "Other Income Expense": -2175.0,
        "Other Non Operating Income Expenses": 21000.0,
        "Gain On Sale Of Security": -23175.0,
        "Net Non Operating Interest Income Expense": 37261.0,
        "Interest Expense Non Operating": 31957.0,
        "Interest Income Non Operating": 69218.0,
        "Operating Income": -1431712.0,
        "Operating Expense": 1431712.0,
        "Research And Development": 1124030.0,
        "Selling General And Administration": 307682.0,
        "General And Administrative Expense": 307682.0,
        "Other Gand A": 307682.0,
        "Total Revenue": 0.0,
        "Operating Revenue": 0.0
    },
    "2023-12-31": {
        "Tax Effect Of Unusual Items": 0.0,
        "Tax Rate For Calcs": 0.0,
        "Normalized EBITDA": -1152951.0,
        "Total Unusual Items": -483763.0,
        "Total Unusual Items Excluding Goodwill": -483763.0,
        "Net Income From Continuing Operation Net Minority Interest": -1676184.0,
        "Reconciled Depreciation": 26618.0,
        "EBITDA": -1636714.0,
        "EBIT": -1663332.0,
        "Net Interest Income": 40805.0,
        "Interest Expense": 12852.0,
        "Interest Income": 53657.0,
        "Normalized Income": -1192421.0,
        "Net Income From Continuing And Discontinued Operation": -1676184.0,
        "Total Expenses": 1212226.0,
        "Total Operating Income As Reported": -1212226.0,
        "Diluted Average Shares": NaN,
        "Basic Average Shares": NaN,
        "Diluted EPS": NaN,
        "Basic EPS": NaN,
        "Diluted NI Availto Com Stockholders": -1676184.0,
        "Net Income Common Stockholders": -1676184.0,
        "Net Income": -1676184.0,
        "Net Income Including Noncontrolling Interests": -1676184.0,
        "Net Income Continuous Operations": -1676184.0,
        "Tax Provision": 0.0,
        "Pretax Income": -1676184.0,
        "Other Income Expense": -504763.0,
        "Other Non Operating Income Expenses": NaN,
        "Gain On Sale Of Security": -483763.0,
        "Net Non Operating Interest Income Expense": 40805.0,
        "Interest Expense Non Operating": 12852.0,
        "Interest Income Non Operating": 53657.0,
        "Operating Income": -1212226.0,
        "Operating Expense": 1212226.0,
        "Research And Development": 1011427.0,
        "Selling General And Administration": 200799.0,
        "General And Administrative Expense": 200799.0,
        "Other Gand A": 200799.0,
        "Total Revenue": 0.0,
        "Operating Revenue": 0.0
    },
    "2024-03-31": {
        "Tax Effect Of Unusual Items": 0.0,
        "Tax Rate For Calcs": 0.0,
        "Normalized EBITDA": -1711920.0,
        "Total Unusual Items": 198.0,
        "Total Unusual Items Excluding Goodwill": 198.0,
        "Net Income From Continuing Operation Net Minority Interest": -1724294.0,
        "Reconciled Depreciation": 12572.0,
        "EBITDA": -1711722.0,
        "EBIT": -1724294.0,
        "Net Interest Income": 13867.0,
        "Interest Expense": 0.0,
        "Interest Income": 13867.0,
        "Normalized Income": -1724492.0,
        "Net Income From Continuing And Discontinued Operation": -1724294.0,
        "Total Expenses": 1738359.0,
        "Total Operating Income As Reported": -1738359.0,
        "Diluted Average Shares": 4435132.0,
        "Basic Average Shares": 4435132.0,
        "Diluted EPS": -0.39,
        "Basic EPS": -0.39,
        "Diluted NI Availto Com Stockholders": -1724294.0,
        "Net Income Common Stockholders": -1724294.0,
        "Net Income": -1724294.0,
        "Net Income Including Noncontrolling Interests": -1724294.0,
        "Net Income Continuous Operations": -1724294.0,
        "Tax Provision": 0.0,
        "Pretax Income": -1724294.0,
        "Other Income Expense": 198.0,
        "Other Non Operating Income Expenses": NaN,
        "Gain On Sale Of Security": 198.0,
        "Net Non Operating Interest Income Expense": 13867.0,
        "Interest Expense Non Operating": 0.0,
        "Interest Income Non Operating": 13867.0,
        "Operating Income": -1738359.0,
        "Operating Expense": 1738359.0,
        "Research And Development": 1460746.0,
        "Selling General And Administration": 277613.0,
        "General And Administrative Expense": 277613.0,
        "Other Gand A": 277613.0,
        "Total Revenue": 0.0,
        "Operating Revenue": 0.0
    },
    "2024-06-30": {
        "Tax Effect Of Unusual Items": 0.0,
        "Tax Rate For Calcs": 0.0,
        "Normalized EBITDA": -1645485.0,
        "Total Unusual Items": 51534.0,
        "Total Unusual Items Excluding Goodwill": 51534.0,
        "Net Income From Continuing Operation Net Minority Interest": -1606522.0,
        "Reconciled Depreciation": 12571.0,
        "EBITDA": -1593951.0,
        "EBIT": -1606522.0,
        "Net Interest Income": 9291.0,
        "Interest Expense": 0.0,
        "Interest Income": 9291.0,
        "Normalized Income": -1658056.0,
        "Net Income From Continuing And Discontinued Operation": -1606522.0,
        "Total Expenses": 1667347.0,
        "Total Operating Income As Reported": -1667347.0,
        "Diluted Average Shares": 4443243.0,
        "Basic Average Shares": 4443243.0,
        "Diluted EPS": -0.36,
        "Basic EPS": -0.36,
        "Diluted NI Availto Com Stockholders": -1606522.0,
        "Net Income Common Stockholders": -1606522.0,
        "Net Income": -1606522.0,
        "Net Income Including Noncontrolling Interests": -1606522.0,
        "Net Income Continuous Operations": -1606522.0,
        "Tax Provision": 0.0,
        "Pretax Income": -1606522.0,
        "Other Income Expense": 51534.0,
        "Other Non Operating Income Expenses": NaN,
        "Gain On Sale Of Security": 51534.0,
        "Net Non Operating Interest Income Expense": 9291.0,
        "Interest Expense Non Operating": 0.0,
        "Interest Income Non Operating": 9291.0,
        "Operating Income": -1667347.0,
        "Operating Expense": 1667347.0,
        "Research And Development": 1214049.0,
        "Selling General And Administration": 453298.0,
        "General And Administrative Expense": 453298.0,
        "Other Gand A": 453298.0,
        "Total Revenue": 0.0,
        "Operating Revenue": 0.0
    },
    "2024-09-30": {
        "Tax Effect Of Unusual Items": 0.0,
        "Tax Rate For Calcs": 0.0,
        "Normalized EBITDA": -628213.0,
        "Total Unusual Items": NaN,
        "Total Unusual Items Excluding Goodwill": NaN,
        "Net Income From Continuing Operation Net Minority Interest": -640785.0,
        "Reconciled Depreciation": 12572.0,
        "EBITDA": -628213.0,
        "EBIT": -640785.0,
        "Net Interest Income": 11281.0,
        "Interest Expense": 0.0,
        "Interest Income": 11281.0,
        "Normalized Income": -640785.0,
        "Net Income From Continuing And Discontinued Operation": -640785.0,
        "Total Expenses": 652066.0,
        "Total Operating Income As Reported": -652066.0,
        "Diluted Average Shares": 4529096.0,
        "Basic Average Shares": 4529096.0,
        "Diluted EPS": -0.14,
        "Basic EPS": -0.14,
        "Diluted NI Availto Com Stockholders": -640785.0,
        "Net Income Common Stockholders": -640785.0,
        "Net Income": -640785.0,
        "Net Income Including Noncontrolling Interests": -640785.0,
        "Net Income Continuous Operations": -640785.0,
        "Tax Provision": 0.0,
        "Pretax Income": -640785.0,
        "Other Income Expense": NaN,
        "Other Non Operating Income Expenses": NaN,
        "Gain On Sale Of Security": NaN,
        "Net Non Operating Interest Income Expense": 11281.0,
        "Interest Expense Non Operating": 0.0,
        "Interest Income Non Operating": 11281.0,
        "Operating Income": -652066.0,
        "Operating Expense": 652066.0,
        "Research And Development": 364184.0,
        "Selling General And Administration": 287882.0,
        "General And Administrative Expense": 287882.0,
        "Other Gand A": 287882.0,
        "Total Revenue": 0.0,
        "Operating Revenue": 0.0
    }
}