{
    "2023-12-31": {
        "Tax Effect Of Unusual Items": 0.0,
        "Tax Rate For Calcs": 0.0,
        "Normalized EBITDA": -7262546.0,
        "Total Unusual Items": -495180.0,
        "Total Unusual Items Excluding Goodwill": -495180.0,
        "Net Income From Continuing Operation Net Minority Interest": -7844034.0,
        "Reconciled Depreciation": 84703.0,
        "Reconciled Cost Of Revenue": 97637.0,
        "EBITDA": -7757726.0,
        "EBIT": -7842429.0,
        "Net Interest Income": -1605.0,
        "Interest Expense": 1605.0,
        "Normalized Income": -7348854.0,
        "Net Income From Continuing And Discontinued Operation": -7844034.0,
        "Total Expenses": 8684450.0,
        "Total Operating Income As Reported": 1173145.0,
        "Diluted Average Shares": 14097757.0,
        "Basic Average Shares": 14097757.0,
        "Diluted EPS": -0.56,
        "Basic EPS": -0.56,
        "Diluted NI Availto Com Stockholders": -7844034.0,
        "Net Income Common Stockholders": -7844034.0,
        "Net Income": -7844034.0,
        "Net Income Including Noncontrolling Interests": -7844034.0,
        "Net Income Continuous Operations": -7844034.0,
        "Tax Provision": 0.0,
        "Pretax Income": -7844034.0,
        "Other Income Expense": -1192092.0,
        "Other Non Operating Income Expenses": -696912.0,
        "Special Income Charges": 7823482.0,
        "Gain On Sale Of Ppe": 7823482.0,
        "Gain On Sale Of Security": -8318662.0,
        "Net Non Operating Interest Income Expense": -1605.0,
        "Interest Expense Non Operating": 1605.0,
        "Operating Income": -6650337.0,
        "Operating Expense": 8586813.0,
        "Research And Development": 5554200.0,
        "Selling General And Administration": 3032613.0,
        "Gross Profit": 1936476.0,
        "Cost Of Revenue": 97637.0,
        "Total Revenue": 2034113.0,
        "Operating Revenue": 4288003.0
    },
    "2023-09-30": {
        "Tax Effect Of Unusual Items": NaN,
        "Tax Rate For Calcs": NaN,
        "Normalized EBITDA": NaN,
        "Total Unusual Items": NaN,
        "Total Unusual Items Excluding Goodwill": NaN,
        "Net Income From Continuing Operation Net Minority Interest": NaN,
        "Reconciled Depreciation": NaN,
        "Reconciled Cost Of Revenue": 0.0,
        "EBITDA": NaN,
        "EBIT": NaN,
        "Net Interest Income": NaN,
        "Interest Expense": NaN,
        "Normalized Income": NaN,
        "Net Income From Continuing And Discontinued Operation": NaN,
        "Total Expenses": NaN,
        "Total Operating Income As Reported": NaN,
        "Diluted Average Shares": 12170699.0,
        "Basic Average Shares": 12170699.0,
        "Diluted EPS": -0.43,
        "Basic EPS": -0.43,
        "Diluted NI Availto Com Stockholders": NaN,
        "Net Income Common Stockholders": NaN,
        "Net Income": NaN,
        "Net Income Including Noncontrolling Interests": NaN,
        "Net Income Continuous Operations": NaN,
        "Tax Provision": NaN,
        "Pretax Income": NaN,
        "Other Income Expense": NaN,
        "Other Non Operating Income Expenses": NaN,
        "Special Income Charges": NaN,
        "Gain On Sale Of Ppe": NaN,
        "Gain On Sale Of Security": NaN,
        "Net Non Operating Interest Income Expense": NaN,
        "Interest Expense Non Operating": NaN,
        "Operating Income": NaN,
        "Operating Expense": NaN,
        "Research And Development": NaN,
        "Selling General And Administration": NaN,
        "Gross Profit": 2105977.0,
        "Cost Of Revenue": 0.0,
        "Total Revenue": NaN,
        "Operating Revenue": NaN
    },
    "2023-06-30": {
        "Tax Effect Of Unusual Items": NaN,
        "Tax Rate For Calcs": NaN,
        "Normalized EBITDA": NaN,
        "Total Unusual Items": NaN,
        "Total Unusual Items Excluding Goodwill": NaN,
        "Net Income From Continuing Operation Net Minority Interest": NaN,
        "Reconciled Depreciation": NaN,
        "Reconciled Cost Of Revenue": NaN,
        "EBITDA": NaN,
        "EBIT": NaN,
        "Net Interest Income": NaN,
        "Interest Expense": NaN,
        "Normalized Income": NaN,
        "Net Income From Continuing And Discontinued Operation": NaN,
        "Total Expenses": NaN,
        "Total Operating Income As Reported": NaN,
        "Diluted Average Shares": NaN,
        "Basic Average Shares": NaN,
        "Diluted EPS": NaN,
        "Basic EPS": NaN,
        "Diluted NI Availto Com Stockholders": NaN,
        "Net Income Common Stockholders": NaN,
        "Net Income": NaN,
        "Net Income Including Noncontrolling Interests": NaN,
        "Net Income Continuous Operations": NaN,
        "Tax Provision": 0.0,
        "Pretax Income": NaN,
        "Other Income Expense": NaN,
        "Other Non Operating Income Expenses": NaN,
        "Special Income Charges": 0.0,
        "Gain On Sale Of Ppe": NaN,
        "Other Special Charges": 0.0,
        "Gain On Sale Of Security": NaN,
        "Net Non Operating Interest Income Expense": NaN,
        "Interest Expense Non Operating": NaN,
        "Operating Income": NaN,
        "Operating Expense": NaN,
        "Research And Development": NaN,
        "Selling General And Administration": NaN,
        "Gross Profit": NaN,
        "Cost Of Revenue": NaN,
        "Total Revenue": NaN,
        "Operating Revenue": NaN
    },
    "2023-03-31": {
        "Tax Effect Of Unusual Items": NaN,
        "Tax Rate For Calcs": NaN,
        "Normalized EBITDA": NaN,
        "Total Unusual Items": NaN,
        "Total Unusual Items Excluding Goodwill": NaN,
        "Net Income From Continuing Operation Net Minority Interest": NaN,
        "Reconciled Depreciation": NaN,
        "Reconciled Cost Of Revenue": NaN,
        "EBITDA": NaN,
        "EBIT": NaN,
        "Net Interest Income": NaN,
        "Interest Expense": NaN,
        "Normalized Income": NaN,
        "Net Income From Continuing And Discontinued Operation": NaN,
        "Total Expenses": NaN,
        "Total Operating Income As Reported": NaN,
        "Diluted Average Shares": 11432380.0,
        "Basic Average Shares": 11432380.0,
        "Diluted EPS": -0.76,
        "Basic EPS": -0.76,
        "Diluted NI Availto Com Stockholders": NaN,
        "Net Income Common Stockholders": NaN,
        "Net Income": NaN,
        "Net Income Including Noncontrolling Interests": NaN,
        "Net Income Continuous Operations": NaN,
        "Tax Provision": 0.0,
        "Pretax Income": NaN,
        "Other Income Expense": NaN,
        "Other Non Operating Income Expenses": NaN,
        "Special Income Charges": 0.0,
        "Gain On Sale Of Ppe": 0.0,
        "Gain On Sale Of Security": NaN,
        "Net Non Operating Interest Income Expense": NaN,
        "Interest Expense Non Operating": NaN,
        "Operating Income": NaN,
        "Operating Expense": NaN,
        "Research And Development": NaN,
        "Selling General And Administration": NaN,
        "Gross Profit": NaN,
        "Cost Of Revenue": NaN,
        "Total Revenue": NaN,
        "Operating Revenue": NaN
    },
    "2024-03-31": {
        "Tax Effect Of Unusual Items": 0.0,
        "Tax Rate For Calcs": 0.0,
        "Normalized EBITDA": -9108041.0,
        "Total Unusual Items": 758700.0,
        "Total Unusual Items Excluding Goodwill": 758700.0,
        "Net Income From Continuing Operation Net Minority Interest": -8435650.0,
        "Reconciled Depreciation": 85055.0,
        "Reconciled Cost Of Revenue": 0.0,
        "EBITDA": -8349341.0,
        "EBIT": -8434396.0,
        "Net Interest Income": -1254.0,
        "Interest Expense": 1254.0,
        "Normalized Income": -9194350.0,
        "Net Income From Continuing And Discontinued Operation": -8435650.0,
        "Total Expenses": 9193096.0,
        "Total Operating Income As Reported": -9218298.0,
        "Diluted Average Shares": 15792421.0,
        "Basic Average Shares": 15792421.0,
        "Diluted EPS": -0.53,
        "Basic EPS": -0.53,
        "Diluted NI Availto Com Stockholders": -8435650.0,
        "Net Income Common Stockholders": -8435650.0,
        "Net Income": -8435650.0,
        "Net Income Including Noncontrolling Interests": -8435650.0,
        "Net Income Continuous Operations": -8435650.0,
        "Tax Provision": 0.0,
        "Pretax Income": -8435650.0,
        "Other Income Expense": 758700.0,
        "Other Non Operating Income Expenses": NaN,
        "Special Income Charges": -25202.0,
        "Gain On Sale Of Ppe": -25202.0,
        "Gain On Sale Of Security": 783902.0,
        "Net Non Operating Interest Income Expense": -1254.0,
        "Interest Expense Non Operating": 1254.0,
        "Operating Income": -9193096.0,
        "Operating Expense": 9193096.0,
        "Research And Development": 7159686.0,
        "Selling General And Administration": 2033410.0,
        "Gross Profit": 0.0,
        "Cost Of Revenue": 0.0,
        "Total Revenue": 0.0,
        "Operating Revenue": 0.0
    },
    "2022-12-31": {
        "Tax Effect Of Unusual Items": NaN,
        "Tax Rate For Calcs": NaN,
        "Normalized EBITDA": NaN,
        "Total Unusual Items": NaN,
        "Total Unusual Items Excluding Goodwill": NaN,
        "Net Income From Continuing Operation Net Minority Interest": NaN,
        "Reconciled Depreciation": NaN,
        "Reconciled Cost Of Revenue": NaN,
        "EBITDA": NaN,
        "EBIT": NaN,
        "Net Interest Income": NaN,
        "Interest Expense": NaN,
        "Normalized Income": NaN,
        "Net Income From Continuing And Discontinued Operation": NaN,
        "Total Expenses": NaN,
        "Total Operating Income As Reported": NaN,
        "Diluted Average Shares": 10802863.0,
        "Basic Average Shares": 10802863.0,
        "Diluted EPS": 0.25,
        "Basic EPS": 0.25,
        "Diluted NI Availto Com Stockholders": NaN,
        "Net Income Common Stockholders": NaN,
        "Net Income": NaN,
        "Net Income Including Noncontrolling Interests": NaN,
        "Net Income Continuous Operations": NaN,
        "Tax Provision": -4674999.0,
        "Pretax Income": NaN,
        "Other Income Expense": NaN,
        "Other Non Operating Income Expenses": -1115765.0,
        "Special Income Charges": 0.0,
        "Gain On Sale Of Ppe": 0.0,
        "Other Special Charges": -1027322.0,
        "Gain On Sale Of Security": NaN,
        "Net Non Operating Interest Income Expense": NaN,
        "Interest Expense Non Operating": NaN,
        "Operating Income": NaN,
        "Operating Expense": NaN,
        "Other Operating Expenses": -1027322.0,
        "Research And Development": NaN,
        "Selling General And Administration": NaN,
        "Gross Profit": NaN,
        "Cost Of Revenue": NaN,
        "Total Revenue": NaN,
        "Operating Revenue": NaN
    },
    "2024-06-30": {
        "Tax Effect Of Unusual Items": 0.0,
        "Tax Rate For Calcs": 0.0,
        "Normalized EBITDA": -8243675.0,
        "Total Unusual Items": 78578.0,
        "Total Unusual Items Excluding Goodwill": 78578.0,
        "Net Income From Continuing Operation Net Minority Interest": -8250430.0,
        "Reconciled Depreciation": 81960.0,
        "Reconciled Cost Of Revenue": 0.0,
        "EBITDA": -8165097.0,
        "EBIT": -8247057.0,
        "Net Interest Income": -3373.0,
        "Interest Expense": 3373.0,
        "Normalized Income": -8329008.0,
        "Net Income From Continuing And Discontinued Operation": -8250430.0,
        "Total Expenses": 8675635.0,
        "Total Operating Income As Reported": -8342071.0,
        "Diluted Average Shares": NaN,
        "Basic Average Shares": NaN,
        "Diluted EPS": NaN,
        "Basic EPS": NaN,
        "Diluted NI Availto Com Stockholders": -8250430.0,
        "Net Income Common Stockholders": -8250430.0,
        "Net Income": -8250430.0,
        "Net Income Including Noncontrolling Interests": -8250430.0,
        "Net Income Continuous Operations": -8250430.0,
        "Tax Provision": 0.0,
        "Pretax Income": -8250430.0,
        "Other Income Expense": 78578.0,
        "Other Non Operating Income Expenses": 0.0,
        "Special Income Charges": -16436.0,
        "Gain On Sale Of Ppe": -16436.0,
        "Gain On Sale Of Security": 95014.0,
        "Net Non Operating Interest Income Expense": -3373.0,
        "Interest Expense Non Operating": 3373.0,
        "Operating Income": -8325635.0,
        "Operating Expense": 8675635.0,
        "Research And Development": 4671856.0,
        "Selling General And Administration": 4003779.0,
        "Gross Profit": 350000.0,
        "Cost Of Revenue": 0.0,
        "Total Revenue": 350000.0,
        "Operating Revenue": 0.0
    },
    "2024-09-30": {
        "Tax Effect Of Unusual Items": 0.0,
        "Tax Rate For Calcs": 0.0,
        "Normalized EBITDA": -7683895.0,
        "Total Unusual Items": -53024.0,
        "Total Unusual Items Excluding Goodwill": -53024.0,
        "Net Income From Continuing Operation Net Minority Interest": -7823649.0,
        "Reconciled Depreciation": 80790.0,
        "Reconciled Cost Of Revenue": NaN,
        "EBITDA": -7736919.0,
        "EBIT": -7817709.0,
        "Net Interest Income": -5940.0,
        "Interest Expense": 5940.0,
        "Normalized Income": -7770625.0,
        "Net Income From Continuing And Discontinued Operation": -7823649.0,
        "Total Expenses": 7764685.0,
        "Total Operating Income As Reported": -7764685.0,
        "Diluted Average Shares": 19845106.0,
        "Basic Average Shares": 19845106.0,
        "Diluted EPS": -0.39,
        "Basic EPS": -0.39,
        "Diluted NI Availto Com Stockholders": -7823649.0,
        "Net Income Common Stockholders": -7823649.0,
        "Net Income": -7823649.0,
        "Net Income Including Noncontrolling Interests": -7823649.0,
        "Net Income Continuous Operations": -7823649.0,
        "Tax Provision": NaN,
        "Pretax Income": -7823649.0,
        "Other Income Expense": -53024.0,
        "Other Non Operating Income Expenses": NaN,
        "Special Income Charges": NaN,
        "Gain On Sale Of Ppe": NaN,
        "Gain On Sale Of Security": -53024.0,
        "Net Non Operating Interest Income Expense": -5940.0,
        "Interest Expense Non Operating": 5940.0,
        "Operating Income": -7764685.0,
        "Operating Expense": 7764685.0,
        "Research And Development": 5743754.0,
        "Selling General And Administration": 2020931.0,
        "Gross Profit": NaN,
        "Cost Of Revenue": NaN,
        "Total Revenue": 0.0,
        "Operating Revenue": 0.0
    },
    "2024-12-31": {
        "Tax Effect Of Unusual Items": 0.0,
        "Tax Rate For Calcs": 0.0,
        "Normalized EBITDA": -5039493.0,
        "Total Unusual Items": 2672644.0,
        "Total Unusual Items Excluding Goodwill": 2672644.0,
        "Net Income From Continuing Operation Net Minority Interest": -2442482.0,
        "Reconciled Depreciation": 71830.0,
        "Reconciled Cost Of Revenue": 0.0,
        "EBITDA": -2366849.0,
        "EBIT": -2438679.0,
        "Net Interest Income": -3803.0,
        "Interest Expense": 3803.0,
        "Normalized Income": -5115126.0,
        "Net Income From Continuing And Discontinued Operation": -2442482.0,
        "Total Expenses": 5111323.0,
        "Total Operating Income As Reported": -2611323.0,
        "Diluted Average Shares": 20634887.0,
        "Basic Average Shares": 20634887.0,
        "Diluted EPS": -0.12,
        "Basic EPS": -0.12,
        "Diluted NI Availto Com Stockholders": -2442482.0,
        "Net Income Common Stockholders": -2442482.0,
        "Net Income": -2442482.0,
        "Net Income Including Noncontrolling Interests": -2442482.0,
        "Net Income Continuous Operations": -2442482.0,
        "Tax Provision": NaN,
        "Pretax Income": -2442482.0,
        "Other Income Expense": 2672644.0,
        "Other Non Operating Income Expenses": NaN,
        "Special Income Charges": 2500000.0,
        "Gain On Sale Of Ppe": 2500000.0,
        "Gain On Sale Of Security": 172644.0,
        "Net Non Operating Interest Income Expense": -3803.0,
        "Interest Expense Non Operating": 3803.0,
        "Operating Income": -5111323.0,
        "Operating Expense": 5111323.0,
        "Research And Development": 3429479.0,
        "Selling General And Administration": 1681844.0,
        "Gross Profit": 0.0,
        "Cost Of Revenue": 0.0,
        "Total Revenue": 0.0,
        "Operating Revenue": 0.0
    }
}