{
    "2023-03-31": {
        "Tax Effect Of Unusual Items": NaN,
        "Tax Rate For Calcs": NaN,
        "Normalized EBITDA": NaN,
        "Total Unusual Items": NaN,
        "Total Unusual Items Excluding Goodwill": NaN,
        "Net Income From Continuing Operation Net Minority Interest": NaN,
        "Reconciled Depreciation": NaN,
        "EBITDA": NaN,
        "EBIT": NaN,
        "Net Interest Income": NaN,
        "Interest Income": NaN,
        "Normalized Income": NaN,
        "Net Income From Continuing And Discontinued Operation": NaN,
        "Total Expenses": NaN,
        "Total Operating Income As Reported": NaN,
        "Diluted Average Shares": 3650769.0,
        "Basic Average Shares": 3650769.0,
        "Diluted EPS": -1.22,
        "Basic EPS": -1.22,
        "Diluted NI Availto Com Stockholders": NaN,
        "Net Income Common Stockholders": NaN,
        "Net Income": NaN,
        "Net Income Including Noncontrolling Interests": NaN,
        "Net Income Continuous Operations": NaN,
        "Pretax Income": NaN,
        "Other Income Expense": NaN,
        "Other Non Operating Income Expenses": NaN,
        "Special Income Charges": NaN,
        "Gain On Sale Of Business": NaN,
        "Net Non Operating Interest Income Expense": NaN,
        "Interest Income Non Operating": NaN,
        "Operating Income": NaN,
        "Operating Expense": NaN,
        "Research And Development": NaN,
        "Selling General And Administration": NaN,
        "General And Administrative Expense": NaN,
        "Other Gand A": NaN,
        "Salaries And Wages": NaN,
        "Total Revenue": NaN,
        "Operating Revenue": NaN
    },
    "2022-12-31": {
        "Tax Effect Of Unusual Items": NaN,
        "Tax Rate For Calcs": NaN,
        "Normalized EBITDA": NaN,
        "Total Unusual Items": 0.0,
        "Total Unusual Items Excluding Goodwill": 0.0,
        "Net Income From Continuing Operation Net Minority Interest": NaN,
        "Reconciled Depreciation": NaN,
        "EBITDA": NaN,
        "EBIT": NaN,
        "Net Interest Income": NaN,
        "Interest Income": NaN,
        "Normalized Income": NaN,
        "Net Income From Continuing And Discontinued Operation": NaN,
        "Total Expenses": NaN,
        "Total Operating Income As Reported": NaN,
        "Diluted Average Shares": NaN,
        "Basic Average Shares": NaN,
        "Diluted EPS": NaN,
        "Basic EPS": NaN,
        "Diluted NI Availto Com Stockholders": NaN,
        "Net Income Common Stockholders": NaN,
        "Net Income": NaN,
        "Net Income Including Noncontrolling Interests": NaN,
        "Net Income Continuous Operations": NaN,
        "Pretax Income": NaN,
        "Other Income Expense": NaN,
        "Other Non Operating Income Expenses": NaN,
        "Special Income Charges": 0.0,
        "Gain On Sale Of Business": NaN,
        "Impairment Of Capital Assets": 0.0,
        "Net Non Operating Interest Income Expense": NaN,
        "Interest Income Non Operating": NaN,
        "Operating Income": NaN,
        "Operating Expense": NaN,
        "Research And Development": NaN,
        "Selling General And Administration": NaN,
        "General And Administrative Expense": NaN,
        "Other Gand A": NaN,
        "Salaries And Wages": NaN,
        "Total Revenue": NaN,
        "Operating Revenue": NaN
    },
    "2022-09-30": {
        "Tax Effect Of Unusual Items": NaN,
        "Tax Rate For Calcs": NaN,
        "Normalized EBITDA": NaN,
        "Total Unusual Items": 0.0,
        "Total Unusual Items Excluding Goodwill": 0.0,
        "Net Income From Continuing Operation Net Minority Interest": NaN,
        "Reconciled Depreciation": NaN,
        "EBITDA": NaN,
        "EBIT": NaN,
        "Net Interest Income": NaN,
        "Interest Income": NaN,
        "Normalized Income": NaN,
        "Net Income From Continuing And Discontinued Operation": NaN,
        "Total Expenses": NaN,
        "Total Operating Income As Reported": NaN,
        "Diluted Average Shares": 3478157.0,
        "Basic Average Shares": 3478157.0,
        "Diluted EPS": -1.45,
        "Basic EPS": -1.45,
        "Diluted NI Availto Com Stockholders": NaN,
        "Net Income Common Stockholders": NaN,
        "Net Income": NaN,
        "Net Income Including Noncontrolling Interests": NaN,
        "Net Income Continuous Operations": NaN,
        "Pretax Income": NaN,
        "Other Income Expense": NaN,
        "Other Non Operating Income Expenses": NaN,
        "Special Income Charges": 0.0,
        "Impairment Of Capital Assets": 0.0,
        "Net Non Operating Interest Income Expense": NaN,
        "Interest Income Non Operating": NaN,
        "Operating Income": NaN,
        "Operating Expense": NaN,
        "Research And Development": NaN,
        "Selling General And Administration": NaN,
        "General And Administrative Expense": NaN,
        "Other Gand A": NaN,
        "Salaries And Wages": NaN,
        "Total Revenue": NaN,
        "Operating Revenue": NaN
    },
    "2022-06-30": {
        "Tax Effect Of Unusual Items": 0.0,
        "Tax Rate For Calcs": 0.0,
        "Normalized EBITDA": -4168000.0,
        "Total Unusual Items": NaN,
        "Total Unusual Items Excluding Goodwill": NaN,
        "Net Income From Continuing Operation Net Minority Interest": -4595000.0,
        "Reconciled Depreciation": 391000.0,
        "EBITDA": -4168000.0,
        "EBIT": -4559000.0,
        "Net Interest Income": 15000.0,
        "Interest Income": 15000.0,
        "Normalized Income": -4595000.0,
        "Net Income From Continuing And Discontinued Operation": -4595000.0,
        "Total Expenses": 5890000.0,
        "Total Operating Income As Reported": -4559000.0,
        "Diluted Average Shares": 3372090.0,
        "Basic Average Shares": 3372090.0,
        "Diluted EPS": -1.36,
        "Basic EPS": -1.36,
        "Diluted NI Availto Com Stockholders": -4595000.0,
        "Net Income Common Stockholders": -4595000.0,
        "Net Income": -4595000.0,
        "Net Income Including Noncontrolling Interests": -4595000.0,
        "Net Income Continuous Operations": -4595000.0,
        "Pretax Income": -4595000.0,
        "Other Income Expense": -51000.0,
        "Other Non Operating Income Expenses": -51000.0,
        "Special Income Charges": NaN,
        "Impairment Of Capital Assets": NaN,
        "Net Non Operating Interest Income Expense": 15000.0,
        "Interest Income Non Operating": 15000.0,
        "Operating Income": -4559000.0,
        "Operating Expense": 5890000.0,
        "Research And Development": 4337000.0,
        "Selling General And Administration": 1553000.0,
        "General And Administrative Expense": 1553000.0,
        "Other Gand A": 1553000.0,
        "Salaries And Wages": NaN,
        "Total Revenue": 1331000.0,
        "Operating Revenue": 1331000.0
    },
    "2022-03-31": {
        "Diluted EPS": -1.51,
        "Total Revenue": 1,
        "Gross Profit": 1,
        "Operating Income": -5,
        "EBIT": -5,
        "Net Income": -5
    },
    "2021-12-31": {
        "Diluted EPS": -2.57,
        "Total Revenue": 0,
        "Gross Profit": 0,
        "Operating Income": -4,
        "EBIT": -4,
        "Net Income": -7
    },
    "2021-09-30": {
        "Diluted EPS": -2.91,
        "Total Revenue": 1,
        "Gross Profit": 1,
        "Operating Income": -8,
        "EBIT": -4,
        "Net Income": -8
    },
    "2021-06-30": {
        "Diluted EPS": -1.37,
        "Total Revenue": 2,
        "Gross Profit": 2,
        "Operating Income": -4,
        "EBIT": -4,
        "Net Income": -4
    },
    "2021-03-31": {
        "Diluted EPS": -1.78,
        "Total Revenue": 1,
        "Gross Profit": 1,
        "Operating Income": -4,
        "EBIT": -4,
        "Net Income": -4
    },
    "2020-12-31": {
        "Diluted EPS": -1.63,
        "Total Revenue": 2,
        "Gross Profit": 2,
        "Operating Income": -3,
        "EBIT": -2,
        "Net Income": -3
    },
    "2020-09-30": {
        "Diluted EPS": -6.2,
        "Total Revenue": 4,
        "Gross Profit": 4,
        "Operating Income": -1,
        "EBIT": -1,
        "Net Income": -11
    },
    "2020-06-30": {
        "Diluted EPS": -1.0,
        "Total Revenue": 4,
        "Gross Profit": 4,
        "Operating Income": -1,
        "EBIT": -1,
        "Net Income": -1
    },
    "2020-03-31": {
        "Diluted EPS": -4.6,
        "Total Revenue": 3,
        "Gross Profit": 3,
        "Operating Income": -5,
        "EBIT": -5,
        "Net Income": -5
    },
    "2019-12-31": {
        "Diluted EPS": 2.0,
        "Total Revenue": 2,
        "Gross Profit": 2,
        "Operating Income": -4,
        "EBIT": -4,
        "Net Income": -4
    },
    "2019-09-30": {
        "Diluted EPS": -3.6,
        "Total Revenue": 1,
        "Gross Profit": 1,
        "Operating Income": -4,
        "EBIT": -3,
        "Net Income": -4
    },
    "2019-06-30": {
        "Diluted EPS": -8.2,
        "Total Revenue": 5,
        "Gross Profit": 5,
        "Operating Income": -8,
        "EBIT": -1,
        "Net Income": -8
    },
    "2019-03-31": {
        "Diluted EPS": -14.8,
        "Total Revenue": NaN,
        "Gross Profit": NaN,
        "Operating Income": -5,
        "EBIT": -4,
        "Net Income": -5
    },
    "2018-12-31": {
        "Diluted EPS": -4.4,
        "Total Revenue": NaN,
        "Gross Profit": NaN,
        "Operating Income": -4,
        "EBIT": -4,
        "Net Income": -4
    },
    "2018-09-30": {
        "Diluted EPS": -20.6,
        "Total Revenue": NaN,
        "Gross Profit": NaN,
        "Operating Income": -5,
        "EBIT": -5,
        "Net Income": -5
    },
    "2018-06-30": {
        "Diluted EPS": -26.8,
        "Total Revenue": NaN,
        "Gross Profit": NaN,
        "Operating Income": -6,
        "EBIT": -6,
        "Net Income": -6
    },
    "2018-03-31": {
        "Diluted EPS": -47.8,
        "Total Revenue": 0,
        "Gross Profit": 0,
        "Operating Income": -5,
        "EBIT": -5,
        "Net Income": -5
    },
    "2017-12-31": {
        "Diluted EPS": -42.4,
        "Total Revenue": NaN,
        "Gross Profit": NaN,
        "Operating Income": -4,
        "EBIT": -4,
        "Net Income": -5
    },
    "2017-09-30": {
        "Diluted EPS": -44.0,
        "Total Revenue": 0,
        "Gross Profit": 0,
        "Operating Income": -4,
        "EBIT": -4,
        "Net Income": -4
    },
    "2017-06-30": {
        "Diluted EPS": -58.0,
        "Total Revenue": NaN,
        "Gross Profit": NaN,
        "Operating Income": -5,
        "EBIT": -5,
        "Net Income": -6
    },
    "2017-03-31": {
        "Diluted EPS": -42.0,
        "Total Revenue": NaN,
        "Gross Profit": NaN,
        "Operating Income": -3,
        "EBIT": -3,
        "Net Income": -3
    },
    "2016-12-31": {
        "Diluted EPS": -134.0,
        "Total Revenue": 0,
        "Gross Profit": 0,
        "Operating Income": -7,
        "EBIT": -2,
        "Net Income": -10
    },
    "2016-09-30": {
        "Diluted EPS": -42.0,
        "Total Revenue": 0,
        "Gross Profit": 0,
        "Operating Income": -3,
        "EBIT": -3,
        "Net Income": -3
    },
    "2016-06-30": {
        "Diluted EPS": -124.0,
        "Total Revenue": 0,
        "Gross Profit": 0,
        "Operating Income": -9,
        "EBIT": -9,
        "Net Income": -9
    },
    "2016-03-31": {
        "Diluted EPS": -76.0,
        "Total Revenue": 0,
        "Gross Profit": 0,
        "Operating Income": -5,
        "EBIT": -5,
        "Net Income": -6
    },
    "2015-12-31": {
        "Diluted EPS": NaN,
        "Total Revenue": 0,
        "Gross Profit": 0,
        "Operating Income": -4,
        "EBIT": -4,
        "Net Income": -5
    },
    "2015-09-30": {
        "Diluted EPS": -68.0,
        "Total Revenue": 1,
        "Gross Profit": 1,
        "Operating Income": -5,
        "EBIT": -5,
        "Net Income": -5
    },
    "2015-06-30": {
        "Diluted EPS": NaN,
        "Total Revenue": 0,
        "Gross Profit": 0,
        "Operating Income": -11,
        "EBIT": -11,
        "Net Income": -15
    },
    "2015-03-31": {
        "Diluted EPS": NaN,
        "Total Revenue": 0,
        "Gross Profit": 0,
        "Operating Income": -3,
        "EBIT": -3,
        "Net Income": -2
    },
    "2014-12-31": {
        "Diluted EPS": -175.0,
        "Total Revenue": NaN,
        "Gross Profit": NaN,
        "Operating Income": -2,
        "EBIT": -2,
        "Net Income": -2
    },
    "2014-09-30": {
        "Diluted EPS": NaN,
        "Total Revenue": 0,
        "Gross Profit": 0,
        "Operating Income": -3,
        "EBIT": -3,
        "Net Income": -11
    },
    "2014-06-30": {
        "Diluted EPS": -442.0,
        "Total Revenue": NaN,
        "Gross Profit": NaN,
        "Operating Income": -2,
        "EBIT": -2,
        "Net Income": -7
    },
    "2014-03-31": {
        "Diluted EPS": -230.0,
        "Total Revenue": NaN,
        "Gross Profit": NaN,
        "Operating Income": -1,
        "EBIT": -1,
        "Net Income": -1
    },
    "2013-12-31": {
        "Diluted EPS": -165.0,
        "Total Revenue": NaN,
        "Gross Profit": NaN,
        "Operating Income": -1,
        "EBIT": -1,
        "Net Income": -1
    },
    "2013-09-30": {
        "Diluted EPS": -250.0,
        "Total Revenue": NaN,
        "Gross Profit": NaN,
        "Operating Income": -1,
        "EBIT": -1,
        "Net Income": -1
    },
    "2013-06-30": {
        "Diluted EPS": -120.0,
        "Total Revenue": NaN,
        "Gross Profit": NaN,
        "Operating Income": 0,
        "EBIT": 0,
        "Net Income": 0
    },
    "2013-03-31": {
        "Diluted EPS": -115.0,
        "Total Revenue": NaN,
        "Gross Profit": NaN,
        "Operating Income": NaN,
        "EBIT": NaN,
        "Net Income": 0
    },
    "2023-06-30": {
        "Tax Effect Of Unusual Items": NaN,
        "Tax Rate For Calcs": NaN,
        "Normalized EBITDA": NaN,
        "Total Unusual Items": 0.0,
        "Total Unusual Items Excluding Goodwill": 0.0,
        "Net Income From Continuing Operation Net Minority Interest": NaN,
        "Reconciled Depreciation": NaN,
        "EBITDA": NaN,
        "EBIT": NaN,
        "Net Interest Income": NaN,
        "Interest Income": NaN,
        "Normalized Income": NaN,
        "Net Income From Continuing And Discontinued Operation": NaN,
        "Total Expenses": NaN,
        "Total Operating Income As Reported": NaN,
        "Diluted Average Shares": 3652285.0,
        "Basic Average Shares": 3652285.0,
        "Diluted EPS": -1.04,
        "Basic EPS": -1.04,
        "Diluted NI Availto Com Stockholders": NaN,
        "Net Income Common Stockholders": NaN,
        "Net Income": NaN,
        "Net Income Including Noncontrolling Interests": NaN,
        "Net Income Continuous Operations": NaN,
        "Pretax Income": NaN,
        "Other Income Expense": NaN,
        "Other Non Operating Income Expenses": NaN,
        "Special Income Charges": 0.0,
        "Gain On Sale Of Business": 0.0,
        "Net Non Operating Interest Income Expense": NaN,
        "Interest Income Non Operating": NaN,
        "Operating Income": NaN,
        "Operating Expense": NaN,
        "Research And Development": NaN,
        "Selling General And Administration": NaN,
        "General And Administrative Expense": NaN,
        "Other Gand A": NaN,
        "Salaries And Wages": 196000.0,
        "Total Revenue": NaN,
        "Operating Revenue": NaN
    },
    "2023-09-30": {
        "Tax Effect Of Unusual Items": NaN,
        "Tax Rate For Calcs": NaN,
        "Normalized EBITDA": NaN,
        "Total Unusual Items": 0.0,
        "Total Unusual Items Excluding Goodwill": 0.0,
        "Net Income From Continuing Operation Net Minority Interest": NaN,
        "Reconciled Depreciation": NaN,
        "EBITDA": NaN,
        "EBIT": NaN,
        "Net Interest Income": NaN,
        "Interest Income": NaN,
        "Normalized Income": NaN,
        "Net Income From Continuing And Discontinued Operation": NaN,
        "Total Expenses": NaN,
        "Total Operating Income As Reported": NaN,
        "Diluted Average Shares": 3652285.0,
        "Basic Average Shares": 3652285.0,
        "Diluted EPS": -1.03,
        "Basic EPS": -1.03,
        "Diluted NI Availto Com Stockholders": NaN,
        "Net Income Common Stockholders": NaN,
        "Net Income": NaN,
        "Net Income Including Noncontrolling Interests": NaN,
        "Net Income Continuous Operations": NaN,
        "Pretax Income": NaN,
        "Other Income Expense": NaN,
        "Other Non Operating Income Expenses": NaN,
        "Special Income Charges": 0.0,
        "Gain On Sale Of Business": 0.0,
        "Net Non Operating Interest Income Expense": NaN,
        "Interest Income Non Operating": NaN,
        "Operating Income": NaN,
        "Operating Expense": NaN,
        "Research And Development": NaN,
        "Selling General And Administration": NaN,
        "General And Administrative Expense": NaN,
        "Other Gand A": NaN,
        "Salaries And Wages": NaN,
        "Total Revenue": NaN,
        "Operating Revenue": NaN
    },
    "2023-12-31": {
        "Tax Effect Of Unusual Items": 0.0,
        "Tax Rate For Calcs": 0.0,
        "Normalized EBITDA": -2017000.0,
        "Total Unusual Items": NaN,
        "Total Unusual Items Excluding Goodwill": NaN,
        "Net Income From Continuing Operation Net Minority Interest": -2083000.0,
        "Reconciled Depreciation": 208000.0,
        "EBITDA": -2017000.0,
        "EBIT": -2225000.0,
        "Net Interest Income": 192000.0,
        "Interest Income": 192000.0,
        "Normalized Income": -2083000.0,
        "Net Income From Continuing And Discontinued Operation": -2083000.0,
        "Total Expenses": 4427000.0,
        "Total Operating Income As Reported": -2225000.0,
        "Diluted Average Shares": NaN,
        "Basic Average Shares": NaN,
        "Diluted EPS": NaN,
        "Basic EPS": NaN,
        "Diluted NI Availto Com Stockholders": -2083000.0,
        "Net Income Common Stockholders": -2083000.0,
        "Net Income": -2083000.0,
        "Net Income Including Noncontrolling Interests": -2083000.0,
        "Net Income Continuous Operations": -2083000.0,
        "Pretax Income": -2083000.0,
        "Other Income Expense": -50000.0,
        "Other Non Operating Income Expenses": -50000.0,
        "Special Income Charges": NaN,
        "Gain On Sale Of Business": NaN,
        "Net Non Operating Interest Income Expense": 192000.0,
        "Interest Income Non Operating": 192000.0,
        "Operating Income": -2225000.0,
        "Operating Expense": 4427000.0,
        "Research And Development": 3516000.0,
        "Selling General And Administration": 911000.0,
        "General And Administrative Expense": 911000.0,
        "Other Gand A": 911000.0,
        "Salaries And Wages": NaN,
        "Total Revenue": 2202000.0,
        "Operating Revenue": 2202000.0
    },
    "2024-03-31": {
        "Tax Effect Of Unusual Items": 0.0,
        "Tax Rate For Calcs": 0.21,
        "Normalized EBITDA": 1021000.0,
        "Total Unusual Items": NaN,
        "Total Unusual Items Excluding Goodwill": NaN,
        "Net Income From Continuing Operation Net Minority Interest": 825000.0,
        "Reconciled Depreciation": 274000.0,
        "EBITDA": 1021000.0,
        "EBIT": 747000.0,
        "Net Interest Income": 160000.0,
        "Interest Income": 160000.0,
        "Normalized Income": 825000.0,
        "Net Income From Continuing And Discontinued Operation": 825000.0,
        "Total Expenses": 5138000.0,
        "Total Operating Income As Reported": 747000.0,
        "Diluted Average Shares": 3652285.0,
        "Basic Average Shares": 3652285.0,
        "Diluted EPS": 0.23,
        "Basic EPS": 0.23,
        "Diluted NI Availto Com Stockholders": 825000.0,
        "Net Income Common Stockholders": 825000.0,
        "Net Income": 825000.0,
        "Net Income Including Noncontrolling Interests": 825000.0,
        "Net Income Continuous Operations": 825000.0,
        "Pretax Income": 825000.0,
        "Other Income Expense": -82000.0,
        "Other Non Operating Income Expenses": -82000.0,
        "Special Income Charges": NaN,
        "Gain On Sale Of Business": NaN,
        "Net Non Operating Interest Income Expense": 160000.0,
        "Interest Income Non Operating": 160000.0,
        "Operating Income": 747000.0,
        "Operating Expense": 5138000.0,
        "Research And Development": 3512000.0,
        "Selling General And Administration": 1626000.0,
        "General And Administrative Expense": 1626000.0,
        "Other Gand A": 1626000.0,
        "Salaries And Wages": NaN,
        "Total Revenue": 5885000.0,
        "Operating Revenue": 5885000.0
    },
    "2024-06-30": {
        "Tax Effect Of Unusual Items": 0.0,
        "Tax Rate For Calcs": 0.0,
        "Normalized EBITDA": -504000.0,
        "Total Unusual Items": -2618000.0,
        "Total Unusual Items Excluding Goodwill": -2618000.0,
        "Net Income From Continuing Operation Net Minority Interest": -5811000.0,
        "Reconciled Depreciation": 161000.0,
        "EBITDA": -3122000.0,
        "EBIT": -3283000.0,
        "Net Interest Income": 133000.0,
        "Interest Income": 133000.0,
        "Normalized Income": -3193000.0,
        "Net Income From Continuing And Discontinued Operation": -5811000.0,
        "Total Expenses": 4835000.0,
        "Total Operating Income As Reported": -5901000.0,
        "Diluted Average Shares": 3652285.0,
        "Basic Average Shares": 3652285.0,
        "Diluted EPS": -1.59,
        "Basic EPS": -1.59,
        "Diluted NI Availto Com Stockholders": -5811000.0,
        "Net Income Common Stockholders": -5811000.0,
        "Net Income": -5811000.0,
        "Net Income Including Noncontrolling Interests": -5811000.0,
        "Net Income Continuous Operations": -5811000.0,
        "Pretax Income": -5811000.0,
        "Other Income Expense": -2661000.0,
        "Other Non Operating Income Expenses": -43000.0,
        "Special Income Charges": -2618000.0,
        "Gain On Sale Of Business": -2618000.0,
        "Net Non Operating Interest Income Expense": 133000.0,
        "Interest Income Non Operating": 133000.0,
        "Operating Income": -3283000.0,
        "Operating Expense": 4835000.0,
        "Research And Development": 2834000.0,
        "Selling General And Administration": 2001000.0,
        "General And Administrative Expense": 2001000.0,
        "Other Gand A": 2001000.0,
        "Salaries And Wages": NaN,
        "Total Revenue": 1552000.0,
        "Operating Revenue": 1552000.0
    },
    "2024-09-30": {
        "Tax Effect Of Unusual Items": 0.0,
        "Tax Rate For Calcs": 0.0,
        "Normalized EBITDA": -2657000.0,
        "Total Unusual Items": 0.0,
        "Total Unusual Items Excluding Goodwill": 0.0,
        "Net Income From Continuing Operation Net Minority Interest": -2587000.0,
        "Reconciled Depreciation": 0.0,
        "EBITDA": -2657000.0,
        "EBIT": -2657000.0,
        "Net Interest Income": 101000.0,
        "Interest Income": 101000.0,
        "Normalized Income": -2587000.0,
        "Net Income From Continuing And Discontinued Operation": -2587000.0,
        "Total Expenses": 3023000.0,
        "Total Operating Income As Reported": -2657000.0,
        "Diluted Average Shares": 3652285.0,
        "Basic Average Shares": 3652285.0,
        "Diluted EPS": -0.71,
        "Basic EPS": -0.71,
        "Diluted NI Availto Com Stockholders": -2587000.0,
        "Net Income Common Stockholders": -2587000.0,
        "Net Income": -2587000.0,
        "Net Income Including Noncontrolling Interests": -2587000.0,
        "Net Income Continuous Operations": -2587000.0,
        "Pretax Income": -2587000.0,
        "Other Income Expense": -31000.0,
        "Other Non Operating Income Expenses": -31000.0,
        "Special Income Charges": 0.0,
        "Gain On Sale Of Business": 0.0,
        "Net Non Operating Interest Income Expense": 101000.0,
        "Interest Income Non Operating": 101000.0,
        "Operating Income": -2657000.0,
        "Operating Expense": 3023000.0,
        "Research And Development": 814000.0,
        "Selling General And Administration": 2209000.0,
        "General And Administrative Expense": 2209000.0,
        "Other Gand A": 2209000.0,
        "Salaries And Wages": NaN,
        "Total Revenue": 366000.0,
        "Operating Revenue": 366000.0
    },
    "2024-12-31": {
        "Tax Effect Of Unusual Items": 0.0,
        "Tax Rate For Calcs": 0.0,
        "Normalized EBITDA": -1885000.0,
        "Total Unusual Items": -67000.0,
        "Total Unusual Items Excluding Goodwill": -67000.0,
        "Net Income From Continuing Operation Net Minority Interest": -1986000.0,
        "Reconciled Depreciation": 0.0,
        "EBITDA": -1952000.0,
        "EBIT": -1952000.0,
        "Net Interest Income": 73000.0,
        "Interest Income": 73000.0,
        "Normalized Income": -1919000.0,
        "Net Income From Continuing And Discontinued Operation": -1986000.0,
        "Total Expenses": 1955000.0,
        "Total Operating Income As Reported": -1952000.0,
        "Diluted Average Shares": NaN,
        "Basic Average Shares": NaN,
        "Diluted EPS": NaN,
        "Basic EPS": NaN,
        "Diluted NI Availto Com Stockholders": -1986000.0,
        "Net Income Common Stockholders": -1986000.0,
        "Net Income": -1986000.0,
        "Net Income Including Noncontrolling Interests": -1986000.0,
        "Net Income Continuous Operations": -1986000.0,
        "Pretax Income": -1986000.0,
        "Other Income Expense": -107000.0,
        "Other Non Operating Income Expenses": -40000.0,
        "Special Income Charges": 0.0,
        "Gain On Sale Of Business": 0.0,
        "Net Non Operating Interest Income Expense": 73000.0,
        "Interest Income Non Operating": 73000.0,
        "Operating Income": -1952000.0,
        "Operating Expense": 1955000.0,
        "Research And Development": 6000.0,
        "Selling General And Administration": 1949000.0,
        "General And Administrative Expense": 1949000.0,
        "Other Gand A": 1949000.0,
        "Salaries And Wages": NaN,
        "Total Revenue": 3000.0,
        "Operating Revenue": 3000.0
    }
}