{
    "2023-04-30": {
        "Tax Effect Of Unusual Items": NaN,
        "Tax Rate For Calcs": NaN,
        "Normalized EBITDA": NaN,
        "Total Unusual Items": NaN,
        "Total Unusual Items Excluding Goodwill": NaN,
        "Net Income From Continuing Operation Net Minority Interest": NaN,
        "Reconciled Depreciation": NaN,
        "Reconciled Cost Of Revenue": NaN,
        "EBITDA": NaN,
        "EBIT": NaN,
        "Net Interest Income": NaN,
        "Interest Expense": NaN,
        "Interest Income": NaN,
        "Normalized Income": NaN,
        "Net Income From Continuing And Discontinued Operation": NaN,
        "Total Expenses": NaN,
        "Diluted Average Shares": NaN,
        "Basic Average Shares": NaN,
        "Diluted EPS": NaN,
        "Basic EPS": NaN,
        "Diluted NI Availto Com Stockholders": NaN,
        "Net Income Common Stockholders": NaN,
        "Net Income": NaN,
        "Net Income Including Noncontrolling Interests": NaN,
        "Net Income Continuous Operations": NaN,
        "Tax Provision": NaN,
        "Pretax Income": NaN,
        "Other Income Expense": NaN,
        "Other Non Operating Income Expenses": NaN,
        "Special Income Charges": NaN,
        "Impairment Of Capital Assets": NaN,
        "Earnings From Equity Interest": NaN,
        "Net Non Operating Interest Income Expense": NaN,
        "Interest Expense Non Operating": NaN,
        "Interest Income Non Operating": NaN,
        "Operating Income": NaN,
        "Operating Expense": NaN,
        "Selling General And Administration": NaN,
        "General And Administrative Expense": 1063400000.0,
        "Other Gand A": 1064000000.0,
        "Salaries And Wages": -600000.0,
        "Gross Profit": NaN,
        "Cost Of Revenue": NaN,
        "Total Revenue": NaN,
        "Operating Revenue": NaN
    },
    "2023-01-31": {
        "Tax Effect Of Unusual Items": NaN,
        "Tax Rate For Calcs": NaN,
        "Normalized EBITDA": NaN,
        "Total Unusual Items": 0.0,
        "Total Unusual Items Excluding Goodwill": 0.0,
        "Net Income From Continuing Operation Net Minority Interest": NaN,
        "Reconciled Depreciation": NaN,
        "Reconciled Cost Of Revenue": NaN,
        "EBITDA": NaN,
        "EBIT": NaN,
        "Net Interest Income": NaN,
        "Interest Expense": NaN,
        "Interest Income": NaN,
        "Normalized Income": NaN,
        "Net Income From Continuing And Discontinued Operation": NaN,
        "Total Expenses": NaN,
        "Diluted Average Shares": NaN,
        "Basic Average Shares": NaN,
        "Diluted EPS": NaN,
        "Basic EPS": NaN,
        "Diluted NI Availto Com Stockholders": NaN,
        "Net Income Common Stockholders": NaN,
        "Net Income": NaN,
        "Minority Interests": 0.0,
        "Net Income Including Noncontrolling Interests": NaN,
        "Net Income Continuous Operations": NaN,
        "Tax Provision": NaN,
        "Pretax Income": NaN,
        "Other Income Expense": NaN,
        "Other Non Operating Income Expenses": NaN,
        "Special Income Charges": 0.0,
        "Impairment Of Capital Assets": 0.0,
        "Earnings From Equity Interest": NaN,
        "Net Non Operating Interest Income Expense": NaN,
        "Interest Expense Non Operating": NaN,
        "Interest Income Non Operating": NaN,
        "Operating Income": NaN,
        "Operating Expense": NaN,
        "Selling General And Administration": NaN,
        "General And Administrative Expense": NaN,
        "Other Gand A": NaN,
        "Salaries And Wages": NaN,
        "Gross Profit": NaN,
        "Cost Of Revenue": NaN,
        "Total Revenue": NaN,
        "Operating Revenue": NaN
    },
    "2022-10-31": {
        "Tax Effect Of Unusual Items": NaN,
        "Tax Rate For Calcs": NaN,
        "Normalized EBITDA": NaN,
        "Total Unusual Items": -417100000.0,
        "Total Unusual Items Excluding Goodwill": -417100000.0,
        "Net Income From Continuing Operation Net Minority Interest": NaN,
        "Reconciled Depreciation": NaN,
        "Reconciled Cost Of Revenue": NaN,
        "EBITDA": NaN,
        "EBIT": NaN,
        "Net Interest Income": NaN,
        "Interest Expense": NaN,
        "Interest Income": NaN,
        "Normalized Income": NaN,
        "Net Income From Continuing And Discontinued Operation": NaN,
        "Total Expenses": NaN,
        "Diluted Average Shares": NaN,
        "Basic Average Shares": NaN,
        "Diluted EPS": NaN,
        "Basic EPS": NaN,
        "Diluted NI Availto Com Stockholders": NaN,
        "Net Income Common Stockholders": NaN,
        "Net Income": NaN,
        "Minority Interests": 0.0,
        "Net Income Including Noncontrolling Interests": NaN,
        "Net Income Continuous Operations": NaN,
        "Tax Provision": NaN,
        "Pretax Income": NaN,
        "Other Income Expense": NaN,
        "Other Non Operating Income Expenses": NaN,
        "Special Income Charges": -417100000.0,
        "Impairment Of Capital Assets": 417100000.0,
        "Earnings From Equity Interest": NaN,
        "Net Non Operating Interest Income Expense": NaN,
        "Interest Expense Non Operating": NaN,
        "Interest Income Non Operating": NaN,
        "Operating Income": NaN,
        "Operating Expense": NaN,
        "Selling General And Administration": NaN,
        "General And Administrative Expense": 1085000000.0,
        "Other Gand A": 1085000000.0,
        "Salaries And Wages": NaN,
        "Gross Profit": NaN,
        "Cost Of Revenue": NaN,
        "Total Revenue": NaN,
        "Operating Revenue": NaN
    },
    "2022-07-31": {
        "Tax Effect Of Unusual Items": 0.0,
        "Tax Rate For Calcs": 0.264,
        "Normalized EBITDA": 149100000.0,
        "Total Unusual Items": NaN,
        "Total Unusual Items Excluding Goodwill": NaN,
        "Net Income From Continuing Operation Net Minority Interest": 115300000.0,
        "Reconciled Depreciation": 75400000.0,
        "Reconciled Cost Of Revenue": 912500000.0,
        "EBITDA": 149100000.0,
        "EBIT": 149100000.0,
        "Net Interest Income": -20300000.0,
        "Interest Expense": 21800000.0,
        "Interest Income": 1500000.0,
        "Normalized Income": 115300000.0,
        "Net Income From Continuing And Discontinued Operation": 115300000.0,
        "Total Expenses": 1982900000.0,
        "Diluted Average Shares": 67000000.0,
        "Basic Average Shares": 66600000.0,
        "Diluted EPS": 1.72,
        "Basic EPS": 1.73,
        "Diluted NI Availto Com Stockholders": 115300000.0,
        "Net Income Common Stockholders": 115300000.0,
        "Net Income": 115300000.0,
        "Minority Interests": 0.0,
        "Net Income Including Noncontrolling Interests": 115300000.0,
        "Net Income Continuous Operations": 115300000.0,
        "Tax Provision": 41400000.0,
        "Pretax Income": 156700000.0,
        "Other Income Expense": 27900000.0,
        "Other Non Operating Income Expenses": 3200000.0,
        "Special Income Charges": NaN,
        "Impairment Of Capital Assets": NaN,
        "Earnings From Equity Interest": 24700000.0,
        "Net Non Operating Interest Income Expense": -20300000.0,
        "Total Other Finance Cost": 20300000.0,
        "Interest Expense Non Operating": 21800000.0,
        "Interest Income Non Operating": 1500000.0,
        "Operating Income": 149100000.0,
        "Operating Expense": 1070400000.0,
        "Selling General And Administration": 1070400000.0,
        "General And Administrative Expense": NaN,
        "Other Gand A": NaN,
        "Gross Profit": 1219500000.0,
        "Cost Of Revenue": 912500000.0,
        "Total Revenue": 2132000000.0,
        "Operating Revenue": 2132000000.0
    },
    "2022-04-30": {
        "Diluted EPS": 1.94,
        "Total Revenue": NaN,
        "Gross Profit": NaN,
        "Operating Income": 210,
        "EBIT": 287,
        "Net Income": 133
    },
    "2022-01-31": {
        "Diluted EPS": 5.47,
        "Total Revenue": NaN,
        "Gross Profit": NaN,
        "Operating Income": 223,
        "EBIT": 303,
        "Net Income": 391
    },
    "2021-10-31": {
        "Diluted EPS": 3.89,
        "Total Revenue": NaN,
        "Gross Profit": NaN,
        "Operating Income": 258,
        "EBIT": 336,
        "Net Income": 280
    },
    "2021-07-31": {
        "Diluted EPS": 2.51,
        "Total Revenue": NaN,
        "Gross Profit": NaN,
        "Operating Income": 279,
        "EBIT": 357,
        "Net Income": 182
    },
    "2021-04-30": {
        "Diluted EPS": 1.38,
        "Total Revenue": NaN,
        "Gross Profit": NaN,
        "Operating Income": 197,
        "EBIT": 275,
        "Net Income": 100
    },
    "2021-01-31": {
        "Diluted EPS": -0.85,
        "Total Revenue": NaN,
        "Gross Profit": NaN,
        "Operating Income": 26,
        "EBIT": NaN,
        "Net Income": -58
    },
    "2020-10-31": {
        "Diluted EPS": 0.98,
        "Total Revenue": NaN,
        "Gross Profit": NaN,
        "Operating Income": 122,
        "EBIT": -731,
        "Net Income": 70
    },
    "2020-07-31": {
        "Diluted EPS": -0.72,
        "Total Revenue": NaN,
        "Gross Profit": 883,
        "Operating Income": -2,
        "EBIT": NaN,
        "Net Income": -51
    },
    "2020-04-30": {
        "Diluted EPS": -15.37,
        "Total Revenue": NaN,
        "Gross Profit": 666,
        "Operating Income": -282,
        "EBIT": -201,
        "Net Income": NaN
    },
    "2020-01-31": {
        "Diluted EPS": -0.88,
        "Total Revenue": NaN,
        "Gross Profit": NaN,
        "Operating Income": 46,
        "EBIT": 134,
        "Net Income": -67
    },
    "2019-10-31": {
        "Diluted EPS": 2.82,
        "Total Revenue": NaN,
        "Gross Profit": NaN,
        "Operating Income": 270,
        "EBIT": 351,
        "Net Income": 209
    },
    "2019-07-31": {
        "Diluted EPS": 2.58,
        "Total Revenue": NaN,
        "Gross Profit": NaN,
        "Operating Income": 137,
        "EBIT": 215,
        "Net Income": 194
    },
    "2019-04-30": {
        "Diluted EPS": 1.08,
        "Total Revenue": NaN,
        "Gross Profit": NaN,
        "Operating Income": 135,
        "EBIT": 212,
        "Net Income": 82
    },
    "2019-01-31": {
        "Diluted EPS": 2.09,
        "Total Revenue": NaN,
        "Gross Profit": NaN,
        "Operating Income": 134,
        "EBIT": 221,
        "Net Income": 159
    },
    "2018-10-31": {
        "Diluted EPS": 3.15,
        "Total Revenue": NaN,
        "Gross Profit": NaN,
        "Operating Income": 282,
        "EBIT": 364,
        "Net Income": 243
    },
    "2018-07-31": {
        "Diluted EPS": 2.12,
        "Total Revenue": NaN,
        "Gross Profit": NaN,
        "Operating Income": 231,
        "EBIT": 314,
        "Net Income": 165
    },
    "2018-04-30": {
        "Diluted EPS": 2.29,
        "Total Revenue": NaN,
        "Gross Profit": NaN,
        "Operating Income": 244,
        "EBIT": 328,
        "Net Income": 179
    },
    "2018-01-31": {
        "Diluted EPS": 1.38,
        "Total Revenue": NaN,
        "Gross Profit": NaN,
        "Operating Income": 58,
        "EBIT": 144,
        "Net Income": 109
    },
    "2017-10-31": {
        "Diluted EPS": 3.05,
        "Total Revenue": NaN,
        "Gross Profit": NaN,
        "Operating Income": 281,
        "EBIT": 362,
        "Net Income": 239
    },
    "2017-07-31": {
        "Diluted EPS": 1.52,
        "Total Revenue": NaN,
        "Gross Profit": NaN,
        "Operating Income": 181,
        "EBIT": 261,
        "Net Income": 120
    },
    "2017-04-30": {
        "Diluted EPS": 0.89,
        "Total Revenue": NaN,
        "Gross Profit": NaN,
        "Operating Income": 113,
        "EBIT": 190,
        "Net Income": 70
    },
    "2017-01-31": {
        "Diluted EPS": 1.29,
        "Total Revenue": NaN,
        "Gross Profit": NaN,
        "Operating Income": 323,
        "EBIT": 407,
        "Net Income": 101
    },
    "2016-10-31": {
        "Diluted EPS": 1.56,
        "Total Revenue": NaN,
        "Gross Profit": NaN,
        "Operating Income": 198,
        "EBIT": 282,
        "Net Income": 126
    },
    "2016-07-31": {
        "Diluted EPS": 1.11,
        "Total Revenue": NaN,
        "Gross Profit": NaN,
        "Operating Income": 143,
        "EBIT": 226,
        "Net Income": 91
    },
    "2016-04-30": {
        "Diluted EPS": 2.83,
        "Total Revenue": NaN,
        "Gross Profit": NaN,
        "Operating Income": 142,
        "EBIT": 212,
        "Net Income": 232
    },
    "2016-01-31": {
        "Diluted EPS": 1.63,
        "Total Revenue": NaN,
        "Gross Profit": NaN,
        "Operating Income": 176,
        "EBIT": 246,
        "Net Income": 134
    },
    "2015-10-31": {
        "Diluted EPS": 2.67,
        "Total Revenue": NaN,
        "Gross Profit": NaN,
        "Operating Income": 254,
        "EBIT": 317,
        "Net Income": 222
    },
    "2015-07-31": {
        "Diluted EPS": 1.22,
        "Total Revenue": NaN,
        "Gross Profit": NaN,
        "Operating Income": 154,
        "EBIT": 217,
        "Net Income": 102
    },
    "2015-04-30": {
        "Diluted EPS": 1.37,
        "Total Revenue": NaN,
        "Gross Profit": 986,
        "Operating Income": 177,
        "EBIT": 238,
        "Net Income": 114
    },
    "2015-01-31": {
        "Diluted EPS": 0.62,
        "Total Revenue": NaN,
        "Gross Profit": NaN,
        "Operating Income": 6,
        "EBIT": 69,
        "Net Income": 52
    },
    "2014-10-31": {
        "Diluted EPS": 2.71,
        "Total Revenue": NaN,
        "Gross Profit": NaN,
        "Operating Income": 280,
        "EBIT": 340,
        "Net Income": 226
    },
    "2014-07-31": {
        "Diluted EPS": 1.52,
        "Total Revenue": NaN,
        "Gross Profit": NaN,
        "Operating Income": 159,
        "EBIT": 220,
        "Net Income": 127
    },
    "2014-04-30": {
        "Diluted EPS": 0.42,
        "Total Revenue": NaN,
        "Gross Profit": NaN,
        "Operating Income": 85,
        "EBIT": 145,
        "Net Income": 35
    },
    "2014-01-31": {
        "Diluted EPS": -0.43,
        "Total Revenue": NaN,
        "Gross Profit": NaN,
        "Operating Income": 160,
        "EBIT": 231,
        "Net Income": -38
    },
    "2013-10-31": {
        "Diluted EPS": 2.37,
        "Total Revenue": NaN,
        "Gross Profit": NaN,
        "Operating Income": 249,
        "EBIT": 311,
        "Net Income": 197
    },
    "2013-07-31": {
        "Diluted EPS": -0.07,
        "Total Revenue": NaN,
        "Gross Profit": NaN,
        "Operating Income": 86,
        "EBIT": 183,
        "Net Income": -5
    },
    "2013-04-30": {
        "Diluted EPS": -0.13,
        "Total Revenue": NaN,
        "Gross Profit": 952,
        "Operating Income": 18,
        "EBIT": 103,
        "Net Income": -10
    },
    "2013-01-31": {
        "Diluted EPS": 1.08,
        "Total Revenue": NaN,
        "Gross Profit": 881,
        "Operating Income": 110,
        "EBIT": 148,
        "Net Income": 80
    },
    "2012-10-31": {
        "Diluted EPS": 2.27,
        "Total Revenue": NaN,
        "Gross Profit": 869,
        "Operating Income": 241,
        "EBIT": 276,
        "Net Income": 163
    },
    "2012-07-31": {
        "Diluted EPS": 1.22,
        "Total Revenue": NaN,
        "Gross Profit": 743,
        "Operating Income": 153,
        "EBIT": 188,
        "Net Income": 87
    },
    "2012-04-30": {
        "Diluted EPS": 1.3,
        "Total Revenue": NaN,
        "Gross Profit": 757,
        "Operating Income": 156,
        "EBIT": 190,
        "Net Income": 91
    },
    "2012-01-31": {
        "Diluted EPS": 0.53,
        "Total Revenue": NaN,
        "Gross Profit": 774,
        "Operating Income": 24,
        "EBIT": 57,
        "Net Income": 37
    },
    "2011-10-31": {
        "Diluted EPS": 1.54,
        "Total Revenue": NaN,
        "Gross Profit": 829,
        "Operating Income": 197,
        "EBIT": 229,
        "Net Income": 106
    },
    "2011-07-31": {
        "Diluted EPS": 0.92,
        "Total Revenue": NaN,
        "Gross Profit": 724,
        "Operating Income": 133,
        "EBIT": 165,
        "Net Income": 63
    },
    "2011-04-30": {
        "Diluted EPS": 0.79,
        "Total Revenue": NaN,
        "Gross Profit": 729,
        "Operating Income": 137,
        "EBIT": 171,
        "Net Income": 54
    },
    "2011-01-31": {
        "Diluted EPS": 1.02,
        "Total Revenue": NaN,
        "Gross Profit": 736,
        "Operating Income": 3,
        "EBIT": 37,
        "Net Income": 50
    },
    "2010-10-31": {
        "Diluted EPS": 1.39,
        "Total Revenue": NaN,
        "Gross Profit": 793,
        "Operating Income": 178,
        "EBIT": 230,
        "Net Income": 100
    },
    "2010-07-31": {
        "Diluted EPS": -1.07,
        "Total Revenue": NaN,
        "Gross Profit": 575,
        "Operating Income": 44,
        "EBIT": 94,
        "Net Income": -71
    },
    "2010-04-30": {
        "Diluted EPS": -0.53,
        "Total Revenue": 619,
        "Gross Profit": 317,
        "Operating Income": -23,
        "EBIT": -10,
        "Net Income": -28
    },
    "2010-01-31": {
        "Diluted EPS": 0.51,
        "Total Revenue": 615,
        "Gross Profit": 307,
        "Operating Income": 53,
        "EBIT": 65,
        "Net Income": 27
    },
    "2009-10-31": {
        "Diluted EPS": 1.58,
        "Total Revenue": 697,
        "Gross Profit": 338,
        "Operating Income": 90,
        "EBIT": 103,
        "Net Income": 84
    },
    "2009-07-31": {
        "Diluted EPS": 0.51,
        "Total Revenue": 529,
        "Gross Profit": 266,
        "Operating Income": 51,
        "EBIT": 64,
        "Net Income": 27
    },
    "2009-04-30": {
        "Diluted EPS": 0.48,
        "Total Revenue": 557,
        "Gross Profit": 272,
        "Operating Income": 49,
        "EBIT": 62,
        "Net Income": 25
    },
    "2009-01-31": {
        "Diluted EPS": -0.73,
        "Total Revenue": 578,
        "Gross Profit": 260,
        "Operating Income": -50,
        "EBIT": -35,
        "Net Income": -38
    },
    "2023-07-31": {
        "Tax Effect Of Unusual Items": 0.0,
        "Tax Rate For Calcs": 0.213,
        "Normalized EBITDA": 221100000.0,
        "Total Unusual Items": NaN,
        "Total Unusual Items Excluding Goodwill": NaN,
        "Net Income From Continuing Operation Net Minority Interest": 94200000.0,
        "Reconciled Depreciation": 75500000.0,
        "Reconciled Cost Of Revenue": 934700000.0,
        "EBITDA": 221100000.0,
        "EBIT": 145600000.0,
        "Net Interest Income": -23600000.0,
        "Interest Expense": 25900000.0,
        "Interest Income": 2300000.0,
        "Normalized Income": 94200000.0,
        "Net Income From Continuing And Discontinued Operation": 94200000.0,
        "Total Expenses": 2073200000.0,
        "Diluted Average Shares": 62700000.0,
        "Basic Average Shares": 62100000.0,
        "Diluted EPS": 1.5,
        "Basic EPS": 1.516908,
        "Diluted NI Availto Com Stockholders": 94200000.0,
        "Net Income Common Stockholders": 94200000.0,
        "Net Income": 94200000.0,
        "Net Income Including Noncontrolling Interests": 94200000.0,
        "Net Income Continuous Operations": 94200000.0,
        "Tax Provision": 25500000.0,
        "Pretax Income": 119700000.0,
        "Other Income Expense": 9500000.0,
        "Other Non Operating Income Expenses": 300000.0,
        "Special Income Charges": NaN,
        "Impairment Of Capital Assets": NaN,
        "Earnings From Equity Interest": 9200000.0,
        "Net Non Operating Interest Income Expense": -23600000.0,
        "Interest Expense Non Operating": 25900000.0,
        "Interest Income Non Operating": 2300000.0,
        "Operating Income": 133800000.0,
        "Operating Expense": 1138500000.0,
        "Selling General And Administration": 1138500000.0,
        "General And Administrative Expense": NaN,
        "Other Gand A": NaN,
        "Salaries And Wages": NaN,
        "Gross Profit": 1272300000.0,
        "Cost Of Revenue": 934700000.0,
        "Total Revenue": 2207000000.0,
        "Operating Revenue": 2207000000.0
    },
    "2023-10-31": {
        "Tax Effect Of Unusual Items": NaN,
        "Tax Rate For Calcs": NaN,
        "Normalized EBITDA": NaN,
        "Total Unusual Items": 0.0,
        "Total Unusual Items Excluding Goodwill": 0.0,
        "Net Income From Continuing Operation Net Minority Interest": NaN,
        "Reconciled Depreciation": NaN,
        "Reconciled Cost Of Revenue": NaN,
        "EBITDA": NaN,
        "EBIT": NaN,
        "Net Interest Income": NaN,
        "Interest Expense": NaN,
        "Interest Income": NaN,
        "Normalized Income": NaN,
        "Net Income From Continuing And Discontinued Operation": NaN,
        "Total Expenses": NaN,
        "Diluted Average Shares": NaN,
        "Basic Average Shares": NaN,
        "Diluted EPS": NaN,
        "Basic EPS": NaN,
        "Diluted NI Availto Com Stockholders": NaN,
        "Net Income Common Stockholders": NaN,
        "Net Income": NaN,
        "Net Income Including Noncontrolling Interests": NaN,
        "Net Income Continuous Operations": NaN,
        "Tax Provision": NaN,
        "Pretax Income": NaN,
        "Other Income Expense": NaN,
        "Other Non Operating Income Expenses": NaN,
        "Special Income Charges": 0.0,
        "Impairment Of Capital Assets": 0.0,
        "Earnings From Equity Interest": NaN,
        "Net Non Operating Interest Income Expense": NaN,
        "Interest Expense Non Operating": NaN,
        "Interest Income Non Operating": NaN,
        "Operating Income": NaN,
        "Operating Expense": NaN,
        "Selling General And Administration": NaN,
        "General And Administrative Expense": NaN,
        "Other Gand A": NaN,
        "Salaries And Wages": NaN,
        "Gross Profit": NaN,
        "Cost Of Revenue": NaN,
        "Total Revenue": NaN,
        "Operating Revenue": NaN
    },
    "2024-01-31": {
        "Tax Effect Of Unusual Items": NaN,
        "Tax Rate For Calcs": NaN,
        "Normalized EBITDA": NaN,
        "Total Unusual Items": 0.0,
        "Total Unusual Items Excluding Goodwill": 0.0,
        "Net Income From Continuing Operation Net Minority Interest": NaN,
        "Reconciled Depreciation": NaN,
        "Reconciled Cost Of Revenue": NaN,
        "EBITDA": NaN,
        "EBIT": NaN,
        "Net Interest Income": NaN,
        "Interest Expense": NaN,
        "Interest Income": NaN,
        "Normalized Income": NaN,
        "Net Income From Continuing And Discontinued Operation": NaN,
        "Total Expenses": NaN,
        "Diluted Average Shares": NaN,
        "Basic Average Shares": NaN,
        "Diluted EPS": NaN,
        "Basic EPS": NaN,
        "Diluted NI Availto Com Stockholders": NaN,
        "Net Income Common Stockholders": NaN,
        "Net Income": NaN,
        "Net Income Including Noncontrolling Interests": NaN,
        "Net Income Continuous Operations": NaN,
        "Tax Provision": NaN,
        "Pretax Income": NaN,
        "Other Income Expense": NaN,
        "Other Non Operating Income Expenses": NaN,
        "Special Income Charges": 0.0,
        "Impairment Of Capital Assets": 0.0,
        "Earnings From Equity Interest": NaN,
        "Net Non Operating Interest Income Expense": NaN,
        "Interest Expense Non Operating": NaN,
        "Interest Income Non Operating": NaN,
        "Operating Income": NaN,
        "Operating Expense": NaN,
        "Selling General And Administration": NaN,
        "General And Administrative Expense": NaN,
        "Other Gand A": NaN,
        "Salaries And Wages": NaN,
        "Gross Profit": NaN,
        "Cost Of Revenue": NaN,
        "Total Revenue": NaN,
        "Operating Revenue": NaN
    },
    "2024-04-30": {
        "Tax Effect Of Unusual Items": NaN,
        "Tax Rate For Calcs": NaN,
        "Normalized EBITDA": NaN,
        "Total Unusual Items": NaN,
        "Total Unusual Items Excluding Goodwill": NaN,
        "Net Income From Continuing Operation Net Minority Interest": NaN,
        "Reconciled Depreciation": NaN,
        "Reconciled Cost Of Revenue": NaN,
        "EBITDA": NaN,
        "EBIT": NaN,
        "Net Interest Income": NaN,
        "Interest Expense": NaN,
        "Interest Income": NaN,
        "Normalized Income": NaN,
        "Net Income From Continuing And Discontinued Operation": NaN,
        "Total Expenses": NaN,
        "Diluted Average Shares": NaN,
        "Basic Average Shares": NaN,
        "Diluted EPS": NaN,
        "Basic EPS": NaN,
        "Diluted NI Availto Com Stockholders": NaN,
        "Net Income Common Stockholders": NaN,
        "Net Income": NaN,
        "Net Income Including Noncontrolling Interests": NaN,
        "Net Income Continuous Operations": NaN,
        "Tax Provision": NaN,
        "Pretax Income": NaN,
        "Other Income Expense": NaN,
        "Other Non Operating Income Expenses": NaN,
        "Special Income Charges": NaN,
        "Impairment Of Capital Assets": 0.0,
        "Earnings From Equity Interest": NaN,
        "Net Non Operating Interest Income Expense": NaN,
        "Interest Expense Non Operating": NaN,
        "Interest Income Non Operating": NaN,
        "Operating Income": NaN,
        "Operating Expense": NaN,
        "Selling General And Administration": NaN,
        "General And Administrative Expense": 1016800000.0,
        "Other Gand A": 1017300000.0,
        "Salaries And Wages": -500000.0,
        "Gross Profit": NaN,
        "Cost Of Revenue": NaN,
        "Total Revenue": NaN,
        "Operating Revenue": NaN
    },
    "2024-07-31": {
        "Tax Effect Of Unusual Items": NaN,
        "Tax Rate For Calcs": NaN,
        "Normalized EBITDA": NaN,
        "Total Unusual Items": 0.0,
        "Total Unusual Items Excluding Goodwill": 0.0,
        "Net Income From Continuing Operation Net Minority Interest": NaN,
        "Reconciled Depreciation": NaN,
        "Reconciled Cost Of Revenue": NaN,
        "EBITDA": NaN,
        "EBIT": NaN,
        "Net Interest Income": NaN,
        "Interest Expense": NaN,
        "Interest Income": NaN,
        "Normalized Income": NaN,
        "Net Income From Continuing And Discontinued Operation": NaN,
        "Total Expenses": NaN,
        "Diluted Average Shares": NaN,
        "Basic Average Shares": NaN,
        "Diluted EPS": NaN,
        "Basic EPS": NaN,
        "Diluted NI Availto Com Stockholders": NaN,
        "Net Income Common Stockholders": NaN,
        "Net Income": NaN,
        "Net Income Including Noncontrolling Interests": NaN,
        "Net Income Continuous Operations": NaN,
        "Tax Provision": NaN,
        "Pretax Income": NaN,
        "Other Income Expense": NaN,
        "Other Non Operating Income Expenses": NaN,
        "Special Income Charges": 0.0,
        "Impairment Of Capital Assets": 0.0,
        "Earnings From Equity Interest": NaN,
        "Net Non Operating Interest Income Expense": NaN,
        "Interest Expense Non Operating": NaN,
        "Interest Income Non Operating": NaN,
        "Operating Income": NaN,
        "Operating Expense": NaN,
        "Selling General And Administration": NaN,
        "General And Administrative Expense": NaN,
        "Other Gand A": NaN,
        "Salaries And Wages": NaN,
        "Gross Profit": NaN,
        "Cost Of Revenue": NaN,
        "Total Revenue": NaN,
        "Operating Revenue": NaN
    },
    "2024-10-31": {
        "Tax Effect Of Unusual Items": 0.0,
        "Tax Rate For Calcs": 0.21,
        "Normalized EBITDA": 259700000.0,
        "Total Unusual Items": 0.0,
        "Total Unusual Items Excluding Goodwill": 0.0,
        "Net Income From Continuing Operation Net Minority Interest": 131900000.0,
        "Reconciled Depreciation": 69700000.0,
        "Reconciled Cost Of Revenue": 938500000.0,
        "EBITDA": 259700000.0,
        "EBIT": 190000000.0,
        "Net Interest Income": -16100000.0,
        "Interest Expense": 23000000.0,
        "Interest Income": 6900000.0,
        "Normalized Income": 131900000.0,
        "Net Income From Continuing And Discontinued Operation": 131900000.0,
        "Total Expenses": 2092500000.0,
        "Diluted Average Shares": 56300000.0,
        "Basic Average Shares": 55800000.0,
        "Diluted EPS": 2.34,
        "Basic EPS": 2.363799,
        "Diluted NI Availto Com Stockholders": 131900000.0,
        "Net Income Common Stockholders": 131900000.0,
        "Net Income": 131900000.0,
        "Net Income Including Noncontrolling Interests": 131900000.0,
        "Net Income Continuous Operations": 131900000.0,
        "Tax Provision": 35100000.0,
        "Pretax Income": 167000000.0,
        "Other Income Expense": 20500000.0,
        "Other Non Operating Income Expenses": 9900000.0,
        "Special Income Charges": 0.0,
        "Impairment Of Capital Assets": NaN,
        "Earnings From Equity Interest": 10600000.0,
        "Net Non Operating Interest Income Expense": -16100000.0,
        "Interest Expense Non Operating": 23000000.0,
        "Interest Income Non Operating": 6900000.0,
        "Operating Income": 162600000.0,
        "Operating Expense": 1154000000.0,
        "Selling General And Administration": 1154000000.0,
        "General And Administrative Expense": NaN,
        "Other Gand A": NaN,
        "Salaries And Wages": NaN,
        "Gross Profit": 1316600000.0,
        "Cost Of Revenue": 938500000.0,
        "Total Revenue": 2255100000.0,
        "Operating Revenue": 2255100000.0
    },
    "2025-01-31": {
        "Tax Effect Of Unusual Items": 0.0,
        "Tax Rate For Calcs": 0.2,
        "Normalized EBITDA": 287800000.0,
        "Total Unusual Items": NaN,
        "Total Unusual Items Excluding Goodwill": NaN,
        "Net Income From Continuing Operation Net Minority Interest": 157200000.0,
        "Reconciled Depreciation": 70600000.0,
        "Reconciled Cost Of Revenue": 990300000.0,
        "EBITDA": 287800000.0,
        "EBIT": 217200000.0,
        "Net Interest Income": -13700000.0,
        "Interest Expense": 20700000.0,
        "Interest Income": 7000000.0,
        "Normalized Income": 157200000.0,
        "Net Income From Continuing And Discontinued Operation": 157200000.0,
        "Total Expenses": 2147000000.0,
        "Diluted Average Shares": 55500000.0,
        "Basic Average Shares": 54800000.0,
        "Diluted EPS": 2.83,
        "Basic EPS": 2.868613,
        "Diluted NI Availto Com Stockholders": 157200000.0,
        "Net Income Common Stockholders": 157200000.0,
        "Net Income": 157200000.0,
        "Net Income Including Noncontrolling Interests": 157200000.0,
        "Net Income Continuous Operations": 157200000.0,
        "Tax Provision": 39300000.0,
        "Pretax Income": 196500000.0,
        "Other Income Expense": -14400000.0,
        "Other Non Operating Income Expenses": -27900000.0,
        "Special Income Charges": NaN,
        "Impairment Of Capital Assets": NaN,
        "Earnings From Equity Interest": 13500000.0,
        "Net Non Operating Interest Income Expense": -13700000.0,
        "Interest Expense Non Operating": 20700000.0,
        "Interest Income Non Operating": 7000000.0,
        "Operating Income": 224600000.0,
        "Operating Expense": 1156700000.0,
        "Selling General And Administration": 1156700000.0,
        "General And Administrative Expense": NaN,
        "Other Gand A": NaN,
        "Salaries And Wages": NaN,
        "Gross Profit": 1381300000.0,
        "Cost Of Revenue": 990300000.0,
        "Total Revenue": 2371600000.0,
        "Operating Revenue": 2371600000.0
    },
    "2025-04-30": {
        "Tax Effect Of Unusual Items": -100695000.0,
        "Tax Rate For Calcs": 0.21,
        "Normalized EBITDA": 220000000.0,
        "Total Unusual Items": -479500000.0,
        "Total Unusual Items Excluding Goodwill": -479500000.0,
        "Net Income From Continuing Operation Net Minority Interest": -44800000.0,
        "Reconciled Depreciation": 67700000.0,
        "Reconciled Cost Of Revenue": 821900000.0,
        "EBITDA": -259500000.0,
        "EBIT": -327200000.0,
        "Net Interest Income": -17400000.0,
        "Interest Expense": 22400000.0,
        "Interest Income": 5000000.0,
        "Normalized Income": 334005000.0,
        "Net Income From Continuing And Discontinued Operation": -44800000.0,
        "Total Expenses": 1845800000.0,
        "Diluted Average Shares": 51100000.0,
        "Basic Average Shares": 51100000.0,
        "Diluted EPS": -0.88,
        "Basic EPS": -0.876712,
        "Diluted NI Availto Com Stockholders": -44800000.0,
        "Net Income Common Stockholders": -44800000.0,
        "Net Income": -44800000.0,
        "Net Income Including Noncontrolling Interests": -44800000.0,
        "Net Income Continuous Operations": -44800000.0,
        "Tax Provision": -304800000.0,
        "Pretax Income": -349600000.0,
        "Other Income Expense": -470000000.0,
        "Other Non Operating Income Expenses": -1000000.0,
        "Special Income Charges": -479500000.0,
        "Impairment Of Capital Assets": 479500000.0,
        "Earnings From Equity Interest": 10500000.0,
        "Net Non Operating Interest Income Expense": -17400000.0,
        "Interest Expense Non Operating": 22400000.0,
        "Interest Income Non Operating": 5000000.0,
        "Operating Income": 137800000.0,
        "Operating Expense": 1023900000.0,
        "Selling General And Administration": 1023900000.0,
        "General And Administrative Expense": NaN,
        "Other Gand A": NaN,
        "Salaries And Wages": NaN,
        "Gross Profit": 1161700000.0,
        "Cost Of Revenue": 821900000.0,
        "Total Revenue": 1983600000.0,
        "Operating Revenue": 1983600000.0
    },
    "2025-07-31": {
        "Tax Effect Of Unusual Items": 0.0,
        "Tax Rate For Calcs": 0.21,
        "Normalized EBITDA": 205700000.0,
        "Total Unusual Items": 0.0,
        "Total Unusual Items Excluding Goodwill": 0.0,
        "Net Income From Continuing Operation Net Minority Interest": 224200000.0,
        "Reconciled Depreciation": 68700000.0,
        "Reconciled Cost Of Revenue": 916400000.0,
        "EBITDA": 205700000.0,
        "EBIT": 137000000.0,
        "Net Interest Income": -22000000.0,
        "Interest Expense": 25800000.0,
        "Interest Income": 3800000.0,
        "Normalized Income": 224200000.0,
        "Net Income From Continuing And Discontinued Operation": 224200000.0,
        "Total Expenses": 2045300000.0,
        "Diluted Average Shares": 48500000.0,
        "Basic Average Shares": 48100000.0,
        "Diluted EPS": 4.63,
        "Basic EPS": 4.661123,
        "Diluted NI Availto Com Stockholders": 224200000.0,
        "Net Income Common Stockholders": 224200000.0,
        "Net Income": 224200000.0,
        "Net Income Including Noncontrolling Interests": 224200000.0,
        "Net Income Continuous Operations": 224200000.0,
        "Tax Provision": -113000000.0,
        "Pretax Income": 111200000.0,
        "Other Income Expense": 11300000.0,
        "Other Non Operating Income Expenses": -900000.0,
        "Special Income Charges": 0.0,
        "Impairment Of Capital Assets": 0.0,
        "Earnings From Equity Interest": 12200000.0,
        "Net Non Operating Interest Income Expense": -22000000.0,
        "Interest Expense Non Operating": 25800000.0,
        "Interest Income Non Operating": 3800000.0,
        "Operating Income": 121900000.0,
        "Operating Expense": 1128900000.0,
        "Selling General And Administration": 1128900000.0,
        "General And Administrative Expense": NaN,
        "Other Gand A": NaN,
        "Salaries And Wages": NaN,
        "Gross Profit": 1250800000.0,
        "Cost Of Revenue": 916400000.0,
        "Total Revenue": 2167200000.0,
        "Operating Revenue": 2167200000.0
    },
    "2025-10-31": {
        "Tax Effect Of Unusual Items": 0.0,
        "Tax Rate For Calcs": 0.21,
        "Normalized EBITDA": 252900000.0,
        "Total Unusual Items": 0.0,
        "Total Unusual Items Excluding Goodwill": 0.0,
        "Net Income From Continuing Operation Net Minority Interest": 4200000.0,
        "Reconciled Depreciation": 69400000.0,
        "Reconciled Cost Of Revenue": 1001500000.0,
        "EBITDA": 252900000.0,
        "EBIT": 183500000.0,
        "Net Interest Income": -20500000.0,
        "Interest Expense": 23200000.0,
        "Interest Income": 2700000.0,
        "Normalized Income": 4200000.0,
        "Net Income From Continuing And Discontinued Operation": 4200000.0,
        "Total Expenses": 2122500000.0,
        "Diluted Average Shares": 47900000.0,
        "Basic Average Shares": 47300000.0,
        "Diluted EPS": 0.088795,
        "Basic EPS": 0.088795,
        "Diluted NI Availto Com Stockholders": 4200000.0,
        "Net Income Common Stockholders": 4200000.0,
        "Net Income": 4200000.0,
        "Net Income Including Noncontrolling Interests": 4200000.0,
        "Net Income Continuous Operations": 4200000.0,
        "Tax Provision": 156100000.0,
        "Pretax Income": 160300000.0,
        "Other Income Expense": 9000000.0,
        "Other Non Operating Income Expenses": -1000000.0,
        "Special Income Charges": 0.0,
        "Impairment Of Capital Assets": NaN,
        "Earnings From Equity Interest": 10000000.0,
        "Net Non Operating Interest Income Expense": -20500000.0,
        "Interest Expense Non Operating": 23200000.0,
        "Interest Income Non Operating": 2700000.0,
        "Operating Income": 171800000.0,
        "Operating Expense": 1121000000.0,
        "Selling General And Administration": 1121000000.0,
        "General And Administrative Expense": NaN,
        "Other Gand A": NaN,
        "Salaries And Wages": NaN,
        "Gross Profit": 1292800000.0,
        "Cost Of Revenue": 1001500000.0,
        "Total Revenue": 2294300000.0,
        "Operating Revenue": 2294300000.0
    }
}