{
    "2024-03-31": {
        "Tax Effect Of Unusual Items": NaN,
        "Tax Rate For Calcs": NaN,
        "Normalized EBITDA": NaN,
        "Total Unusual Items": NaN,
        "Total Unusual Items Excluding Goodwill": NaN,
        "Net Income From Continuing Operation Net Minority Interest": NaN,
        "EBITDA": NaN,
        "EBIT": NaN,
        "Net Interest Income": NaN,
        "Interest Expense": NaN,
        "Interest Income": 86000.0,
        "Normalized Income": NaN,
        "Net Income From Continuing And Discontinued Operation": NaN,
        "Total Expenses": NaN,
        "Total Operating Income As Reported": NaN,
        "Diluted Average Shares": NaN,
        "Basic Average Shares": NaN,
        "Diluted EPS": NaN,
        "Basic EPS": NaN,
        "Diluted NI Availto Com Stockholders": NaN,
        "Net Income Common Stockholders": NaN,
        "Preferred Stock Dividends": 194000.0,
        "Net Income": NaN,
        "Net Income Including Noncontrolling Interests": NaN,
        "Net Income Continuous Operations": NaN,
        "Tax Provision": NaN,
        "Pretax Income": NaN,
        "Other Income Expense": NaN,
        "Other Non Operating Income Expenses": NaN,
        "Gain On Sale Of Security": NaN,
        "Net Non Operating Interest Income Expense": NaN,
        "Interest Expense Non Operating": NaN,
        "Interest Income Non Operating": 86000.0,
        "Operating Income": NaN,
        "Operating Expense": NaN,
        "Research And Development": NaN,
        "Selling General And Administration": NaN,
        "General And Administrative Expense": NaN,
        "Other Gand A": NaN,
        "Salaries And Wages": NaN,
        "Total Revenue": NaN,
        "Operating Revenue": NaN
    },
    "2023-03-31": {
        "Tax Effect Of Unusual Items": 0.0,
        "Tax Rate For Calcs": 0.0,
        "Normalized EBITDA": -4048000.0,
        "Total Unusual Items": -85000.0,
        "Total Unusual Items Excluding Goodwill": -85000.0,
        "Net Income From Continuing Operation Net Minority Interest": -6712000.0,
        "EBITDA": -4133000.0,
        "EBIT": -4133000.0,
        "Net Interest Income": -2579000.0,
        "Interest Expense": 2579000.0,
        "Normalized Income": -6627000.0,
        "Net Income From Continuing And Discontinued Operation": -6712000.0,
        "Total Expenses": 4540000.0,
        "Total Operating Income As Reported": -4540000.0,
        "Diluted Average Shares": 11221307.0,
        "Basic Average Shares": 11221307.0,
        "Diluted EPS": -0.615436,
        "Basic EPS": -0.615436,
        "Diluted NI Availto Com Stockholders": -6906000.0,
        "Net Income Common Stockholders": -6906000.0,
        "Preferred Stock Dividends": 194000.0,
        "Net Income": -6712000.0,
        "Net Income Including Noncontrolling Interests": -6712000.0,
        "Net Income Continuous Operations": -6712000.0,
        "Tax Provision": 0.0,
        "Pretax Income": -6712000.0,
        "Other Income Expense": 407000.0,
        "Other Non Operating Income Expenses": 492000.0,
        "Gain On Sale Of Security": -85000.0,
        "Net Non Operating Interest Income Expense": -2579000.0,
        "Interest Expense Non Operating": 2579000.0,
        "Operating Income": -4540000.0,
        "Operating Expense": 4540000.0,
        "Research And Development": 3616000.0,
        "Selling General And Administration": 924000.0,
        "General And Administrative Expense": 924000.0,
        "Other Gand A": 924000.0,
        "Total Revenue": 0.0,
        "Operating Revenue": 0.0
    },
    "2025-03-31": {
        "Tax Effect Of Unusual Items": 0.0,
        "Tax Rate For Calcs": 0.0,
        "Normalized EBITDA": -6895000.0,
        "Total Unusual Items": -75000.0,
        "Total Unusual Items Excluding Goodwill": -75000.0,
        "Net Income From Continuing Operation Net Minority Interest": -8185000.0,
        "EBITDA": -6970000.0,
        "EBIT": -6970000.0,
        "Net Interest Income": -463000.0,
        "Interest Expense": 1215000.0,
        "Interest Income": 752000.0,
        "Normalized Income": -8110000.0,
        "Net Income From Continuing And Discontinued Operation": -8185000.0,
        "Total Expenses": 7871000.0,
        "Total Operating Income As Reported": -7871000.0,
        "Diluted Average Shares": 11013697.0,
        "Basic Average Shares": 11013697.0,
        "Diluted EPS": -0.74,
        "Basic EPS": -0.74,
        "Diluted NI Availto Com Stockholders": -8185000.0,
        "Net Income Common Stockholders": -8185000.0,
        "Preferred Stock Dividends": NaN,
        "Net Income": -8185000.0,
        "Net Income Including Noncontrolling Interests": -8185000.0,
        "Net Income Continuous Operations": -8185000.0,
        "Tax Provision": 0.0,
        "Pretax Income": -8185000.0,
        "Other Income Expense": 149000.0,
        "Other Non Operating Income Expenses": 224000.0,
        "Gain On Sale Of Security": -75000.0,
        "Net Non Operating Interest Income Expense": -463000.0,
        "Interest Expense Non Operating": 1215000.0,
        "Interest Income Non Operating": 752000.0,
        "Operating Income": -7871000.0,
        "Operating Expense": 7871000.0,
        "Research And Development": 4074000.0,
        "Selling General And Administration": 3797000.0,
        "General And Administrative Expense": 3797000.0,
        "Other Gand A": 3797000.0,
        "Salaries And Wages": NaN,
        "Total Revenue": 0.0,
        "Operating Revenue": 0.0
    },
    "2025-06-30": {
        "Tax Effect Of Unusual Items": 0.0,
        "Tax Rate For Calcs": 0.0,
        "Normalized EBITDA": -7999000.0,
        "Total Unusual Items": -118000.0,
        "Total Unusual Items Excluding Goodwill": -118000.0,
        "Net Income From Continuing Operation Net Minority Interest": -9471000.0,
        "EBITDA": -8117000.0,
        "EBIT": -8117000.0,
        "Net Interest Income": -664000.0,
        "Interest Expense": 1354000.0,
        "Interest Income": 690000.0,
        "Normalized Income": -9353000.0,
        "Net Income From Continuing And Discontinued Operation": -9471000.0,
        "Total Expenses": 9250000.0,
        "Total Operating Income As Reported": -9250000.0,
        "Diluted Average Shares": 11052741.0,
        "Basic Average Shares": 11052741.0,
        "Diluted EPS": -0.86,
        "Basic EPS": -0.86,
        "Diluted NI Availto Com Stockholders": -9471000.0,
        "Net Income Common Stockholders": -9471000.0,
        "Preferred Stock Dividends": NaN,
        "Net Income": -9471000.0,
        "Net Income Including Noncontrolling Interests": -9471000.0,
        "Net Income Continuous Operations": -9471000.0,
        "Tax Provision": 0.0,
        "Pretax Income": -9471000.0,
        "Other Income Expense": 443000.0,
        "Other Non Operating Income Expenses": 561000.0,
        "Gain On Sale Of Security": -118000.0,
        "Net Non Operating Interest Income Expense": -664000.0,
        "Interest Expense Non Operating": 1354000.0,
        "Interest Income Non Operating": 690000.0,
        "Operating Income": -9250000.0,
        "Operating Expense": 9250000.0,
        "Research And Development": 5118000.0,
        "Selling General And Administration": 4132000.0,
        "General And Administrative Expense": 4132000.0,
        "Other Gand A": 4132000.0,
        "Salaries And Wages": NaN,
        "Total Revenue": 0.0,
        "Operating Revenue": 0.0
    },
    "2024-06-30": {
        "Tax Effect Of Unusual Items": NaN,
        "Tax Rate For Calcs": NaN,
        "Normalized EBITDA": NaN,
        "Total Unusual Items": NaN,
        "Total Unusual Items Excluding Goodwill": NaN,
        "Net Income From Continuing Operation Net Minority Interest": NaN,
        "EBITDA": NaN,
        "EBIT": NaN,
        "Net Interest Income": NaN,
        "Interest Expense": NaN,
        "Interest Income": NaN,
        "Normalized Income": NaN,
        "Net Income From Continuing And Discontinued Operation": NaN,
        "Total Expenses": NaN,
        "Total Operating Income As Reported": NaN,
        "Diluted Average Shares": 11221307.0,
        "Basic Average Shares": 11221307.0,
        "Diluted EPS": -0.389081,
        "Basic EPS": -0.389081,
        "Diluted NI Availto Com Stockholders": NaN,
        "Net Income Common Stockholders": NaN,
        "Preferred Stock Dividends": 194000.0,
        "Net Income": NaN,
        "Net Income Including Noncontrolling Interests": NaN,
        "Net Income Continuous Operations": NaN,
        "Tax Provision": NaN,
        "Pretax Income": NaN,
        "Other Income Expense": NaN,
        "Other Non Operating Income Expenses": NaN,
        "Gain On Sale Of Security": NaN,
        "Net Non Operating Interest Income Expense": NaN,
        "Interest Expense Non Operating": NaN,
        "Interest Income Non Operating": NaN,
        "Operating Income": NaN,
        "Operating Expense": NaN,
        "Research And Development": NaN,
        "Selling General And Administration": NaN,
        "General And Administrative Expense": NaN,
        "Other Gand A": NaN,
        "Salaries And Wages": NaN,
        "Total Revenue": NaN,
        "Operating Revenue": NaN
    },
    "2025-09-30": {
        "Tax Effect Of Unusual Items": 0.0,
        "Tax Rate For Calcs": 0.0,
        "Normalized EBITDA": -9515000.0,
        "Total Unusual Items": -320000.0,
        "Total Unusual Items Excluding Goodwill": -320000.0,
        "Net Income From Continuing Operation Net Minority Interest": -11345000.0,
        "EBITDA": -9835000.0,
        "EBIT": -9835000.0,
        "Net Interest Income": -882000.0,
        "Interest Expense": 1510000.0,
        "Interest Income": 628000.0,
        "Normalized Income": -11025000.0,
        "Net Income From Continuing And Discontinued Operation": -11345000.0,
        "Total Expenses": 10177000.0,
        "Total Operating Income As Reported": -10177000.0,
        "Diluted Average Shares": 11064282.0,
        "Basic Average Shares": 11064282.0,
        "Diluted EPS": -1.03,
        "Basic EPS": -1.03,
        "Diluted NI Availto Com Stockholders": -11345000.0,
        "Net Income Common Stockholders": -11345000.0,
        "Preferred Stock Dividends": NaN,
        "Net Income": -11345000.0,
        "Net Income Including Noncontrolling Interests": -11345000.0,
        "Net Income Continuous Operations": -11345000.0,
        "Tax Provision": 0.0,
        "Pretax Income": -11345000.0,
        "Other Income Expense": -286000.0,
        "Other Non Operating Income Expenses": 34000.0,
        "Gain On Sale Of Security": -320000.0,
        "Net Non Operating Interest Income Expense": -882000.0,
        "Interest Expense Non Operating": 1510000.0,
        "Interest Income Non Operating": 628000.0,
        "Operating Income": -10177000.0,
        "Operating Expense": 10177000.0,
        "Research And Development": 6528000.0,
        "Selling General And Administration": 3649000.0,
        "General And Administrative Expense": 3649000.0,
        "Other Gand A": 1498000.0,
        "Salaries And Wages": 2151000.0,
        "Total Revenue": 0.0,
        "Operating Revenue": 0.0
    },
    "2024-12-31": {
        "Tax Effect Of Unusual Items": 0.0,
        "Tax Rate For Calcs": 0.0,
        "Normalized EBITDA": -440000.0,
        "Total Unusual Items": -2207000.0,
        "Total Unusual Items Excluding Goodwill": -2207000.0,
        "Net Income From Continuing Operation Net Minority Interest": -3951000.0,
        "EBITDA": -2647000.0,
        "EBIT": -2647000.0,
        "Net Interest Income": -1665000.0,
        "Interest Expense": 1304000.0,
        "Interest Income": NaN,
        "Normalized Income": -1744000.0,
        "Net Income From Continuing And Discontinued Operation": -3951000.0,
        "Total Expenses": 4366000.0,
        "Total Operating Income As Reported": -4366000.0,
        "Diluted Average Shares": NaN,
        "Basic Average Shares": NaN,
        "Diluted EPS": NaN,
        "Basic EPS": NaN,
        "Diluted NI Availto Com Stockholders": -3369000.0,
        "Net Income Common Stockholders": -3369000.0,
        "Preferred Stock Dividends": NaN,
        "Net Income": -3951000.0,
        "Net Income Including Noncontrolling Interests": -3951000.0,
        "Net Income Continuous Operations": -3951000.0,
        "Tax Provision": 0.0,
        "Pretax Income": -3951000.0,
        "Other Income Expense": 2080000.0,
        "Other Non Operating Income Expenses": 4287000.0,
        "Gain On Sale Of Security": -2207000.0,
        "Net Non Operating Interest Income Expense": -1665000.0,
        "Interest Expense Non Operating": 1304000.0,
        "Interest Income Non Operating": NaN,
        "Operating Income": -4366000.0,
        "Operating Expense": 4366000.0,
        "Research And Development": 2543000.0,
        "Selling General And Administration": 1823000.0,
        "General And Administrative Expense": 1823000.0,
        "Other Gand A": 3262000.0,
        "Salaries And Wages": NaN,
        "Total Revenue": 0.0,
        "Operating Revenue": 0.0
    },
    "2024-09-30": {
        "Tax Effect Of Unusual Items": 0.0,
        "Tax Rate For Calcs": 0.0,
        "Normalized EBITDA": -5463000.0,
        "Total Unusual Items": -75000.0,
        "Total Unusual Items Excluding Goodwill": -75000.0,
        "Net Income From Continuing Operation Net Minority Interest": -6775000.0,
        "EBITDA": -5538000.0,
        "EBIT": -5538000.0,
        "Net Interest Income": -1050000.0,
        "Interest Expense": 1237000.0,
        "Interest Income": 187000.0,
        "Normalized Income": -6700000.0,
        "Net Income From Continuing And Discontinued Operation": -6775000.0,
        "Total Expenses": 5062000.0,
        "Total Operating Income As Reported": -5062000.0,
        "Diluted Average Shares": 11221307.0,
        "Basic Average Shares": 11221307.0,
        "Diluted EPS": -0.621051,
        "Basic EPS": -0.621051,
        "Diluted NI Availto Com Stockholders": -6969000.0,
        "Net Income Common Stockholders": -6969000.0,
        "Preferred Stock Dividends": 194000.0,
        "Net Income": -6775000.0,
        "Net Income Including Noncontrolling Interests": -6775000.0,
        "Net Income Continuous Operations": -6775000.0,
        "Tax Provision": 0.0,
        "Pretax Income": -6775000.0,
        "Other Income Expense": -663000.0,
        "Other Non Operating Income Expenses": -588000.0,
        "Gain On Sale Of Security": -75000.0,
        "Net Non Operating Interest Income Expense": -1050000.0,
        "Interest Expense Non Operating": 1237000.0,
        "Interest Income Non Operating": 187000.0,
        "Operating Income": -5062000.0,
        "Operating Expense": 5062000.0,
        "Research And Development": 3182000.0,
        "Selling General And Administration": 1880000.0,
        "General And Administrative Expense": 1880000.0,
        "Other Gand A": 1198000.0,
        "Salaries And Wages": 682000.0,
        "Total Revenue": 0.0,
        "Operating Revenue": 0.0
    }
}