{
    "2023-03-31": {
        "Tax Effect Of Unusual Items": 0.0,
        "Tax Rate For Calcs": 0.21,
        "Normalized EBITDA": 286027000.0,
        "Total Unusual Items": 0.0,
        "Total Unusual Items Excluding Goodwill": 0.0,
        "Net Income From Continuing Operation Net Minority Interest": 95046000.0,
        "Reconciled Depreciation": 150785000.0,
        "Reconciled Cost Of Revenue": 3777249000.0,
        "EBITDA": 286027000.0,
        "EBIT": 135242000.0,
        "Net Interest Income": -40177000.0,
        "Interest Expense": 41693000.0,
        "Interest Income": 1516000.0,
        "Normalized Income": 95046000.0,
        "Net Income From Continuing And Discontinued Operation": 95046000.0,
        "Total Expenses": 4312586000.0,
        "Total Operating Income As Reported": 125860000.0,
        "Diluted Average Shares": 148661000.0,
        "Basic Average Shares": 144467000.0,
        "Diluted EPS": 0.64,
        "Basic EPS": 0.66,
        "Diluted NI Availto Com Stockholders": 95046000.0,
        "Net Income Common Stockholders": 95046000.0,
        "Net Income": 95046000.0,
        "Minority Interests": -1924000.0,
        "Net Income Including Noncontrolling Interests": 96970000.0,
        "Net Income Continuous Operations": 96970000.0,
        "Tax Provision": -3421000.0,
        "Pretax Income": 93549000.0,
        "Other Income Expense": 17486000.0,
        "Other Non Operating Income Expenses": 7866000.0,
        "Special Income Charges": 0.0,
        "Write Off": NaN,
        "Impairment Of Capital Assets": NaN,
        "Restructuring And Mergern Acquisition": 0.0,
        "Earnings From Equity Interest": 9620000.0,
        "Net Non Operating Interest Income Expense": -40177000.0,
        "Interest Expense Non Operating": 41693000.0,
        "Interest Income Non Operating": 1516000.0,
        "Operating Income": 116240000.0,
        "Operating Expense": 456955000.0,
        "Depreciation Amortization Depletion Income Statement": 72403000.0,
        "Depreciation And Amortization In Income Statement": 72403000.0,
        "Amortization": 72403000.0,
        "Amortization Of Intangibles Income Statement": 72403000.0,
        "Selling General And Administration": 384552000.0,
        "Gross Profit": 573195000.0,
        "Cost Of Revenue": 3855631000.0,
        "Total Revenue": 4428826000.0,
        "Operating Revenue": 4428826000.0
    },
    "2022-12-31": {
        "Tax Effect Of Unusual Items": NaN,
        "Tax Rate For Calcs": NaN,
        "Normalized EBITDA": NaN,
        "Total Unusual Items": NaN,
        "Total Unusual Items Excluding Goodwill": NaN,
        "Net Income From Continuing Operation Net Minority Interest": NaN,
        "Reconciled Depreciation": NaN,
        "Reconciled Cost Of Revenue": NaN,
        "EBITDA": NaN,
        "EBIT": NaN,
        "Net Interest Income": NaN,
        "Interest Expense": NaN,
        "Interest Income": NaN,
        "Normalized Income": NaN,
        "Net Income From Continuing And Discontinued Operation": NaN,
        "Total Expenses": NaN,
        "Total Operating Income As Reported": NaN,
        "Diluted Average Shares": NaN,
        "Basic Average Shares": NaN,
        "Diluted EPS": NaN,
        "Basic EPS": NaN,
        "Diluted NI Availto Com Stockholders": NaN,
        "Net Income Common Stockholders": NaN,
        "Net Income": NaN,
        "Minority Interests": NaN,
        "Net Income Including Noncontrolling Interests": NaN,
        "Net Income Continuous Operations": NaN,
        "Tax Provision": NaN,
        "Pretax Income": NaN,
        "Other Income Expense": NaN,
        "Other Non Operating Income Expenses": NaN,
        "Special Income Charges": NaN,
        "Write Off": 11657000.0,
        "Impairment Of Capital Assets": 11657000.0,
        "Restructuring And Mergern Acquisition": NaN,
        "Earnings From Equity Interest": NaN,
        "Net Non Operating Interest Income Expense": NaN,
        "Interest Expense Non Operating": NaN,
        "Interest Income Non Operating": NaN,
        "Operating Income": NaN,
        "Operating Expense": NaN,
        "Depreciation Amortization Depletion Income Statement": NaN,
        "Depreciation And Amortization In Income Statement": NaN,
        "Amortization": NaN,
        "Amortization Of Intangibles Income Statement": NaN,
        "Selling General And Administration": NaN,
        "Gross Profit": NaN,
        "Cost Of Revenue": NaN,
        "Total Revenue": NaN,
        "Operating Revenue": NaN
    },
    "2022-09-30": {
        "Tax Effect Of Unusual Items": NaN,
        "Tax Rate For Calcs": NaN,
        "Normalized EBITDA": NaN,
        "Total Unusual Items": NaN,
        "Total Unusual Items Excluding Goodwill": NaN,
        "Net Income From Continuing Operation Net Minority Interest": NaN,
        "Reconciled Depreciation": NaN,
        "Reconciled Cost Of Revenue": NaN,
        "EBITDA": NaN,
        "EBIT": NaN,
        "Net Interest Income": NaN,
        "Interest Expense": NaN,
        "Interest Income": NaN,
        "Normalized Income": NaN,
        "Net Income From Continuing And Discontinued Operation": NaN,
        "Total Expenses": NaN,
        "Total Operating Income As Reported": NaN,
        "Diluted Average Shares": NaN,
        "Basic Average Shares": NaN,
        "Diluted EPS": NaN,
        "Basic EPS": NaN,
        "Diluted NI Availto Com Stockholders": NaN,
        "Net Income Common Stockholders": NaN,
        "Net Income": NaN,
        "Minority Interests": NaN,
        "Net Income Including Noncontrolling Interests": NaN,
        "Net Income Continuous Operations": NaN,
        "Tax Provision": NaN,
        "Pretax Income": NaN,
        "Other Income Expense": NaN,
        "Other Non Operating Income Expenses": NaN,
        "Special Income Charges": NaN,
        "Write Off": 0.0,
        "Impairment Of Capital Assets": 0.0,
        "Restructuring And Mergern Acquisition": NaN,
        "Earnings From Equity Interest": NaN,
        "Net Non Operating Interest Income Expense": NaN,
        "Interest Expense Non Operating": NaN,
        "Interest Income Non Operating": NaN,
        "Operating Income": NaN,
        "Operating Expense": NaN,
        "Depreciation Amortization Depletion Income Statement": NaN,
        "Depreciation And Amortization In Income Statement": NaN,
        "Amortization": NaN,
        "Amortization Of Intangibles Income Statement": NaN,
        "Selling General And Administration": NaN,
        "Gross Profit": NaN,
        "Cost Of Revenue": NaN,
        "Total Revenue": NaN,
        "Operating Revenue": NaN
    },
    "2022-06-30": {
        "Tax Effect Of Unusual Items": -1082700.0,
        "Tax Rate For Calcs": 0.3,
        "Normalized EBITDA": 351564000.0,
        "Total Unusual Items": -3609000.0,
        "Total Unusual Items Excluding Goodwill": -3609000.0,
        "Net Income From Continuing Operation Net Minority Interest": 88020000.0,
        "Reconciled Depreciation": 181904000.0,
        "Reconciled Cost Of Revenue": 3533454000.0,
        "EBITDA": 347955000.0,
        "EBIT": 166051000.0,
        "Net Interest Income": -28417000.0,
        "Interest Expense": 28639000.0,
        "Interest Income": 222000.0,
        "Normalized Income": 90546300.0,
        "Net Income From Continuing And Discontinued Operation": 88020000.0,
        "Total Expenses": 4038603000.0,
        "Total Operating Income As Reported": 208356000.0,
        "Diluted Average Shares": 148211000.0,
        "Basic Average Shares": 143851000.0,
        "Diluted EPS": 0.59,
        "Basic EPS": 0.61,
        "Diluted NI Availto Com Stockholders": 88020000.0,
        "Net Income Common Stockholders": 88020000.0,
        "Net Income": 88020000.0,
        "Minority Interests": -8140000.0,
        "Net Income Including Noncontrolling Interests": 96160000.0,
        "Net Income Continuous Operations": 96160000.0,
        "Tax Provision": 41252000.0,
        "Pretax Income": 137412000.0,
        "Other Income Expense": -27571000.0,
        "Other Non Operating Income Expenses": -42527000.0,
        "Special Income Charges": -3609000.0,
        "Write Off": 2800000.0,
        "Restructuring And Mergern Acquisition": 809000.0,
        "Earnings From Equity Interest": 18565000.0,
        "Net Non Operating Interest Income Expense": -28417000.0,
        "Interest Expense Non Operating": 28639000.0,
        "Interest Income Non Operating": 222000.0,
        "Operating Income": 193400000.0,
        "Operating Expense": 431190000.0,
        "Depreciation Amortization Depletion Income Statement": 107945000.0,
        "Depreciation And Amortization In Income Statement": 107945000.0,
        "Amortization": 107945000.0,
        "Amortization Of Intangibles Income Statement": 107945000.0,
        "Selling General And Administration": 323245000.0,
        "Gross Profit": 624590000.0,
        "Cost Of Revenue": 3607413000.0,
        "Total Revenue": 4232003000.0,
        "Operating Revenue": 4232003000.0
    },
    "2023-06-30": {
        "Tax Effect Of Unusual Items": NaN,
        "Tax Rate For Calcs": NaN,
        "Normalized EBITDA": NaN,
        "Total Unusual Items": NaN,
        "Total Unusual Items Excluding Goodwill": NaN,
        "Net Income From Continuing Operation Net Minority Interest": NaN,
        "Reconciled Depreciation": NaN,
        "Reconciled Cost Of Revenue": NaN,
        "EBITDA": NaN,
        "EBIT": NaN,
        "Net Interest Income": NaN,
        "Interest Expense": NaN,
        "Interest Income": NaN,
        "Normalized Income": NaN,
        "Net Income From Continuing And Discontinued Operation": NaN,
        "Total Expenses": NaN,
        "Total Operating Income As Reported": NaN,
        "Diluted Average Shares": NaN,
        "Basic Average Shares": NaN,
        "Diluted EPS": NaN,
        "Basic EPS": NaN,
        "Diluted NI Availto Com Stockholders": NaN,
        "Net Income Common Stockholders": NaN,
        "Net Income": NaN,
        "Minority Interests": NaN,
        "Net Income Including Noncontrolling Interests": NaN,
        "Net Income Continuous Operations": NaN,
        "Tax Provision": NaN,
        "Pretax Income": NaN,
        "Other Income Expense": NaN,
        "Other Non Operating Income Expenses": NaN,
        "Special Income Charges": NaN,
        "Write Off": 0.0,
        "Impairment Of Capital Assets": 0.0,
        "Restructuring And Mergern Acquisition": NaN,
        "Earnings From Equity Interest": NaN,
        "Net Non Operating Interest Income Expense": NaN,
        "Interest Expense Non Operating": NaN,
        "Interest Income Non Operating": NaN,
        "Operating Income": NaN,
        "Operating Expense": NaN,
        "Depreciation Amortization Depletion Income Statement": NaN,
        "Depreciation And Amortization In Income Statement": NaN,
        "Amortization": NaN,
        "Amortization Of Intangibles Income Statement": NaN,
        "Selling General And Administration": NaN,
        "Gross Profit": NaN,
        "Cost Of Revenue": NaN,
        "Total Revenue": NaN,
        "Operating Revenue": NaN
    },
    "2022-03-31": {
        "Diluted EPS": 0.57,
        "Total Revenue": NaN,
        "Gross Profit": 548,
        "Operating Income": 118,
        "EBIT": 306,
        "Net Income": 85
    },
    "2021-12-31": {
        "Diluted EPS": 0.7,
        "Total Revenue": NaN,
        "Gross Profit": 598,
        "Operating Income": 140,
        "EBIT": 312,
        "Net Income": 105
    },
    "2021-09-30": {
        "Diluted EPS": 1.21,
        "Total Revenue": NaN,
        "Gross Profit": 535,
        "Operating Income": 248,
        "EBIT": 338,
        "Net Income": 174
    },
    "2021-06-30": {
        "Diluted EPS": 0.81,
        "Total Revenue": NaN,
        "Gross Profit": 448,
        "Operating Income": 162,
        "EBIT": 245,
        "Net Income": 117
    },
    "2021-03-31": {
        "Diluted EPS": 0.62,
        "Total Revenue": NaN,
        "Gross Profit": 373,
        "Operating Income": 114,
        "EBIT": 198,
        "Net Income": 90
    },
    "2020-12-31": {
        "Diluted EPS": 1.16,
        "Total Revenue": NaN,
        "Gross Profit": 466,
        "Operating Income": 176,
        "EBIT": 258,
        "Net Income": 170
    },
    "2020-09-30": {
        "Diluted EPS": 1.13,
        "Total Revenue": NaN,
        "Gross Profit": 508,
        "Operating Income": 242,
        "EBIT": 321,
        "Net Income": 163
    },
    "2020-06-30": {
        "Diluted EPS": 0.52,
        "Total Revenue": NaN,
        "Gross Profit": 355,
        "Operating Income": 113,
        "EBIT": 186,
        "Net Income": 74
    },
    "2020-03-31": {
        "Diluted EPS": 0.26,
        "Total Revenue": NaN,
        "Gross Profit": 332,
        "Operating Income": 81,
        "EBIT": 154,
        "Net Income": 39
    },
    "2019-12-31": {
        "Diluted EPS": 0.8,
        "Total Revenue": NaN,
        "Gross Profit": 443,
        "Operating Income": 147,
        "EBIT": 226,
        "Net Income": 118
    },
    "2019-09-30": {
        "Diluted EPS": 0.92,
        "Total Revenue": NaN,
        "Gross Profit": 473,
        "Operating Income": 209,
        "EBIT": 281,
        "Net Income": 136
    },
    "2019-06-30": {
        "Diluted EPS": 0.19,
        "Total Revenue": NaN,
        "Gross Profit": 320,
        "Operating Income": 79,
        "EBIT": 145,
        "Net Income": 27
    },
    "2019-03-31": {
        "Diluted EPS": 0.82,
        "Total Revenue": NaN,
        "Gross Profit": 364,
        "Operating Income": 119,
        "EBIT": 185,
        "Net Income": 120
    },
    "2018-12-31": {
        "Diluted EPS": 0.37,
        "Total Revenue": NaN,
        "Gross Profit": 420,
        "Operating Income": 149,
        "EBIT": 215,
        "Net Income": 57
    },
    "2018-09-30": {
        "Diluted EPS": 0.81,
        "Total Revenue": NaN,
        "Gross Profit": 426,
        "Operating Income": 193,
        "EBIT": 255,
        "Net Income": 125
    },
    "2018-06-30": {
        "Diluted EPS": 0.48,
        "Total Revenue": NaN,
        "Gross Profit": 333,
        "Operating Income": 123,
        "EBIT": 184,
        "Net Income": 74
    },
    "2018-03-31": {
        "Diluted EPS": 0.24,
        "Total Revenue": NaN,
        "Gross Profit": 301,
        "Operating Income": 75,
        "EBIT": 135,
        "Net Income": 38
    },
    "2017-12-31": {
        "Diluted EPS": 0.72,
        "Total Revenue": NaN,
        "Gross Profit": 323,
        "Operating Income": 54,
        "EBIT": 112,
        "Net Income": 114
    },
    "2017-09-30": {
        "Diluted EPS": 0.56,
        "Total Revenue": NaN,
        "Gross Profit": 351,
        "Operating Income": 140,
        "EBIT": 198,
        "Net Income": 89
    },
    "2017-06-30": {
        "Diluted EPS": 0.41,
        "Total Revenue": NaN,
        "Gross Profit": 302,
        "Operating Income": 110,
        "EBIT": 161,
        "Net Income": 64
    },
    "2017-03-31": {
        "Diluted EPS": 0.31,
        "Total Revenue": NaN,
        "Gross Profit": 266,
        "Operating Income": 75,
        "EBIT": 125,
        "Net Income": 48
    },
    "2016-12-31": {
        "Diluted EPS": 0.54,
        "Total Revenue": NaN,
        "Gross Profit": 308,
        "Operating Income": 118,
        "EBIT": 170,
        "Net Income": 88
    },
    "2016-09-30": {
        "Diluted EPS": 0.48,
        "Total Revenue": NaN,
        "Gross Profit": 303,
        "Operating Income": 130,
        "EBIT": 181,
        "Net Income": 74
    },
    "2016-06-30": {
        "Diluted EPS": 0.11,
        "Total Revenue": NaN,
        "Gross Profit": 200,
        "Operating Income": 35,
        "EBIT": 87,
        "Net Income": 17
    },
    "2016-03-31": {
        "Diluted EPS": 0.13,
        "Total Revenue": NaN,
        "Gross Profit": 203,
        "Operating Income": 37,
        "EBIT": 86,
        "Net Income": 20
    },
    "2015-12-31": {
        "Diluted EPS": -0.03,
        "Total Revenue": NaN,
        "Gross Profit": 223,
        "Operating Income": 4,
        "EBIT": 55,
        "Net Income": -5
    },
    "2015-09-30": {
        "Diluted EPS": 1.15,
        "Total Revenue": NaN,
        "Gross Profit": 235,
        "Operating Income": 81,
        "EBIT": 131,
        "Net Income": 216
    },
    "2015-06-30": {
        "Diluted EPS": 0.22,
        "Total Revenue": NaN,
        "Gross Profit": 228,
        "Operating Income": 69,
        "EBIT": 119,
        "Net Income": 46
    },
    "2015-03-31": {
        "Diluted EPS": 0.25,
        "Total Revenue": NaN,
        "Gross Profit": 238,
        "Operating Income": 84,
        "EBIT": 132,
        "Net Income": 53
    },
    "2014-12-31": {
        "Diluted EPS": 0.3,
        "Total Revenue": NaN,
        "Gross Profit": 296,
        "Operating Income": 86,
        "EBIT": 134,
        "Net Income": 67
    },
    "2014-09-30": {
        "Diluted EPS": 0.43,
        "Total Revenue": NaN,
        "Gross Profit": 337,
        "Operating Income": 131,
        "EBIT": 177,
        "Net Income": 95
    },
    "2014-06-30": {
        "Diluted EPS": 0.37,
        "Total Revenue": NaN,
        "Gross Profit": 264,
        "Operating Income": 121,
        "EBIT": 161,
        "Net Income": 81
    },
    "2014-03-31": {
        "Diluted EPS": 0.25,
        "Total Revenue": NaN,
        "Gross Profit": 272,
        "Operating Income": 90,
        "EBIT": 133,
        "Net Income": 54
    },
    "2013-12-31": {
        "Diluted EPS": 0.77,
        "Total Revenue": NaN,
        "Gross Profit": 234,
        "Operating Income": 98,
        "EBIT": 136,
        "Net Income": 167
    },
    "2013-09-30": {
        "Diluted EPS": 0.43,
        "Total Revenue": NaN,
        "Gross Profit": 273,
        "Operating Income": 141,
        "EBIT": 180,
        "Net Income": 93
    },
    "2013-06-30": {
        "Diluted EPS": 0.33,
        "Total Revenue": NaN,
        "Gross Profit": 241,
        "Operating Income": 117,
        "EBIT": 152,
        "Net Income": 70
    },
    "2013-03-31": {
        "Diluted EPS": 0.34,
        "Total Revenue": NaN,
        "Gross Profit": 238,
        "Operating Income": 119,
        "EBIT": 154,
        "Net Income": 72
    },
    "2012-12-31": {
        "Diluted EPS": 0.46,
        "Total Revenue": NaN,
        "Gross Profit": 287,
        "Operating Income": 161,
        "EBIT": 199,
        "Net Income": 99
    },
    "2012-09-30": {
        "Diluted EPS": 0.45,
        "Total Revenue": NaN,
        "Gross Profit": 252,
        "Operating Income": 127,
        "EBIT": 166,
        "Net Income": 96
    },
    "2012-06-30": {
        "Diluted EPS": 0.31,
        "Total Revenue": NaN,
        "Gross Profit": 213,
        "Operating Income": 98,
        "EBIT": 135,
        "Net Income": 66
    },
    "2012-03-31": {
        "Diluted EPS": 0.22,
        "Total Revenue": NaN,
        "Gross Profit": 186,
        "Operating Income": 79,
        "EBIT": 115,
        "Net Income": 46
    },
    "2011-12-31": {
        "Diluted EPS": 0.3,
        "Total Revenue": NaN,
        "Gross Profit": 142,
        "Operating Income": 70,
        "EBIT": 99,
        "Net Income": 66
    },
    "2011-09-30": {
        "Diluted EPS": 0.25,
        "Total Revenue": NaN,
        "Gross Profit": 195,
        "Operating Income": 94,
        "EBIT": 129,
        "Net Income": 52
    },
    "2011-06-30": {
        "Diluted EPS": 0.15,
        "Total Revenue": NaN,
        "Gross Profit": 154,
        "Operating Income": 58,
        "EBIT": 91,
        "Net Income": 32
    },
    "2011-03-31": {
        "Diluted EPS": -0.08,
        "Total Revenue": 849,
        "Gross Profit": 71,
        "Operating Income": -27,
        "EBIT": 5,
        "Net Income": -18
    },
    "2010-12-31": {
        "Diluted EPS": 0.15,
        "Total Revenue": 805,
        "Gross Profit": 114,
        "Operating Income": 42,
        "EBIT": 70,
        "Net Income": 34
    },
    "2010-09-30": {
        "Diluted EPS": 0.3,
        "Total Revenue": NaN,
        "Gross Profit": 190,
        "Operating Income": 95,
        "EBIT": 132,
        "Net Income": 63
    },
    "2010-06-30": {
        "Diluted EPS": 0.16,
        "Total Revenue": 871,
        "Gross Profit": 156,
        "Operating Income": 65,
        "EBIT": 96,
        "Net Income": 33
    },
    "2010-03-31": {
        "Diluted EPS": 0.11,
        "Total Revenue": 748,
        "Gross Profit": 129,
        "Operating Income": 42,
        "EBIT": 74,
        "Net Income": 24
    },
    "2009-12-31": {
        "Diluted EPS": 0.21,
        "Total Revenue": 985,
        "Gross Profit": 191,
        "Operating Income": 72,
        "EBIT": 119,
        "Net Income": 44
    },
    "2009-09-30": {
        "Diluted EPS": 0.32,
        "Total Revenue": 781,
        "Gross Profit": 148,
        "Operating Income": 71,
        "EBIT": 94,
        "Net Income": 63
    },
    "2009-06-30": {
        "Diluted EPS": 0.17,
        "Total Revenue": 813,
        "Gross Profit": 138,
        "Operating Income": 60,
        "EBIT": 81,
        "Net Income": 33
    },
    "2009-03-31": {
        "Diluted EPS": 0.11,
        "Total Revenue": 739,
        "Gross Profit": 117,
        "Operating Income": 39,
        "EBIT": 61,
        "Net Income": 21
    },
    "2023-09-30": {
        "Tax Effect Of Unusual Items": NaN,
        "Tax Rate For Calcs": NaN,
        "Normalized EBITDA": NaN,
        "Total Unusual Items": NaN,
        "Total Unusual Items Excluding Goodwill": NaN,
        "Net Income From Continuing Operation Net Minority Interest": NaN,
        "Reconciled Depreciation": NaN,
        "Reconciled Cost Of Revenue": NaN,
        "EBITDA": NaN,
        "EBIT": NaN,
        "Net Interest Income": NaN,
        "Interest Expense": NaN,
        "Interest Income": NaN,
        "Normalized Income": NaN,
        "Net Income From Continuing And Discontinued Operation": NaN,
        "Total Expenses": NaN,
        "Total Operating Income As Reported": NaN,
        "Diluted Average Shares": NaN,
        "Basic Average Shares": NaN,
        "Diluted EPS": NaN,
        "Basic EPS": NaN,
        "Diluted NI Availto Com Stockholders": NaN,
        "Net Income Common Stockholders": NaN,
        "Net Income": NaN,
        "Minority Interests": NaN,
        "Net Income Including Noncontrolling Interests": NaN,
        "Net Income Continuous Operations": NaN,
        "Tax Provision": NaN,
        "Pretax Income": NaN,
        "Other Income Expense": NaN,
        "Other Non Operating Income Expenses": NaN,
        "Special Income Charges": NaN,
        "Write Off": 0.0,
        "Impairment Of Capital Assets": 0.0,
        "Restructuring And Mergern Acquisition": NaN,
        "Earnings From Equity Interest": NaN,
        "Net Non Operating Interest Income Expense": NaN,
        "Interest Expense Non Operating": NaN,
        "Interest Income Non Operating": NaN,
        "Operating Income": NaN,
        "Operating Expense": NaN,
        "Depreciation Amortization Depletion Income Statement": NaN,
        "Depreciation And Amortization In Income Statement": NaN,
        "Amortization": NaN,
        "Amortization Of Intangibles Income Statement": NaN,
        "Selling General And Administration": NaN,
        "Gross Profit": NaN,
        "Cost Of Revenue": NaN,
        "Total Revenue": NaN,
        "Operating Revenue": NaN
    },
    "2023-12-31": {
        "Tax Effect Of Unusual Items": NaN,
        "Tax Rate For Calcs": NaN,
        "Normalized EBITDA": NaN,
        "Total Unusual Items": NaN,
        "Total Unusual Items Excluding Goodwill": NaN,
        "Net Income From Continuing Operation Net Minority Interest": NaN,
        "Reconciled Depreciation": NaN,
        "Reconciled Cost Of Revenue": NaN,
        "EBITDA": NaN,
        "EBIT": NaN,
        "Net Interest Income": NaN,
        "Interest Expense": NaN,
        "Interest Income": NaN,
        "Normalized Income": NaN,
        "Net Income From Continuing And Discontinued Operation": NaN,
        "Total Expenses": NaN,
        "Total Operating Income As Reported": NaN,
        "Diluted Average Shares": NaN,
        "Basic Average Shares": NaN,
        "Diluted EPS": NaN,
        "Basic EPS": NaN,
        "Diluted NI Availto Com Stockholders": NaN,
        "Net Income Common Stockholders": NaN,
        "Net Income": NaN,
        "Minority Interests": NaN,
        "Net Income Including Noncontrolling Interests": NaN,
        "Net Income Continuous Operations": NaN,
        "Tax Provision": NaN,
        "Pretax Income": NaN,
        "Other Income Expense": NaN,
        "Other Non Operating Income Expenses": NaN,
        "Special Income Charges": NaN,
        "Impairment Of Capital Assets": 0.0,
        "Restructuring And Mergern Acquisition": NaN,
        "Earnings From Equity Interest": NaN,
        "Net Non Operating Interest Income Expense": NaN,
        "Interest Expense Non Operating": NaN,
        "Interest Income Non Operating": NaN,
        "Operating Income": NaN,
        "Operating Expense": NaN,
        "Depreciation Amortization Depletion Income Statement": NaN,
        "Depreciation And Amortization In Income Statement": NaN,
        "Amortization": NaN,
        "Amortization Of Intangibles Income Statement": NaN,
        "Selling General And Administration": NaN,
        "Gross Profit": NaN,
        "Cost Of Revenue": NaN,
        "Total Revenue": NaN,
        "Operating Revenue": NaN
    },
    "2024-03-31": {
        "Tax Effect Of Unusual Items": NaN,
        "Tax Rate For Calcs": NaN,
        "Normalized EBITDA": NaN,
        "Total Unusual Items": NaN,
        "Total Unusual Items Excluding Goodwill": NaN,
        "Net Income From Continuing Operation Net Minority Interest": NaN,
        "Reconciled Depreciation": NaN,
        "Reconciled Cost Of Revenue": NaN,
        "EBITDA": NaN,
        "EBIT": NaN,
        "Net Interest Income": NaN,
        "Interest Expense": NaN,
        "Interest Income": NaN,
        "Normalized Income": NaN,
        "Net Income From Continuing And Discontinued Operation": NaN,
        "Total Expenses": NaN,
        "Total Operating Income As Reported": NaN,
        "Diluted Average Shares": 149350000.0,
        "Basic Average Shares": 145936000.0,
        "Diluted EPS": 0.79,
        "Basic EPS": 0.81,
        "Diluted NI Availto Com Stockholders": NaN,
        "Net Income Common Stockholders": NaN,
        "Net Income": NaN,
        "Minority Interests": NaN,
        "Net Income Including Noncontrolling Interests": NaN,
        "Net Income Continuous Operations": NaN,
        "Tax Provision": NaN,
        "Pretax Income": NaN,
        "Other Income Expense": NaN,
        "Other Non Operating Income Expenses": NaN,
        "Special Income Charges": NaN,
        "Impairment Of Capital Assets": NaN,
        "Restructuring And Mergern Acquisition": NaN,
        "Earnings From Equity Interest": NaN,
        "Net Non Operating Interest Income Expense": NaN,
        "Interest Expense Non Operating": NaN,
        "Interest Income Non Operating": NaN,
        "Operating Income": NaN,
        "Operating Expense": NaN,
        "Depreciation Amortization Depletion Income Statement": NaN,
        "Depreciation And Amortization In Income Statement": NaN,
        "Amortization": NaN,
        "Amortization Of Intangibles Income Statement": NaN,
        "Selling General And Administration": NaN,
        "Gross Profit": NaN,
        "Cost Of Revenue": NaN,
        "Total Revenue": NaN,
        "Operating Revenue": NaN
    },
    "2024-06-30": {
        "Tax Effect Of Unusual Items": -314994.0,
        "Tax Rate For Calcs": 0.282,
        "Normalized EBITDA": 476386000.0,
        "Total Unusual Items": -1117000.0,
        "Total Unusual Items Excluding Goodwill": -1117000.0,
        "Net Income From Continuing Operation Net Minority Interest": 188159000.0,
        "Reconciled Depreciation": 162865000.0,
        "Reconciled Cost Of Revenue": 4699405000.0,
        "EBITDA": 475269000.0,
        "EBIT": 312404000.0,
        "Net Interest Income": -41764000.0,
        "Interest Expense": 45321000.0,
        "Interest Income": 3557000.0,
        "Normalized Income": 188961006.0,
        "Net Income From Continuing And Discontinued Operation": 188159000.0,
        "Total Expenses": 5294626000.0,
        "Total Operating Income As Reported": 307230000.0,
        "Diluted Average Shares": 149788000.0,
        "Basic Average Shares": 146580000.0,
        "Diluted EPS": 1.26,
        "Basic EPS": 1.28,
        "Diluted NI Availto Com Stockholders": 188159000.0,
        "Net Income Common Stockholders": 188159000.0,
        "Net Income": 188159000.0,
        "Minority Interests": -3725000.0,
        "Net Income Including Noncontrolling Interests": 191884000.0,
        "Net Income Continuous Operations": 191884000.0,
        "Tax Provision": 75199000.0,
        "Pretax Income": 267083000.0,
        "Other Income Expense": 9086000.0,
        "Other Non Operating Income Expenses": 1617000.0,
        "Special Income Charges": -1117000.0,
        "Impairment Of Capital Assets": NaN,
        "Restructuring And Mergern Acquisition": 1117000.0,
        "Earnings From Equity Interest": 8586000.0,
        "Net Non Operating Interest Income Expense": -41764000.0,
        "Interest Expense Non Operating": 45321000.0,
        "Interest Income Non Operating": 3557000.0,
        "Operating Income": 299761000.0,
        "Operating Expense": 511570000.0,
        "Depreciation Amortization Depletion Income Statement": 79214000.0,
        "Depreciation And Amortization In Income Statement": 79214000.0,
        "Amortization": 79214000.0,
        "Amortization Of Intangibles Income Statement": 79214000.0,
        "Selling General And Administration": 432356000.0,
        "Gross Profit": 811331000.0,
        "Cost Of Revenue": 4783056000.0,
        "Total Revenue": 5594387000.0,
        "Operating Revenue": 5594387000.0
    },
    "2024-09-30": {
        "Tax Effect Of Unusual Items": -242784.0,
        "Tax Rate For Calcs": 0.216,
        "Normalized EBITDA": 642917000.0,
        "Total Unusual Items": -1124000.0,
        "Total Unusual Items Excluding Goodwill": -1124000.0,
        "Net Income From Continuing Operation Net Minority Interest": 293185000.0,
        "Reconciled Depreciation": 200401000.0,
        "Reconciled Cost Of Revenue": 5390618000.0,
        "EBITDA": 641793000.0,
        "EBIT": 441392000.0,
        "Net Interest Income": -52713000.0,
        "Interest Expense": 59950000.0,
        "Interest Income": 7237000.0,
        "Normalized Income": 294066216.0,
        "Net Income From Continuing And Discontinued Operation": 293185000.0,
        "Total Expenses": 6074897000.0,
        "Total Operating Income As Reported": 431161000.0,
        "Diluted Average Shares": 150556000.0,
        "Basic Average Shares": 147394000.0,
        "Diluted EPS": 1.95,
        "Basic EPS": 1.99,
        "Diluted NI Availto Com Stockholders": 293185000.0,
        "Net Income Common Stockholders": 293185000.0,
        "Net Income": 293185000.0,
        "Minority Interests": -5836000.0,
        "Net Income Including Noncontrolling Interests": 299021000.0,
        "Net Income Continuous Operations": 299021000.0,
        "Tax Provision": 82421000.0,
        "Pretax Income": 381442000.0,
        "Other Income Expense": 15885000.0,
        "Other Non Operating Income Expenses": 2994000.0,
        "Special Income Charges": -1124000.0,
        "Impairment Of Capital Assets": NaN,
        "Restructuring And Mergern Acquisition": 1124000.0,
        "Earnings From Equity Interest": 14015000.0,
        "Net Non Operating Interest Income Expense": -52713000.0,
        "Interest Expense Non Operating": 59950000.0,
        "Interest Income Non Operating": 7237000.0,
        "Operating Income": 418270000.0,
        "Operating Expense": 594300000.0,
        "Depreciation Amortization Depletion Income Statement": 110422000.0,
        "Depreciation And Amortization In Income Statement": 110422000.0,
        "Amortization": 110422000.0,
        "Amortization Of Intangibles Income Statement": 110422000.0,
        "Selling General And Administration": 483878000.0,
        "Gross Profit": 1012570000.0,
        "Cost Of Revenue": 5480597000.0,
        "Total Revenue": 6493167000.0,
        "Operating Revenue": 6493167000.0
    },
    "2024-12-31": {
        "Tax Effect Of Unusual Items": -1069687.594579,
        "Tax Rate For Calcs": 0.254688,
        "Normalized EBITDA": 689512000.0,
        "Total Unusual Items": -4200000.0,
        "Total Unusual Items Excluding Goodwill": -4200000.0,
        "Net Income From Continuing Operation Net Minority Interest": 305120000.0,
        "Reconciled Depreciation": 212650000.0,
        "Reconciled Cost Of Revenue": 5393218000.0,
        "EBITDA": 685312000.0,
        "EBIT": 472662000.0,
        "Net Interest Income": -42757000.0,
        "Interest Expense": 56344000.0,
        "Interest Income": 13587000.0,
        "Normalized Income": 308250312.405421,
        "Net Income From Continuing And Discontinued Operation": 305120000.0,
        "Total Expenses": 6112048000.0,
        "Total Operating Income As Reported": 452723000.0,
        "Diluted Average Shares": 150618000.0,
        "Basic Average Shares": 147791000.0,
        "Diluted EPS": 2.03,
        "Basic EPS": 2.06,
        "Diluted NI Availto Com Stockholders": 305120000.0,
        "Net Income Common Stockholders": 305120000.0,
        "Net Income": 305120000.0,
        "Minority Interests": -5167000.0,
        "Net Income Including Noncontrolling Interests": 310287000.0,
        "Net Income Continuous Operations": 310287000.0,
        "Tax Provision": 106031000.0,
        "Pretax Income": 416318000.0,
        "Other Income Expense": 17701000.0,
        "Other Non Operating Income Expenses": 6352000.0,
        "Special Income Charges": -4200000.0,
        "Impairment Of Capital Assets": NaN,
        "Restructuring And Mergern Acquisition": 4200000.0,
        "Earnings From Equity Interest": 15549000.0,
        "Net Non Operating Interest Income Expense": -42757000.0,
        "Interest Expense Non Operating": 56344000.0,
        "Interest Income Non Operating": 13587000.0,
        "Operating Income": 441374000.0,
        "Operating Expense": 621992000.0,
        "Depreciation Amortization Depletion Income Statement": 115812000.0,
        "Depreciation And Amortization In Income Statement": 115812000.0,
        "Amortization": 115812000.0,
        "Amortization Of Intangibles Income Statement": 115812000.0,
        "Selling General And Administration": 506180000.0,
        "Gross Profit": 1063366000.0,
        "Cost Of Revenue": 5490056000.0,
        "Total Revenue": 6553422000.0,
        "Operating Revenue": 6553422000.0
    },
    "2025-03-31": {
        "Tax Effect Of Unusual Items": -919327.0,
        "Tax Rate For Calcs": 0.211,
        "Normalized EBITDA": 455194000.0,
        "Total Unusual Items": -4357000.0,
        "Total Unusual Items Excluding Goodwill": -4357000.0,
        "Net Income From Continuing Operation Net Minority Interest": 144258000.0,
        "Reconciled Depreciation": 207676000.0,
        "Reconciled Cost Of Revenue": 5301183000.0,
        "EBITDA": 450837000.0,
        "EBIT": 243161000.0,
        "Net Interest Income": -50471000.0,
        "Interest Expense": 54312000.0,
        "Interest Income": 3841000.0,
        "Normalized Income": 147695673.0,
        "Net Income From Continuing And Discontinued Operation": 144258000.0,
        "Total Expenses": 6002825000.0,
        "Total Operating Income As Reported": 239081000.0,
        "Diluted Average Shares": 150964000.0,
        "Basic Average Shares": 148274000.0,
        "Diluted EPS": 0.96,
        "Basic EPS": 0.97,
        "Diluted NI Availto Com Stockholders": 144258000.0,
        "Net Income Common Stockholders": 144258000.0,
        "Net Income": 144258000.0,
        "Minority Interests": -4711000.0,
        "Net Income Including Noncontrolling Interests": 148969000.0,
        "Net Income Continuous Operations": 148969000.0,
        "Tax Provision": 39880000.0,
        "Pretax Income": 188849000.0,
        "Other Income Expense": 8811000.0,
        "Other Non Operating Income Expenses": 239000.0,
        "Special Income Charges": -4357000.0,
        "Impairment Of Capital Assets": NaN,
        "Restructuring And Mergern Acquisition": 4357000.0,
        "Earnings From Equity Interest": 12929000.0,
        "Net Non Operating Interest Income Expense": -50471000.0,
        "Interest Expense Non Operating": 54312000.0,
        "Interest Income Non Operating": 3841000.0,
        "Operating Income": 230509000.0,
        "Operating Expense": 603528000.0,
        "Depreciation Amortization Depletion Income Statement": 109562000.0,
        "Depreciation And Amortization In Income Statement": 109562000.0,
        "Amortization": 109562000.0,
        "Amortization Of Intangibles Income Statement": 109562000.0,
        "Selling General And Administration": 493966000.0,
        "Gross Profit": 834037000.0,
        "Cost Of Revenue": 5399297000.0,
        "Total Revenue": 6233334000.0,
        "Operating Revenue": 6233334000.0
    },
    "2025-06-30": {
        "Tax Effect Of Unusual Items": -2725086.701211,
        "Tax Rate For Calcs": 0.267087,
        "Normalized EBITDA": 600308000.0,
        "Total Unusual Items": -10203000.0,
        "Total Unusual Items Excluding Goodwill": -10203000.0,
        "Net Income From Continuing Operation Net Minority Interest": 229250000.0,
        "Reconciled Depreciation": 211903000.0,
        "Reconciled Cost Of Revenue": 5666708000.0,
        "EBITDA": 590105000.0,
        "EBIT": 378202000.0,
        "Net Interest Income": -55797000.0,
        "Interest Expense": 59579000.0,
        "Interest Income": 3782000.0,
        "Normalized Income": 236727913.298789,
        "Net Income From Continuing And Discontinued Operation": 229250000.0,
        "Total Expenses": 6406966000.0,
        "Total Operating Income As Reported": 370282000.0,
        "Diluted Average Shares": NaN,
        "Basic Average Shares": NaN,
        "Diluted EPS": NaN,
        "Basic EPS": NaN,
        "Diluted NI Availto Com Stockholders": 229250000.0,
        "Net Income Common Stockholders": 229250000.0,
        "Net Income": 229250000.0,
        "Minority Interests": -4273000.0,
        "Net Income Including Noncontrolling Interests": 233523000.0,
        "Net Income Continuous Operations": 233523000.0,
        "Tax Provision": 85100000.0,
        "Pretax Income": 318623000.0,
        "Other Income Expense": 8379000.0,
        "Other Non Operating Income Expenses": 4138000.0,
        "Special Income Charges": -10203000.0,
        "Impairment Of Capital Assets": NaN,
        "Restructuring And Mergern Acquisition": 10203000.0,
        "Earnings From Equity Interest": 14444000.0,
        "Net Non Operating Interest Income Expense": -55797000.0,
        "Interest Expense Non Operating": 59579000.0,
        "Interest Income Non Operating": 3782000.0,
        "Operating Income": 366041000.0,
        "Operating Expense": 641533000.0,
        "Depreciation Amortization Depletion Income Statement": 113178000.0,
        "Depreciation And Amortization In Income Statement": 113178000.0,
        "Amortization": 113178000.0,
        "Amortization Of Intangibles Income Statement": 113178000.0,
        "Selling General And Administration": 528355000.0,
        "Gross Profit": 1007574000.0,
        "Cost Of Revenue": 5765433000.0,
        "Total Revenue": 6773007000.0,
        "Operating Revenue": 6773007000.0
    }
}