{
    "2023-03-31": {
        "Tax Effect Of Unusual Items": NaN,
        "Tax Rate For Calcs": NaN,
        "Normalized EBITDA": NaN,
        "Total Unusual Items": NaN,
        "Total Unusual Items Excluding Goodwill": NaN,
        "Net Income From Continuing Operation Net Minority Interest": NaN,
        "Reconciled Depreciation": NaN,
        "Reconciled Cost Of Revenue": NaN,
        "EBITDA": NaN,
        "EBIT": NaN,
        "Net Interest Income": NaN,
        "Interest Expense": NaN,
        "Normalized Income": NaN,
        "Net Income From Continuing And Discontinued Operation": NaN,
        "Total Expenses": NaN,
        "Total Operating Income As Reported": NaN,
        "Diluted Average Shares": NaN,
        "Basic Average Shares": NaN,
        "Diluted EPS": NaN,
        "Basic EPS": NaN,
        "Diluted NI Availto Com Stockholders": NaN,
        "Net Income Common Stockholders": NaN,
        "Net Income": NaN,
        "Minority Interests": NaN,
        "Net Income Including Noncontrolling Interests": NaN,
        "Net Income Continuous Operations": NaN,
        "Tax Provision": NaN,
        "Pretax Income": NaN,
        "Other Income Expense": NaN,
        "Other Non Operating Income Expenses": NaN,
        "Special Income Charges": NaN,
        "Restructuring And Mergern Acquisition": NaN,
        "Net Non Operating Interest Income Expense": NaN,
        "Interest Expense Non Operating": NaN,
        "Operating Income": NaN,
        "Operating Expense": NaN,
        "Depreciation Amortization Depletion Income Statement": NaN,
        "Depreciation And Amortization In Income Statement": NaN,
        "Amortization": NaN,
        "Amortization Of Intangibles Income Statement": NaN,
        "Selling General And Administration": NaN,
        "General And Administrative Expense": NaN,
        "Other Gand A": NaN,
        "Salaries And Wages": 35642000.0,
        "Gross Profit": NaN,
        "Cost Of Revenue": NaN,
        "Total Revenue": NaN,
        "Operating Revenue": NaN
    },
    "2022-12-31": {
        "Tax Effect Of Unusual Items": NaN,
        "Tax Rate For Calcs": NaN,
        "Normalized EBITDA": NaN,
        "Total Unusual Items": NaN,
        "Total Unusual Items Excluding Goodwill": NaN,
        "Net Income From Continuing Operation Net Minority Interest": NaN,
        "Reconciled Depreciation": NaN,
        "Reconciled Cost Of Revenue": NaN,
        "EBITDA": NaN,
        "EBIT": NaN,
        "Net Interest Income": NaN,
        "Interest Expense": NaN,
        "Normalized Income": NaN,
        "Net Income From Continuing And Discontinued Operation": NaN,
        "Total Expenses": NaN,
        "Total Operating Income As Reported": NaN,
        "Diluted Average Shares": NaN,
        "Basic Average Shares": NaN,
        "Diluted EPS": NaN,
        "Basic EPS": NaN,
        "Diluted NI Availto Com Stockholders": NaN,
        "Net Income Common Stockholders": NaN,
        "Net Income": NaN,
        "Minority Interests": NaN,
        "Net Income Including Noncontrolling Interests": NaN,
        "Net Income Continuous Operations": NaN,
        "Tax Provision": NaN,
        "Pretax Income": NaN,
        "Other Income Expense": NaN,
        "Other Non Operating Income Expenses": NaN,
        "Special Income Charges": NaN,
        "Restructuring And Mergern Acquisition": NaN,
        "Net Non Operating Interest Income Expense": NaN,
        "Interest Expense Non Operating": NaN,
        "Operating Income": NaN,
        "Operating Expense": NaN,
        "Depreciation Amortization Depletion Income Statement": NaN,
        "Depreciation And Amortization In Income Statement": NaN,
        "Amortization": NaN,
        "Amortization Of Intangibles Income Statement": NaN,
        "Selling General And Administration": NaN,
        "General And Administrative Expense": NaN,
        "Other Gand A": NaN,
        "Salaries And Wages": 34004000.0,
        "Gross Profit": NaN,
        "Cost Of Revenue": NaN,
        "Total Revenue": NaN,
        "Operating Revenue": NaN
    },
    "2022-09-30": {
        "Tax Effect Of Unusual Items": NaN,
        "Tax Rate For Calcs": NaN,
        "Normalized EBITDA": NaN,
        "Total Unusual Items": NaN,
        "Total Unusual Items Excluding Goodwill": NaN,
        "Net Income From Continuing Operation Net Minority Interest": NaN,
        "Reconciled Depreciation": NaN,
        "Reconciled Cost Of Revenue": NaN,
        "EBITDA": NaN,
        "EBIT": NaN,
        "Net Interest Income": NaN,
        "Interest Expense": NaN,
        "Normalized Income": NaN,
        "Net Income From Continuing And Discontinued Operation": NaN,
        "Total Expenses": NaN,
        "Total Operating Income As Reported": NaN,
        "Diluted Average Shares": 121532000.0,
        "Basic Average Shares": 117210000.0,
        "Diluted EPS": 0.05,
        "Basic EPS": 0.05,
        "Diluted NI Availto Com Stockholders": NaN,
        "Net Income Common Stockholders": NaN,
        "Net Income": NaN,
        "Minority Interests": NaN,
        "Net Income Including Noncontrolling Interests": NaN,
        "Net Income Continuous Operations": NaN,
        "Tax Provision": NaN,
        "Pretax Income": NaN,
        "Other Income Expense": NaN,
        "Other Non Operating Income Expenses": NaN,
        "Special Income Charges": NaN,
        "Restructuring And Mergern Acquisition": NaN,
        "Net Non Operating Interest Income Expense": NaN,
        "Interest Expense Non Operating": NaN,
        "Operating Income": NaN,
        "Operating Expense": NaN,
        "Depreciation Amortization Depletion Income Statement": NaN,
        "Depreciation And Amortization In Income Statement": NaN,
        "Amortization": NaN,
        "Amortization Of Intangibles Income Statement": NaN,
        "Selling General And Administration": NaN,
        "General And Administrative Expense": NaN,
        "Other Gand A": NaN,
        "Salaries And Wages": 23984000.0,
        "Gross Profit": NaN,
        "Cost Of Revenue": NaN,
        "Total Revenue": NaN,
        "Operating Revenue": NaN
    },
    "2022-06-30": {
        "Tax Effect Of Unusual Items": -3354.420275,
        "Tax Rate For Calcs": 0.258032,
        "Normalized EBITDA": 22834000.0,
        "Total Unusual Items": -13000.0,
        "Total Unusual Items Excluding Goodwill": -13000.0,
        "Net Income From Continuing Operation Net Minority Interest": 11154000.0,
        "Reconciled Depreciation": 6263000.0,
        "EBITDA": 22821000.0,
        "EBIT": 16558000.0,
        "Net Interest Income": -1525000.0,
        "Interest Expense": 1525000.0,
        "Normalized Income": 11163645.579725,
        "Net Income From Continuing And Discontinued Operation": 11154000.0,
        "Total Expenses": 30958000.0,
        "Total Operating Income As Reported": 15767000.0,
        "Diluted Average Shares": 120981000.0,
        "Basic Average Shares": 117193000.0,
        "Diluted EPS": 0.09,
        "Basic EPS": 0.1,
        "Diluted NI Availto Com Stockholders": 11154000.0,
        "Net Income Common Stockholders": 11154000.0,
        "Net Income": 11154000.0,
        "Minority Interests": NaN,
        "Net Income Including Noncontrolling Interests": 11154000.0,
        "Net Income Continuous Operations": 11154000.0,
        "Tax Provision": 3879000.0,
        "Pretax Income": 15033000.0,
        "Other Income Expense": 778000.0,
        "Other Non Operating Income Expenses": 791000.0,
        "Special Income Charges": -13000.0,
        "Restructuring And Mergern Acquisition": 13000.0,
        "Net Non Operating Interest Income Expense": -1525000.0,
        "Interest Expense Non Operating": 1525000.0,
        "Operating Income": 15780000.0,
        "Operating Expense": 30958000.0,
        "Depreciation Amortization Depletion Income Statement": 6153000.0,
        "Depreciation And Amortization In Income Statement": 6153000.0,
        "Amortization": 6153000.0,
        "Amortization Of Intangibles Income Statement": 6153000.0,
        "Selling General And Administration": 24805000.0,
        "General And Administrative Expense": 24805000.0,
        "Other Gand A": 6990000.0,
        "Salaries And Wages": 17815000.0,
        "Total Revenue": 46738000.0,
        "Operating Revenue": 46451000.0
    },
    "2023-06-30": {
        "Tax Effect Of Unusual Items": NaN,
        "Tax Rate For Calcs": NaN,
        "Normalized EBITDA": NaN,
        "Total Unusual Items": NaN,
        "Total Unusual Items Excluding Goodwill": NaN,
        "Net Income From Continuing Operation Net Minority Interest": NaN,
        "Reconciled Depreciation": NaN,
        "Reconciled Cost Of Revenue": NaN,
        "EBITDA": NaN,
        "EBIT": NaN,
        "Net Interest Income": NaN,
        "Interest Expense": NaN,
        "Normalized Income": NaN,
        "Net Income From Continuing And Discontinued Operation": NaN,
        "Total Expenses": NaN,
        "Total Operating Income As Reported": NaN,
        "Diluted Average Shares": 123874000.0,
        "Basic Average Shares": 116168000.0,
        "Diluted EPS": 0.02,
        "Basic EPS": 0.02,
        "Diluted NI Availto Com Stockholders": NaN,
        "Net Income Common Stockholders": NaN,
        "Net Income": NaN,
        "Minority Interests": NaN,
        "Net Income Including Noncontrolling Interests": NaN,
        "Net Income Continuous Operations": NaN,
        "Tax Provision": NaN,
        "Pretax Income": NaN,
        "Other Income Expense": NaN,
        "Other Non Operating Income Expenses": NaN,
        "Special Income Charges": NaN,
        "Restructuring And Mergern Acquisition": NaN,
        "Net Non Operating Interest Income Expense": NaN,
        "Interest Expense Non Operating": NaN,
        "Operating Income": NaN,
        "Operating Expense": NaN,
        "Depreciation Amortization Depletion Income Statement": NaN,
        "Depreciation And Amortization In Income Statement": NaN,
        "Amortization": NaN,
        "Amortization Of Intangibles Income Statement": NaN,
        "Selling General And Administration": NaN,
        "General And Administrative Expense": NaN,
        "Other Gand A": NaN,
        "Salaries And Wages": 36311000.0,
        "Gross Profit": NaN,
        "Cost Of Revenue": NaN,
        "Total Revenue": NaN,
        "Operating Revenue": NaN
    },
    "2023-09-30": {
        "Tax Effect Of Unusual Items": NaN,
        "Tax Rate For Calcs": NaN,
        "Normalized EBITDA": NaN,
        "Total Unusual Items": NaN,
        "Total Unusual Items Excluding Goodwill": NaN,
        "Net Income From Continuing Operation Net Minority Interest": NaN,
        "Reconciled Depreciation": NaN,
        "Reconciled Cost Of Revenue": NaN,
        "EBITDA": NaN,
        "EBIT": NaN,
        "Net Interest Income": NaN,
        "Interest Expense": NaN,
        "Normalized Income": NaN,
        "Net Income From Continuing And Discontinued Operation": NaN,
        "Total Expenses": NaN,
        "Total Operating Income As Reported": NaN,
        "Diluted Average Shares": 116235000.0,
        "Basic Average Shares": 116235000.0,
        "Diluted EPS": -0.07,
        "Basic EPS": -0.07,
        "Diluted NI Availto Com Stockholders": NaN,
        "Net Income Common Stockholders": NaN,
        "Net Income": NaN,
        "Minority Interests": NaN,
        "Net Income Including Noncontrolling Interests": NaN,
        "Net Income Continuous Operations": NaN,
        "Tax Provision": NaN,
        "Pretax Income": NaN,
        "Other Income Expense": NaN,
        "Other Non Operating Income Expenses": NaN,
        "Special Income Charges": NaN,
        "Restructuring And Mergern Acquisition": NaN,
        "Net Non Operating Interest Income Expense": NaN,
        "Interest Expense Non Operating": NaN,
        "Operating Income": NaN,
        "Operating Expense": NaN,
        "Depreciation Amortization Depletion Income Statement": NaN,
        "Depreciation And Amortization In Income Statement": NaN,
        "Amortization": NaN,
        "Amortization Of Intangibles Income Statement": NaN,
        "Selling General And Administration": NaN,
        "General And Administrative Expense": NaN,
        "Other Gand A": NaN,
        "Salaries And Wages": 42175000.0,
        "Gross Profit": NaN,
        "Cost Of Revenue": NaN,
        "Total Revenue": NaN,
        "Operating Revenue": NaN
    },
    "2023-12-31": {
        "Tax Effect Of Unusual Items": -81060.0,
        "Tax Rate For Calcs": 0.21,
        "Normalized EBITDA": 13641000.0,
        "Total Unusual Items": -386000.0,
        "Total Unusual Items Excluding Goodwill": -386000.0,
        "Net Income From Continuing Operation Net Minority Interest": -1085000.0,
        "Reconciled Depreciation": 7531000.0,
        "Reconciled Cost Of Revenue": 39955000.0,
        "EBITDA": 13255000.0,
        "EBIT": 5724000.0,
        "Net Interest Income": -5792000.0,
        "Interest Expense": 5792000.0,
        "Normalized Income": -780060.0,
        "Net Income From Continuing And Discontinued Operation": -1085000.0,
        "Total Expenses": 57338000.0,
        "Total Operating Income As Reported": 5343000.0,
        "Diluted Average Shares": NaN,
        "Basic Average Shares": NaN,
        "Diluted EPS": NaN,
        "Basic EPS": NaN,
        "Diluted NI Availto Com Stockholders": -1085000.0,
        "Net Income Common Stockholders": -1085000.0,
        "Net Income": -1085000.0,
        "Minority Interests": 808000.0,
        "Net Income Including Noncontrolling Interests": -1893000.0,
        "Net Income Continuous Operations": -1893000.0,
        "Tax Provision": 1825000.0,
        "Pretax Income": -68000.0,
        "Other Income Expense": -5000.0,
        "Other Non Operating Income Expenses": 381000.0,
        "Special Income Charges": -386000.0,
        "Restructuring And Mergern Acquisition": 386000.0,
        "Net Non Operating Interest Income Expense": -5792000.0,
        "Interest Expense Non Operating": 5792000.0,
        "Operating Income": 5729000.0,
        "Operating Expense": 17180000.0,
        "Depreciation Amortization Depletion Income Statement": 7328000.0,
        "Depreciation And Amortization In Income Statement": 7328000.0,
        "Amortization": 7328000.0,
        "Amortization Of Intangibles Income Statement": 7328000.0,
        "Selling General And Administration": 9852000.0,
        "General And Administrative Expense": 9852000.0,
        "Other Gand A": 9852000.0,
        "Salaries And Wages": NaN,
        "Gross Profit": 22909000.0,
        "Cost Of Revenue": 40158000.0,
        "Total Revenue": 63067000.0,
        "Operating Revenue": 62407000.0
    },
    "2024-03-31": {
        "Tax Effect Of Unusual Items": NaN,
        "Tax Rate For Calcs": NaN,
        "Normalized EBITDA": NaN,
        "Total Unusual Items": NaN,
        "Total Unusual Items Excluding Goodwill": NaN,
        "Net Income From Continuing Operation Net Minority Interest": NaN,
        "Reconciled Depreciation": NaN,
        "Reconciled Cost Of Revenue": NaN,
        "EBITDA": NaN,
        "EBIT": NaN,
        "Net Interest Income": NaN,
        "Interest Expense": NaN,
        "Normalized Income": NaN,
        "Net Income From Continuing And Discontinued Operation": NaN,
        "Total Expenses": NaN,
        "Total Operating Income As Reported": NaN,
        "Diluted Average Shares": 122841000.0,
        "Basic Average Shares": 115129000.0,
        "Diluted EPS": 0.04,
        "Basic EPS": 0.04,
        "Diluted NI Availto Com Stockholders": NaN,
        "Net Income Common Stockholders": NaN,
        "Net Income": NaN,
        "Minority Interests": NaN,
        "Net Income Including Noncontrolling Interests": NaN,
        "Net Income Continuous Operations": NaN,
        "Tax Provision": NaN,
        "Pretax Income": NaN,
        "Other Income Expense": NaN,
        "Other Non Operating Income Expenses": NaN,
        "Special Income Charges": NaN,
        "Restructuring And Mergern Acquisition": NaN,
        "Net Non Operating Interest Income Expense": NaN,
        "Interest Expense Non Operating": NaN,
        "Operating Income": NaN,
        "Operating Expense": NaN,
        "Depreciation Amortization Depletion Income Statement": NaN,
        "Depreciation And Amortization In Income Statement": NaN,
        "Amortization": NaN,
        "Amortization Of Intangibles Income Statement": NaN,
        "Selling General And Administration": NaN,
        "General And Administrative Expense": NaN,
        "Other Gand A": NaN,
        "Gross Profit": NaN,
        "Cost Of Revenue": NaN,
        "Total Revenue": NaN,
        "Operating Revenue": NaN
    },
    "2024-06-30": {
        "Tax Effect Of Unusual Items": -315694.4,
        "Tax Rate For Calcs": 0.3176,
        "Normalized EBITDA": 24865000.0,
        "Total Unusual Items": -994000.0,
        "Total Unusual Items Excluding Goodwill": -994000.0,
        "Net Income From Continuing Operation Net Minority Interest": 6993000.0,
        "Reconciled Depreciation": 6648000.0,
        "Reconciled Cost Of Revenue": 36043000.0,
        "EBITDA": 23871000.0,
        "EBIT": 17223000.0,
        "Net Interest Income": -6115000.0,
        "Interest Expense": 6115000.0,
        "Normalized Income": 7671305.6,
        "Net Income From Continuing And Discontinued Operation": 6993000.0,
        "Total Expenses": 53243000.0,
        "Total Operating Income As Reported": 16839000.0,
        "Diluted Average Shares": 120098000.0,
        "Basic Average Shares": 112359000.0,
        "Diluted EPS": 0.06,
        "Basic EPS": 0.06,
        "Diluted NI Availto Com Stockholders": 6993000.0,
        "Net Income Common Stockholders": 6993000.0,
        "Net Income": 6993000.0,
        "Minority Interests": -397000.0,
        "Net Income Including Noncontrolling Interests": 7390000.0,
        "Net Income Continuous Operations": 7390000.0,
        "Tax Provision": 3718000.0,
        "Pretax Income": 11108000.0,
        "Other Income Expense": -610000.0,
        "Other Non Operating Income Expenses": 384000.0,
        "Special Income Charges": -994000.0,
        "Restructuring And Mergern Acquisition": 994000.0,
        "Net Non Operating Interest Income Expense": -6115000.0,
        "Interest Expense Non Operating": 6115000.0,
        "Operating Income": 17833000.0,
        "Operating Expense": 16990000.0,
        "Depreciation Amortization Depletion Income Statement": 6438000.0,
        "Depreciation And Amortization In Income Statement": 6438000.0,
        "Amortization": 6438000.0,
        "Amortization Of Intangibles Income Statement": 6438000.0,
        "Selling General And Administration": 10552000.0,
        "General And Administrative Expense": 10552000.0,
        "Other Gand A": 10552000.0,
        "Gross Profit": 34823000.0,
        "Cost Of Revenue": 36253000.0,
        "Total Revenue": 71076000.0,
        "Operating Revenue": 68475000.0
    },
    "2024-09-30": {
        "Tax Effect Of Unusual Items": -141540.0,
        "Tax Rate For Calcs": 0.21,
        "Normalized EBITDA": 16609000.0,
        "Total Unusual Items": -674000.0,
        "Total Unusual Items Excluding Goodwill": -674000.0,
        "Net Income From Continuing Operation Net Minority Interest": 1406000.0,
        "Reconciled Depreciation": 6655000.0,
        "Reconciled Cost Of Revenue": 42313000.0,
        "EBITDA": 15935000.0,
        "EBIT": 9280000.0,
        "Net Interest Income": -6692000.0,
        "Interest Expense": 6692000.0,
        "Normalized Income": 1938460.0,
        "Net Income From Continuing And Discontinued Operation": 1406000.0,
        "Total Expenses": 64743000.0,
        "Total Operating Income As Reported": 8826000.0,
        "Diluted Average Shares": 119276000.0,
        "Basic Average Shares": 111374000.0,
        "Diluted EPS": 0.01,
        "Basic EPS": 0.01,
        "Diluted NI Availto Com Stockholders": 1406000.0,
        "Net Income Common Stockholders": 1406000.0,
        "Net Income": 1406000.0,
        "Minority Interests": 73000.0,
        "Net Income Including Noncontrolling Interests": 1333000.0,
        "Net Income Continuous Operations": 1333000.0,
        "Tax Provision": 1255000.0,
        "Pretax Income": 2588000.0,
        "Other Income Expense": -220000.0,
        "Other Non Operating Income Expenses": 454000.0,
        "Special Income Charges": -674000.0,
        "Restructuring And Mergern Acquisition": 674000.0,
        "Net Non Operating Interest Income Expense": -6692000.0,
        "Interest Expense Non Operating": 6692000.0,
        "Operating Income": 9500000.0,
        "Operating Expense": 22212000.0,
        "Depreciation Amortization Depletion Income Statement": 6437000.0,
        "Depreciation And Amortization In Income Statement": 6437000.0,
        "Amortization": 6437000.0,
        "Amortization Of Intangibles Income Statement": 6437000.0,
        "Selling General And Administration": 15775000.0,
        "General And Administrative Expense": 15775000.0,
        "Other Gand A": 15775000.0,
        "Gross Profit": 31712000.0,
        "Cost Of Revenue": 42531000.0,
        "Total Revenue": 74243000.0,
        "Operating Revenue": 72595000.0
    },
    "2024-12-31": {
        "Tax Effect Of Unusual Items": -600573.310723,
        "Tax Rate For Calcs": 0.256327,
        "Normalized EBITDA": 23534000.0,
        "Total Unusual Items": -2343000.0,
        "Total Unusual Items Excluding Goodwill": -2343000.0,
        "Net Income From Continuing Operation Net Minority Interest": 5280000.0,
        "Reconciled Depreciation": 6598000.0,
        "Reconciled Cost Of Revenue": 39125000.0,
        "EBITDA": 21191000.0,
        "EBIT": 14593000.0,
        "Net Interest Income": -6927000.0,
        "Interest Expense": 6927000.0,
        "Normalized Income": 7022426.689277,
        "Net Income From Continuing And Discontinued Operation": 5280000.0,
        "Total Expenses": 59815000.0,
        "Total Operating Income As Reported": 22856000.0,
        "Diluted Average Shares": NaN,
        "Basic Average Shares": NaN,
        "Diluted EPS": NaN,
        "Basic EPS": NaN,
        "Diluted NI Availto Com Stockholders": 5280000.0,
        "Net Income Common Stockholders": 5280000.0,
        "Net Income": 5280000.0,
        "Minority Interests": -421000.0,
        "Net Income Including Noncontrolling Interests": 5701000.0,
        "Net Income Continuous Operations": 5701000.0,
        "Tax Provision": 1965000.0,
        "Pretax Income": 7666000.0,
        "Other Income Expense": -10606000.0,
        "Other Non Operating Income Expenses": -8263000.0,
        "Special Income Charges": -2343000.0,
        "Restructuring And Mergern Acquisition": 2343000.0,
        "Net Non Operating Interest Income Expense": -6927000.0,
        "Interest Expense Non Operating": 6927000.0,
        "Operating Income": 25199000.0,
        "Operating Expense": 20392000.0,
        "Depreciation Amortization Depletion Income Statement": 6300000.0,
        "Depreciation And Amortization In Income Statement": 6300000.0,
        "Amortization": 6300000.0,
        "Amortization Of Intangibles Income Statement": 6300000.0,
        "Selling General And Administration": 14092000.0,
        "General And Administrative Expense": 14092000.0,
        "Other Gand A": 14092000.0,
        "Gross Profit": 45591000.0,
        "Cost Of Revenue": 39423000.0,
        "Total Revenue": 85014000.0,
        "Operating Revenue": 84026000.0
    },
    "2025-03-31": {
        "Tax Effect Of Unusual Items": -37540.2,
        "Tax Rate For Calcs": 0.0534,
        "Normalized EBITDA": 17771000.0,
        "Total Unusual Items": -703000.0,
        "Total Unusual Items Excluding Goodwill": -703000.0,
        "Net Income From Continuing Operation Net Minority Interest": 4522000.0,
        "Reconciled Depreciation": 5690000.0,
        "Reconciled Cost Of Revenue": 36708000.0,
        "EBITDA": 17068000.0,
        "EBIT": 11378000.0,
        "Net Interest Income": -6417000.0,
        "Interest Expense": 6417000.0,
        "Normalized Income": 5187459.8,
        "Net Income From Continuing And Discontinued Operation": 4522000.0,
        "Total Expenses": 55738000.0,
        "Total Operating Income As Reported": 11226000.0,
        "Diluted Average Shares": 119352000.0,
        "Basic Average Shares": 110907000.0,
        "Diluted EPS": 0.04,
        "Basic EPS": 0.04,
        "Diluted NI Availto Com Stockholders": 4522000.0,
        "Net Income Common Stockholders": 4522000.0,
        "Net Income": 4522000.0,
        "Minority Interests": -174000.0,
        "Net Income Including Noncontrolling Interests": 4696000.0,
        "Net Income Continuous Operations": 4696000.0,
        "Tax Provision": 265000.0,
        "Pretax Income": 4961000.0,
        "Other Income Expense": -551000.0,
        "Other Non Operating Income Expenses": 152000.0,
        "Special Income Charges": -703000.0,
        "Restructuring And Mergern Acquisition": 703000.0,
        "Net Non Operating Interest Income Expense": -6417000.0,
        "Interest Expense Non Operating": 6417000.0,
        "Operating Income": 11929000.0,
        "Operating Expense": 18658000.0,
        "Depreciation Amortization Depletion Income Statement": 5318000.0,
        "Depreciation And Amortization In Income Statement": 5318000.0,
        "Amortization": 5318000.0,
        "Amortization Of Intangibles Income Statement": 5318000.0,
        "Selling General And Administration": 13340000.0,
        "General And Administrative Expense": 13340000.0,
        "Other Gand A": 13340000.0,
        "Gross Profit": 30587000.0,
        "Cost Of Revenue": 37080000.0,
        "Total Revenue": 67667000.0,
        "Operating Revenue": 66735000.0
    },
    "2025-06-30": {
        "Tax Effect Of Unusual Items": -274033.9,
        "Tax Rate For Calcs": 0.2471,
        "Normalized EBITDA": 20047000.0,
        "Total Unusual Items": -1109000.0,
        "Total Unusual Items Excluding Goodwill": -1109000.0,
        "Net Income From Continuing Operation Net Minority Interest": 3383000.0,
        "Reconciled Depreciation": 6559000.0,
        "Reconciled Cost Of Revenue": 31736000.0,
        "EBITDA": 18938000.0,
        "EBIT": 12379000.0,
        "Net Interest Income": -6799000.0,
        "Interest Expense": 6799000.0,
        "Normalized Income": 4217966.1,
        "Net Income From Continuing And Discontinued Operation": 3383000.0,
        "Total Expenses": 53862000.0,
        "Total Operating Income As Reported": 17733000.0,
        "Diluted Average Shares": 118722000.0,
        "Basic Average Shares": 110994000.0,
        "Diluted EPS": 0.03,
        "Basic EPS": 0.03,
        "Diluted NI Availto Com Stockholders": 3383000.0,
        "Net Income Common Stockholders": 3383000.0,
        "Net Income": 3383000.0,
        "Minority Interests": -817000.0,
        "Net Income Including Noncontrolling Interests": 4200000.0,
        "Net Income Continuous Operations": 4200000.0,
        "Tax Provision": 1380000.0,
        "Pretax Income": 5580000.0,
        "Other Income Expense": -6463000.0,
        "Other Non Operating Income Expenses": -5354000.0,
        "Special Income Charges": -1109000.0,
        "Restructuring And Mergern Acquisition": 1109000.0,
        "Net Non Operating Interest Income Expense": -6799000.0,
        "Interest Expense Non Operating": 6799000.0,
        "Operating Income": 18842000.0,
        "Operating Expense": 21717000.0,
        "Depreciation Amortization Depletion Income Statement": 6150000.0,
        "Depreciation And Amortization In Income Statement": 6150000.0,
        "Amortization": 6150000.0,
        "Amortization Of Intangibles Income Statement": 6150000.0,
        "Selling General And Administration": 15567000.0,
        "General And Administrative Expense": 15567000.0,
        "Other Gand A": 15567000.0,
        "Gross Profit": 40559000.0,
        "Cost Of Revenue": 32145000.0,
        "Total Revenue": 72704000.0,
        "Operating Revenue": 71516000.0
    }
}