{
    "2023-03-31": {
        "Tax Effect Of Unusual Items": NaN,
        "Tax Rate For Calcs": NaN,
        "Normalized EBITDA": NaN,
        "Total Unusual Items": NaN,
        "Total Unusual Items Excluding Goodwill": NaN,
        "Net Income From Continuing Operation Net Minority Interest": NaN,
        "Reconciled Depreciation": NaN,
        "Reconciled Cost Of Revenue": NaN,
        "EBITDA": NaN,
        "EBIT": NaN,
        "Net Interest Income": NaN,
        "Interest Expense": NaN,
        "Interest Income": NaN,
        "Normalized Income": NaN,
        "Net Income From Continuing And Discontinued Operation": NaN,
        "Total Expenses": NaN,
        "Total Operating Income As Reported": NaN,
        "Diluted Average Shares": 1134000000.0,
        "Basic Average Shares": 1129000000.0,
        "Diluted EPS": 0.7,
        "Basic EPS": 0.7,
        "Diluted NI Availto Com Stockholders": NaN,
        "Net Income Common Stockholders": NaN,
        "Net Income": NaN,
        "Net Income Including Noncontrolling Interests": NaN,
        "Net Income Continuous Operations": NaN,
        "Tax Provision": NaN,
        "Pretax Income": NaN,
        "Other Income Expense": NaN,
        "Other Non Operating Income Expenses": NaN,
        "Special Income Charges": NaN,
        "Restructuring And Mergern Acquisition": NaN,
        "Gain On Sale Of Security": NaN,
        "Net Non Operating Interest Income Expense": NaN,
        "Interest Expense Non Operating": NaN,
        "Interest Income Non Operating": NaN,
        "Operating Income": NaN,
        "Operating Expense": NaN,
        "Other Operating Expenses": NaN,
        "Research And Development": NaN,
        "Selling General And Administration": NaN,
        "Selling And Marketing Expense": NaN,
        "General And Administrative Expense": NaN,
        "Other Gand A": NaN,
        "Gross Profit": NaN,
        "Cost Of Revenue": NaN,
        "Total Revenue": NaN,
        "Operating Revenue": NaN
    },
    "2022-12-31": {
        "Tax Effect Of Unusual Items": -28264864.864865,
        "Tax Rate For Calcs": 0.17027,
        "Normalized EBITDA": 1691000000.0,
        "Total Unusual Items": -166000000.0,
        "Total Unusual Items Excluding Goodwill": -166000000.0,
        "Net Income From Continuing Operation Net Minority Interest": 921000000.0,
        "Reconciled Depreciation": 326000000.0,
        "Reconciled Cost Of Revenue": 3712000000.0,
        "EBITDA": 1525000000.0,
        "EBIT": 1199000000.0,
        "Net Interest Income": -5000000.0,
        "Interest Expense": 89000000.0,
        "Interest Income": 84000000.0,
        "Normalized Income": 1058735135.135135,
        "Net Income From Continuing And Discontinued Operation": 921000000.0,
        "Total Expenses": 6114000000.0,
        "Total Operating Income As Reported": 1244000000.0,
        "Diluted Average Shares": NaN,
        "Basic Average Shares": NaN,
        "Diluted EPS": NaN,
        "Basic EPS": NaN,
        "Diluted NI Availto Com Stockholders": 921000000.0,
        "Net Income Common Stockholders": 921000000.0,
        "Net Income": 921000000.0,
        "Net Income Including Noncontrolling Interests": 921000000.0,
        "Net Income Continuous Operations": 921000000.0,
        "Tax Provision": 189000000.0,
        "Pretax Income": 1110000000.0,
        "Other Income Expense": -154000000.0,
        "Other Non Operating Income Expenses": 12000000.0,
        "Special Income Charges": -25000000.0,
        "Restructuring And Mergern Acquisition": 25000000.0,
        "Gain On Sale Of Security": -141000000.0,
        "Net Non Operating Interest Income Expense": -5000000.0,
        "Interest Expense Non Operating": 89000000.0,
        "Interest Income Non Operating": 84000000.0,
        "Operating Income": 1269000000.0,
        "Operating Expense": 2402000000.0,
        "Other Operating Expenses": 541000000.0,
        "Research And Development": 822000000.0,
        "Selling General And Administration": 1039000000.0,
        "Selling And Marketing Expense": 524000000.0,
        "General And Administrative Expense": 515000000.0,
        "Other Gand A": 515000000.0,
        "Gross Profit": 3671000000.0,
        "Cost Of Revenue": 3712000000.0,
        "Total Revenue": 7383000000.0,
        "Operating Revenue": 7383000000.0
    },
    "2022-09-30": {
        "Tax Effect Of Unusual Items": NaN,
        "Tax Rate For Calcs": NaN,
        "Normalized EBITDA": NaN,
        "Total Unusual Items": NaN,
        "Total Unusual Items Excluding Goodwill": NaN,
        "Net Income From Continuing Operation Net Minority Interest": NaN,
        "Reconciled Depreciation": NaN,
        "Reconciled Cost Of Revenue": NaN,
        "EBITDA": NaN,
        "EBIT": NaN,
        "Net Interest Income": NaN,
        "Interest Expense": NaN,
        "Interest Income": NaN,
        "Normalized Income": NaN,
        "Net Income From Continuing And Discontinued Operation": NaN,
        "Total Expenses": NaN,
        "Total Operating Income As Reported": NaN,
        "Diluted Average Shares": 1157000000.0,
        "Basic Average Shares": 1154000000.0,
        "Diluted EPS": 1.15,
        "Basic EPS": 1.15,
        "Diluted NI Availto Com Stockholders": NaN,
        "Net Income Common Stockholders": NaN,
        "Net Income": NaN,
        "Net Income Including Noncontrolling Interests": NaN,
        "Net Income Continuous Operations": NaN,
        "Tax Provision": NaN,
        "Pretax Income": NaN,
        "Other Income Expense": NaN,
        "Other Non Operating Income Expenses": NaN,
        "Special Income Charges": NaN,
        "Restructuring And Mergern Acquisition": NaN,
        "Gain On Sale Of Security": NaN,
        "Net Non Operating Interest Income Expense": NaN,
        "Interest Expense Non Operating": NaN,
        "Interest Income Non Operating": NaN,
        "Operating Income": NaN,
        "Operating Expense": NaN,
        "Other Operating Expenses": NaN,
        "Research And Development": NaN,
        "Selling General And Administration": NaN,
        "Selling And Marketing Expense": NaN,
        "General And Administrative Expense": NaN,
        "Other Gand A": NaN,
        "Gross Profit": NaN,
        "Cost Of Revenue": NaN,
        "Total Revenue": NaN,
        "Operating Revenue": NaN
    },
    "2022-06-30": {
        "Tax Effect Of Unusual Items": -304800000.0,
        "Tax Rate For Calcs": 0.4,
        "Normalized EBITDA": 1213000000.0,
        "Total Unusual Items": -762000000.0,
        "Total Unusual Items Excluding Goodwill": -762000000.0,
        "Net Income From Continuing Operation Net Minority Interest": -341000000.0,
        "Reconciled Depreciation": 333000000.0,
        "Reconciled Cost Of Revenue": 3492000000.0,
        "EBITDA": 451000000.0,
        "EBIT": 118000000.0,
        "Net Interest Income": -42000000.0,
        "Interest Expense": 69000000.0,
        "Interest Income": 27000000.0,
        "Normalized Income": 116200000.0,
        "Net Income From Continuing And Discontinued Operation": -341000000.0,
        "Total Expenses": 5952000000.0,
        "Total Operating Income As Reported": 764000000.0,
        "Diluted Average Shares": 1158000000.0,
        "Basic Average Shares": 1158000000.0,
        "Diluted EPS": -0.29,
        "Basic EPS": -0.29,
        "Diluted NI Availto Com Stockholders": -341000000.0,
        "Net Income Common Stockholders": -341000000.0,
        "Net Income": -341000000.0,
        "Net Income Including Noncontrolling Interests": -341000000.0,
        "Net Income Continuous Operations": -341000000.0,
        "Tax Provision": 390000000.0,
        "Pretax Income": 49000000.0,
        "Other Income Expense": -763000000.0,
        "Other Non Operating Income Expenses": -1000000.0,
        "Special Income Charges": -90000000.0,
        "Restructuring And Mergern Acquisition": 90000000.0,
        "Gain On Sale Of Security": -672000000.0,
        "Net Non Operating Interest Income Expense": -42000000.0,
        "Interest Expense Non Operating": 69000000.0,
        "Interest Income Non Operating": 27000000.0,
        "Operating Income": 854000000.0,
        "Operating Expense": 2460000000.0,
        "Other Operating Expenses": 536000000.0,
        "Research And Development": 815000000.0,
        "Selling General And Administration": 1109000000.0,
        "Selling And Marketing Expense": 595000000.0,
        "General And Administrative Expense": 514000000.0,
        "Other Gand A": 514000000.0,
        "Gross Profit": 3314000000.0,
        "Cost Of Revenue": 3492000000.0,
        "Total Revenue": 6806000000.0,
        "Operating Revenue": 6806000000.0
    },
    "2023-06-30": {
        "Tax Effect Of Unusual Items": NaN,
        "Tax Rate For Calcs": NaN,
        "Normalized EBITDA": NaN,
        "Total Unusual Items": NaN,
        "Total Unusual Items Excluding Goodwill": NaN,
        "Net Income From Continuing Operation Net Minority Interest": NaN,
        "Reconciled Depreciation": NaN,
        "Reconciled Cost Of Revenue": NaN,
        "EBITDA": NaN,
        "EBIT": NaN,
        "Net Interest Income": NaN,
        "Interest Expense": NaN,
        "Interest Income": NaN,
        "Normalized Income": NaN,
        "Net Income From Continuing And Discontinued Operation": NaN,
        "Total Expenses": NaN,
        "Total Operating Income As Reported": NaN,
        "Diluted Average Shares": 1114000000.0,
        "Basic Average Shares": 1111000000.0,
        "Diluted EPS": 0.92,
        "Basic EPS": 0.93,
        "Diluted NI Availto Com Stockholders": NaN,
        "Net Income Common Stockholders": NaN,
        "Net Income": NaN,
        "Net Income Including Noncontrolling Interests": NaN,
        "Net Income Continuous Operations": NaN,
        "Tax Provision": NaN,
        "Pretax Income": NaN,
        "Other Income Expense": NaN,
        "Other Non Operating Income Expenses": NaN,
        "Special Income Charges": NaN,
        "Restructuring And Mergern Acquisition": NaN,
        "Gain On Sale Of Security": NaN,
        "Net Non Operating Interest Income Expense": NaN,
        "Interest Expense Non Operating": NaN,
        "Interest Income Non Operating": NaN,
        "Operating Income": NaN,
        "Operating Expense": NaN,
        "Other Operating Expenses": NaN,
        "Research And Development": NaN,
        "Selling General And Administration": NaN,
        "Selling And Marketing Expense": NaN,
        "General And Administrative Expense": NaN,
        "Other Gand A": NaN,
        "Gross Profit": NaN,
        "Cost Of Revenue": NaN,
        "Total Revenue": NaN,
        "Operating Revenue": NaN
    },
    "2022-03-31": {
        "Diluted EPS": 0.43,
        "Total Revenue": NaN,
        "Gross Profit": NaN,
        "Operating Income": 711,
        "EBIT": NaN,
        "Net Income": 509
    },
    "2021-12-31": {
        "Diluted EPS": 0.68,
        "Total Revenue": NaN,
        "Gross Profit": NaN,
        "Operating Income": NaN,
        "EBIT": NaN,
        "Net Income": 801
    },
    "2021-09-30": {
        "Diluted EPS": 0.92,
        "Total Revenue": NaN,
        "Gross Profit": NaN,
        "Operating Income": NaN,
        "EBIT": NaN,
        "Net Income": NaN
    },
    "2021-06-30": {
        "Diluted EPS": 1.0,
        "Total Revenue": NaN,
        "Gross Profit": NaN,
        "Operating Income": NaN,
        "EBIT": NaN,
        "Net Income": NaN
    },
    "2021-03-31": {
        "Diluted EPS": 0.92,
        "Total Revenue": NaN,
        "Gross Profit": NaN,
        "Operating Income": NaN,
        "EBIT": NaN,
        "Net Income": NaN
    },
    "2020-12-31": {
        "Diluted EPS": 1.32,
        "Total Revenue": NaN,
        "Gross Profit": NaN,
        "Operating Income": 963,
        "EBIT": NaN,
        "Net Income": NaN
    },
    "2020-09-30": {
        "Diluted EPS": 0.86,
        "Total Revenue": NaN,
        "Gross Profit": NaN,
        "Operating Income": 977,
        "EBIT": NaN,
        "Net Income": NaN
    },
    "2020-06-30": {
        "Diluted EPS": 1.29,
        "Total Revenue": NaN,
        "Gross Profit": NaN,
        "Operating Income": 951,
        "EBIT": NaN,
        "Net Income": NaN
    },
    "2020-03-31": {
        "Diluted EPS": 0.07,
        "Total Revenue": NaN,
        "Gross Profit": NaN,
        "Operating Income": 398,
        "EBIT": 691,
        "Net Income": 84
    },
    "2019-12-31": {
        "Diluted EPS": 0.43,
        "Total Revenue": NaN,
        "Gross Profit": NaN,
        "Operating Income": 799,
        "EBIT": NaN,
        "Net Income": 507
    },
    "2019-09-30": {
        "Diluted EPS": 0.39,
        "Total Revenue": NaN,
        "Gross Profit": NaN,
        "Operating Income": 697,
        "EBIT": 924,
        "Net Income": 462
    },
    "2019-06-30": {
        "Diluted EPS": 0.69,
        "Total Revenue": NaN,
        "Gross Profit": NaN,
        "Operating Income": 705,
        "EBIT": 933,
        "Net Income": 823
    },
    "2019-03-31": {
        "Diluted EPS": 0.56,
        "Total Revenue": NaN,
        "Gross Profit": NaN,
        "Operating Income": 518,
        "EBIT": 748,
        "Net Income": 667
    },
    "2018-12-31": {
        "Diluted EPS": 0.49,
        "Total Revenue": NaN,
        "Gross Profit": NaN,
        "Operating Income": 598,
        "EBIT": 821,
        "Net Income": 584
    },
    "2018-09-30": {
        "Diluted EPS": 0.36,
        "Total Revenue": NaN,
        "Gross Profit": NaN,
        "Operating Income": 490,
        "EBIT": 678,
        "Net Income": 436
    },
    "2018-06-30": {
        "Diluted EPS": 0.44,
        "Total Revenue": NaN,
        "Gross Profit": NaN,
        "Operating Income": 572,
        "EBIT": 752,
        "Net Income": 526
    },
    "2018-03-31": {
        "Diluted EPS": 0.42,
        "Total Revenue": NaN,
        "Gross Profit": NaN,
        "Operating Income": 534,
        "EBIT": 719,
        "Net Income": 511
    },
    "2017-12-31": {
        "Diluted EPS": 0.5,
        "Total Revenue": NaN,
        "Gross Profit": NaN,
        "Operating Income": 843,
        "EBIT": NaN,
        "Net Income": 620
    },
    "2017-09-30": {
        "Diluted EPS": 0.31,
        "Total Revenue": NaN,
        "Gross Profit": NaN,
        "Operating Income": 423,
        "EBIT": 617,
        "Net Income": 380
    },
    "2017-06-30": {
        "Diluted EPS": 0.34,
        "Total Revenue": NaN,
        "Gross Profit": NaN,
        "Operating Income": 430,
        "EBIT": 631,
        "Net Income": 411
    },
    "2017-03-31": {
        "Diluted EPS": 0.32,
        "Total Revenue": NaN,
        "Gross Profit": NaN,
        "Operating Income": 431,
        "EBIT": 614,
        "Net Income": 384
    },
    "2016-12-31": {
        "Diluted EPS": 0.31,
        "Total Revenue": NaN,
        "Gross Profit": NaN,
        "Operating Income": 460,
        "EBIT": 649,
        "Net Income": 390
    },
    "2016-09-30": {
        "Diluted EPS": 0.27,
        "Total Revenue": NaN,
        "Gross Profit": NaN,
        "Operating Income": 348,
        "EBIT": 533,
        "Net Income": 323
    },
    "2016-06-30": {
        "Diluted EPS": 0.27,
        "Total Revenue": NaN,
        "Gross Profit": NaN,
        "Operating Income": 371,
        "EBIT": 547,
        "Net Income": 323
    },
    "2016-03-31": {
        "Diluted EPS": 0.3,
        "Total Revenue": NaN,
        "Gross Profit": NaN,
        "Operating Income": 407,
        "EBIT": 581,
        "Net Income": 365
    },
    "2015-12-31": {
        "Diluted EPS": 0.29,
        "Total Revenue": NaN,
        "Gross Profit": NaN,
        "Operating Income": 411,
        "EBIT": 575,
        "Net Income": 367
    },
    "2015-09-30": {
        "Diluted EPS": 0.25,
        "Total Revenue": NaN,
        "Gross Profit": NaN,
        "Operating Income": 330,
        "EBIT": 483,
        "Net Income": 301
    },
    "2015-06-30": {
        "Diluted EPS": 0.25,
        "Total Revenue": NaN,
        "Gross Profit": NaN,
        "Operating Income": 398,
        "EBIT": 548,
        "Net Income": 305
    },
    "2015-03-31": {
        "Diluted EPS": 0.21,
        "Total Revenue": NaN,
        "Gross Profit": NaN,
        "Operating Income": 322,
        "EBIT": 463,
        "Net Income": 255
    },
    "2014-12-31": {
        "Diluted EPS": 0.23,
        "Total Revenue": NaN,
        "Gross Profit": NaN,
        "Operating Income": 205,
        "EBIT": 337,
        "Net Income": 286
    },
    "2014-09-30": {
        "Diluted EPS": 0.19,
        "Total Revenue": NaN,
        "Gross Profit": NaN,
        "Operating Income": 272,
        "EBIT": 401,
        "Net Income": 234
    },
    "2014-06-30": {
        "Diluted EPS": 0.23,
        "Total Revenue": NaN,
        "Gross Profit": NaN,
        "Operating Income": 330,
        "EBIT": 455,
        "Net Income": 281
    },
    "2014-03-31": {
        "Diluted EPS": 0.0,
        "Total Revenue": NaN,
        "Gross Profit": 976,
        "Operating Income": 318,
        "EBIT": 448,
        "Net Income": -382
    },
    "2013-12-31": {
        "Diluted EPS": 0.0,
        "Total Revenue": NaN,
        "Gross Profit": NaN,
        "Operating Income": NaN,
        "EBIT": NaN,
        "Net Income": NaN
    },
    "2012-12-31": {
        "Diluted EPS": 0.0,
        "Total Revenue": NaN,
        "Gross Profit": NaN,
        "Operating Income": NaN,
        "EBIT": NaN,
        "Net Income": NaN
    },
    "2023-09-30": {
        "Tax Effect Of Unusual Items": NaN,
        "Tax Rate For Calcs": NaN,
        "Normalized EBITDA": NaN,
        "Total Unusual Items": NaN,
        "Total Unusual Items Excluding Goodwill": NaN,
        "Net Income From Continuing Operation Net Minority Interest": NaN,
        "Reconciled Depreciation": NaN,
        "Reconciled Cost Of Revenue": NaN,
        "EBITDA": NaN,
        "EBIT": NaN,
        "Net Interest Income": NaN,
        "Interest Expense": NaN,
        "Interest Income": NaN,
        "Normalized Income": NaN,
        "Net Income From Continuing And Discontinued Operation": NaN,
        "Total Expenses": NaN,
        "Total Operating Income As Reported": NaN,
        "Diluted Average Shares": 1098000000.0,
        "Basic Average Shares": 1094000000.0,
        "Diluted EPS": 0.93,
        "Basic EPS": 0.93,
        "Diluted NI Availto Com Stockholders": NaN,
        "Net Income Common Stockholders": NaN,
        "Net Income": NaN,
        "Net Income Including Noncontrolling Interests": NaN,
        "Net Income Continuous Operations": NaN,
        "Tax Provision": NaN,
        "Pretax Income": NaN,
        "Other Income Expense": NaN,
        "Other Non Operating Income Expenses": NaN,
        "Special Income Charges": NaN,
        "Restructuring And Mergern Acquisition": NaN,
        "Gain On Sale Of Security": NaN,
        "Net Non Operating Interest Income Expense": NaN,
        "Interest Expense Non Operating": NaN,
        "Interest Income Non Operating": NaN,
        "Operating Income": NaN,
        "Operating Expense": NaN,
        "Other Operating Expenses": NaN,
        "Research And Development": NaN,
        "Selling General And Administration": NaN,
        "Selling And Marketing Expense": NaN,
        "General And Administrative Expense": NaN,
        "Other Gand A": NaN,
        "Gross Profit": NaN,
        "Cost Of Revenue": NaN,
        "Total Revenue": NaN,
        "Operating Revenue": NaN
    },
    "2023-12-31": {
        "Tax Effect Of Unusual Items": 66947573.898494,
        "Tax Rate For Calcs": 0.21807,
        "Normalized EBITDA": 1836000000.0,
        "Total Unusual Items": 307000000.0,
        "Total Unusual Items Excluding Goodwill": 307000000.0,
        "Net Income From Continuing Operation Net Minority Interest": 1402000000.0,
        "Reconciled Depreciation": 263000000.0,
        "Reconciled Cost Of Revenue": 4354000000.0,
        "EBITDA": 2143000000.0,
        "EBIT": 1880000000.0,
        "Net Interest Income": 45000000.0,
        "Interest Expense": 87000000.0,
        "Interest Income": 132000000.0,
        "Normalized Income": 1161947573.898494,
        "Net Income From Continuing And Discontinued Operation": 1402000000.0,
        "Total Expenses": 6609000000.0,
        "Total Operating Income As Reported": 1728000000.0,
        "Diluted Average Shares": NaN,
        "Basic Average Shares": NaN,
        "Diluted EPS": NaN,
        "Basic EPS": NaN,
        "Diluted NI Availto Com Stockholders": 1402000000.0,
        "Net Income Common Stockholders": 1402000000.0,
        "Net Income": 1402000000.0,
        "Net Income Including Noncontrolling Interests": 1402000000.0,
        "Net Income Continuous Operations": 1402000000.0,
        "Tax Provision": 391000000.0,
        "Pretax Income": 1793000000.0,
        "Other Income Expense": 331000000.0,
        "Other Non Operating Income Expenses": 24000000.0,
        "Special Income Charges": 311000000.0,
        "Restructuring And Mergern Acquisition": -311000000.0,
        "Gain On Sale Of Security": -4000000.0,
        "Net Non Operating Interest Income Expense": 45000000.0,
        "Interest Expense Non Operating": 87000000.0,
        "Interest Income Non Operating": 132000000.0,
        "Operating Income": 1417000000.0,
        "Operating Expense": 2255000000.0,
        "Other Operating Expenses": 465000000.0,
        "Research And Development": 770000000.0,
        "Selling General And Administration": 1020000000.0,
        "Selling And Marketing Expense": 466000000.0,
        "General And Administrative Expense": 554000000.0,
        "Other Gand A": 554000000.0,
        "Gross Profit": 3672000000.0,
        "Cost Of Revenue": 4354000000.0,
        "Total Revenue": 8026000000.0,
        "Operating Revenue": 8026000000.0
    },
    "2024-03-31": {
        "Tax Effect Of Unusual Items": -70470000.0,
        "Tax Rate For Calcs": 0.27,
        "Normalized EBITDA": 1821000000.0,
        "Total Unusual Items": -261000000.0,
        "Total Unusual Items Excluding Goodwill": -261000000.0,
        "Net Income From Continuing Operation Net Minority Interest": 888000000.0,
        "Reconciled Depreciation": 265000000.0,
        "Reconciled Cost Of Revenue": 4238000000.0,
        "EBITDA": 1560000000.0,
        "EBIT": 1295000000.0,
        "Net Interest Income": 80000000.0,
        "Interest Expense": 86000000.0,
        "Interest Income": 166000000.0,
        "Normalized Income": 1078530000.0,
        "Net Income From Continuing And Discontinued Operation": 888000000.0,
        "Total Expenses": 6319000000.0,
        "Total Operating Income As Reported": 1168000000.0,
        "Diluted Average Shares": 1072000000.0,
        "Basic Average Shares": 1064000000.0,
        "Diluted EPS": 0.83,
        "Basic EPS": 0.83,
        "Diluted NI Availto Com Stockholders": 888000000.0,
        "Net Income Common Stockholders": 888000000.0,
        "Net Income": 888000000.0,
        "Net Income Including Noncontrolling Interests": 888000000.0,
        "Net Income Continuous Operations": 888000000.0,
        "Tax Provision": 321000000.0,
        "Pretax Income": 1209000000.0,
        "Other Income Expense": -251000000.0,
        "Other Non Operating Income Expenses": 10000000.0,
        "Special Income Charges": -212000000.0,
        "Restructuring And Mergern Acquisition": 212000000.0,
        "Gain On Sale Of Security": -49000000.0,
        "Net Non Operating Interest Income Expense": 80000000.0,
        "Interest Expense Non Operating": 86000000.0,
        "Interest Income Non Operating": 166000000.0,
        "Operating Income": 1380000000.0,
        "Operating Expense": 2081000000.0,
        "Other Operating Expenses": 454000000.0,
        "Research And Development": 742000000.0,
        "Selling General And Administration": 885000000.0,
        "Selling And Marketing Expense": 421000000.0,
        "General And Administrative Expense": 464000000.0,
        "Other Gand A": 464000000.0,
        "Gross Profit": 3461000000.0,
        "Cost Of Revenue": 4238000000.0,
        "Total Revenue": 7699000000.0,
        "Operating Revenue": 7699000000.0
    },
    "2024-06-30": {
        "Tax Effect Of Unusual Items": -22610000.0,
        "Tax Rate For Calcs": 0.19,
        "Normalized EBITDA": 1874000000.0,
        "Total Unusual Items": -119000000.0,
        "Total Unusual Items Excluding Goodwill": -119000000.0,
        "Net Income From Continuing Operation Net Minority Interest": 1128000000.0,
        "Reconciled Depreciation": 263000000.0,
        "Reconciled Cost Of Revenue": 4277000000.0,
        "EBITDA": 1755000000.0,
        "EBIT": 1492000000.0,
        "Net Interest Income": 72000000.0,
        "Interest Expense": 93000000.0,
        "Interest Income": 165000000.0,
        "Normalized Income": 1224390000.0,
        "Net Income From Continuing And Discontinued Operation": 1128000000.0,
        "Total Expenses": 6447000000.0,
        "Total Operating Income As Reported": 1325000000.0,
        "Diluted Average Shares": 1047000000.0,
        "Basic Average Shares": 1042000000.0,
        "Diluted EPS": 1.08,
        "Basic EPS": 1.08,
        "Diluted NI Availto Com Stockholders": 1128000000.0,
        "Net Income Common Stockholders": 1128000000.0,
        "Net Income": 1128000000.0,
        "Net Income Including Noncontrolling Interests": 1128000000.0,
        "Net Income Continuous Operations": 1128000000.0,
        "Tax Provision": 271000000.0,
        "Pretax Income": 1399000000.0,
        "Other Income Expense": -111000000.0,
        "Other Non Operating Income Expenses": 8000000.0,
        "Special Income Charges": -113000000.0,
        "Restructuring And Mergern Acquisition": 113000000.0,
        "Gain On Sale Of Security": -6000000.0,
        "Net Non Operating Interest Income Expense": 72000000.0,
        "Interest Expense Non Operating": 93000000.0,
        "Interest Income Non Operating": 165000000.0,
        "Operating Income": 1438000000.0,
        "Operating Expense": 2170000000.0,
        "Other Operating Expenses": 436000000.0,
        "Research And Development": 718000000.0,
        "Selling General And Administration": 1016000000.0,
        "Selling And Marketing Expense": 446000000.0,
        "General And Administrative Expense": 570000000.0,
        "Other Gand A": 570000000.0,
        "Gross Profit": 3608000000.0,
        "Cost Of Revenue": 4277000000.0,
        "Total Revenue": 7885000000.0,
        "Operating Revenue": 7885000000.0
    },
    "2024-09-30": {
        "Tax Effect Of Unusual Items": NaN,
        "Tax Rate For Calcs": NaN,
        "Normalized EBITDA": NaN,
        "Total Unusual Items": NaN,
        "Total Unusual Items Excluding Goodwill": NaN,
        "Net Income From Continuing Operation Net Minority Interest": NaN,
        "Reconciled Depreciation": NaN,
        "Reconciled Cost Of Revenue": NaN,
        "EBITDA": NaN,
        "EBIT": NaN,
        "Net Interest Income": NaN,
        "Interest Expense": NaN,
        "Interest Income": NaN,
        "Normalized Income": NaN,
        "Net Income From Continuing And Discontinued Operation": NaN,
        "Total Expenses": NaN,
        "Total Operating Income As Reported": NaN,
        "Diluted Average Shares": 1024000000.0,
        "Basic Average Shares": 1015000000.0,
        "Diluted EPS": 0.99,
        "Basic EPS": 1.0,
        "Diluted NI Availto Com Stockholders": NaN,
        "Net Income Common Stockholders": NaN,
        "Net Income": NaN,
        "Net Income Including Noncontrolling Interests": NaN,
        "Net Income Continuous Operations": NaN,
        "Tax Provision": NaN,
        "Pretax Income": NaN,
        "Other Income Expense": NaN,
        "Other Non Operating Income Expenses": NaN,
        "Special Income Charges": NaN,
        "Restructuring And Mergern Acquisition": NaN,
        "Gain On Sale Of Security": NaN,
        "Net Non Operating Interest Income Expense": NaN,
        "Interest Expense Non Operating": NaN,
        "Interest Income Non Operating": NaN,
        "Operating Income": NaN,
        "Operating Expense": NaN,
        "Other Operating Expenses": NaN,
        "Research And Development": NaN,
        "Selling General And Administration": NaN,
        "Selling And Marketing Expense": NaN,
        "General And Administrative Expense": NaN,
        "Other Gand A": NaN,
        "Gross Profit": NaN,
        "Cost Of Revenue": NaN,
        "Total Revenue": NaN,
        "Operating Revenue": NaN
    },
    "2024-12-31": {
        "Tax Effect Of Unusual Items": -22341134.751773,
        "Tax Rate For Calcs": 0.204965,
        "Normalized EBITDA": 1865000000.0,
        "Total Unusual Items": -109000000.0,
        "Total Unusual Items Excluding Goodwill": -109000000.0,
        "Net Income From Continuing Operation Net Minority Interest": 1121000000.0,
        "Reconciled Depreciation": 249000000.0,
        "Reconciled Cost Of Revenue": 4431000000.0,
        "EBITDA": 1756000000.0,
        "EBIT": 1507000000.0,
        "Net Interest Income": 51000000.0,
        "Interest Expense": 97000000.0,
        "Interest Income": 148000000.0,
        "Normalized Income": 1207658865.248227,
        "Net Income From Continuing And Discontinued Operation": 1121000000.0,
        "Total Expenses": 6875000000.0,
        "Total Operating Income As Reported": 1441000000.0,
        "Diluted Average Shares": 1014000000.0,
        "Basic Average Shares": 997000000.0,
        "Diluted EPS": 1.11,
        "Basic EPS": 1.12,
        "Diluted NI Availto Com Stockholders": 1121000000.0,
        "Net Income Common Stockholders": 1121000000.0,
        "Net Income": 1121000000.0,
        "Net Income Including Noncontrolling Interests": 1121000000.0,
        "Net Income Continuous Operations": 1121000000.0,
        "Tax Provision": 289000000.0,
        "Pretax Income": 1410000000.0,
        "Other Income Expense": -132000000.0,
        "Other Non Operating Income Expenses": -23000000.0,
        "Special Income Charges": -50000000.0,
        "Restructuring And Mergern Acquisition": 50000000.0,
        "Gain On Sale Of Security": -59000000.0,
        "Net Non Operating Interest Income Expense": 51000000.0,
        "Interest Expense Non Operating": 97000000.0,
        "Interest Income Non Operating": 148000000.0,
        "Operating Income": 1491000000.0,
        "Operating Expense": 2444000000.0,
        "Other Operating Expenses": 451000000.0,
        "Research And Development": 773000000.0,
        "Selling General And Administration": 1220000000.0,
        "Selling And Marketing Expense": 626000000.0,
        "General And Administrative Expense": 594000000.0,
        "Other Gand A": 594000000.0,
        "Gross Profit": 3935000000.0,
        "Cost Of Revenue": 4431000000.0,
        "Total Revenue": 8366000000.0,
        "Operating Revenue": 8366000000.0
    },
    "2025-03-31": {
        "Tax Effect Of Unusual Items": -3600000.0,
        "Tax Rate For Calcs": 0.2,
        "Normalized EBITDA": 1969000000.0,
        "Total Unusual Items": -18000000.0,
        "Total Unusual Items Excluding Goodwill": -18000000.0,
        "Net Income From Continuing Operation Net Minority Interest": 1287000000.0,
        "Reconciled Depreciation": 245000000.0,
        "Reconciled Cost Of Revenue": 4075000000.0,
        "EBITDA": 1951000000.0,
        "EBIT": 1706000000.0,
        "Net Interest Income": 42000000.0,
        "Interest Expense": 103000000.0,
        "Interest Income": 145000000.0,
        "Normalized Income": 1301400000.0,
        "Net Income From Continuing And Discontinued Operation": 1287000000.0,
        "Total Expenses": 6195000000.0,
        "Total Operating Income As Reported": 1530000000.0,
        "Diluted Average Shares": 999000000.0,
        "Basic Average Shares": 986000000.0,
        "Diluted EPS": 1.29,
        "Basic EPS": 1.31,
        "Diluted NI Availto Com Stockholders": 1287000000.0,
        "Net Income Common Stockholders": 1287000000.0,
        "Net Income": 1287000000.0,
        "Net Income Including Noncontrolling Interests": 1287000000.0,
        "Net Income Continuous Operations": 1287000000.0,
        "Tax Provision": 316000000.0,
        "Pretax Income": 1603000000.0,
        "Other Income Expense": -35000000.0,
        "Other Non Operating Income Expenses": -17000000.0,
        "Special Income Charges": -66000000.0,
        "Restructuring And Mergern Acquisition": 66000000.0,
        "Gain On Sale Of Security": 48000000.0,
        "Net Non Operating Interest Income Expense": 42000000.0,
        "Interest Expense Non Operating": 103000000.0,
        "Interest Income Non Operating": 145000000.0,
        "Operating Income": 1596000000.0,
        "Operating Expense": 2120000000.0,
        "Other Operating Expenses": 398000000.0,
        "Research And Development": 731000000.0,
        "Selling General And Administration": 991000000.0,
        "Selling And Marketing Expense": 488000000.0,
        "General And Administrative Expense": 503000000.0,
        "Other Gand A": 503000000.0,
        "Gross Profit": 3716000000.0,
        "Cost Of Revenue": 4075000000.0,
        "Total Revenue": 7791000000.0,
        "Operating Revenue": 7791000000.0
    },
    "2025-06-30": {
        "Tax Effect Of Unusual Items": -18900000.0,
        "Tax Rate For Calcs": 0.18,
        "Normalized EBITDA": 1987000000.0,
        "Total Unusual Items": -105000000.0,
        "Total Unusual Items Excluding Goodwill": -105000000.0,
        "Net Income From Continuing Operation Net Minority Interest": 1261000000.0,
        "Reconciled Depreciation": 239000000.0,
        "Reconciled Cost Of Revenue": 4444000000.0,
        "EBITDA": 1882000000.0,
        "EBIT": 1643000000.0,
        "Net Interest Income": 21000000.0,
        "Interest Expense": 114000000.0,
        "Interest Income": 135000000.0,
        "Normalized Income": 1347100000.0,
        "Net Income From Continuing And Discontinued Operation": 1261000000.0,
        "Total Expenses": 6668000000.0,
        "Total Operating Income As Reported": 1504000000.0,
        "Diluted Average Shares": 977000000.0,
        "Basic Average Shares": 969000000.0,
        "Diluted EPS": 1.29,
        "Basic EPS": 1.3,
        "Diluted NI Availto Com Stockholders": 1261000000.0,
        "Net Income Common Stockholders": 1261000000.0,
        "Net Income": 1261000000.0,
        "Net Income Including Noncontrolling Interests": 1261000000.0,
        "Net Income Continuous Operations": 1261000000.0,
        "Tax Provision": 268000000.0,
        "Pretax Income": 1529000000.0,
        "Other Income Expense": -112000000.0,
        "Other Non Operating Income Expenses": -7000000.0,
        "Special Income Charges": -116000000.0,
        "Restructuring And Mergern Acquisition": 116000000.0,
        "Gain On Sale Of Security": 11000000.0,
        "Net Non Operating Interest Income Expense": 21000000.0,
        "Interest Expense Non Operating": 114000000.0,
        "Interest Income Non Operating": 135000000.0,
        "Operating Income": 1620000000.0,
        "Operating Expense": 2224000000.0,
        "Other Operating Expenses": 413000000.0,
        "Research And Development": 767000000.0,
        "Selling General And Administration": 1044000000.0,
        "Selling And Marketing Expense": 583000000.0,
        "General And Administrative Expense": 461000000.0,
        "Other Gand A": 461000000.0,
        "Gross Profit": 3844000000.0,
        "Cost Of Revenue": 4444000000.0,
        "Total Revenue": 8288000000.0,
        "Operating Revenue": 8288000000.0
    },
    "2025-09-30": {
        "Tax Effect Of Unusual Items": -11210000.0,
        "Tax Rate For Calcs": 0.19,
        "Normalized EBITDA": 1950000000.0,
        "Total Unusual Items": -59000000.0,
        "Total Unusual Items Excluding Goodwill": -59000000.0,
        "Net Income From Continuing Operation Net Minority Interest": 1248000000.0,
        "Reconciled Depreciation": 245000000.0,
        "Reconciled Cost Of Revenue": 4546000000.0,
        "EBITDA": 1891000000.0,
        "EBIT": 1646000000.0,
        "Net Interest Income": 6000000.0,
        "Interest Expense": 113000000.0,
        "Interest Income": 119000000.0,
        "Normalized Income": 1295790000.0,
        "Net Income From Continuing And Discontinued Operation": 1248000000.0,
        "Total Expenses": 6828000000.0,
        "Total Operating Income As Reported": 1520000000.0,
        "Diluted Average Shares": 960000000.0,
        "Basic Average Shares": 950000000.0,
        "Diluted EPS": 1.3,
        "Basic EPS": 1.31,
        "Diluted NI Availto Com Stockholders": 1248000000.0,
        "Net Income Common Stockholders": 1248000000.0,
        "Net Income": 1248000000.0,
        "Net Income Including Noncontrolling Interests": 1248000000.0,
        "Net Income Continuous Operations": 1248000000.0,
        "Tax Provision": 285000000.0,
        "Pretax Income": 1533000000.0,
        "Other Income Expense": -62000000.0,
        "Other Non Operating Income Expenses": -3000000.0,
        "Special Income Charges": -69000000.0,
        "Restructuring And Mergern Acquisition": 69000000.0,
        "Gain On Sale Of Security": 10000000.0,
        "Net Non Operating Interest Income Expense": 6000000.0,
        "Interest Expense Non Operating": 113000000.0,
        "Interest Income Non Operating": 119000000.0,
        "Operating Income": 1589000000.0,
        "Operating Expense": 2282000000.0,
        "Other Operating Expenses": 447000000.0,
        "Research And Development": 801000000.0,
        "Selling General And Administration": 1034000000.0,
        "Selling And Marketing Expense": 521000000.0,
        "General And Administrative Expense": 513000000.0,
        "Other Gand A": 513000000.0,
        "Gross Profit": 3871000000.0,
        "Cost Of Revenue": 4546000000.0,
        "Total Revenue": 8417000000.0,
        "Operating Revenue": 8417000000.0
    },
    "2025-12-31": {
        "Tax Effect Of Unusual Items": 1518131.530424,
        "Tax Rate For Calcs": 0.116779,
        "Normalized EBITDA": 1959000000.0,
        "Total Unusual Items": 13000000.0,
        "Total Unusual Items Excluding Goodwill": 13000000.0,
        "Net Income From Continuing Operation Net Minority Interest": 1437000000.0,
        "Reconciled Depreciation": 234000000.0,
        "Reconciled Cost Of Revenue": 4642000000.0,
        "EBITDA": 1972000000.0,
        "EBIT": 1738000000.0,
        "Net Interest Income": 7000000.0,
        "Interest Expense": 111000000.0,
        "Interest Income": 118000000.0,
        "Normalized Income": 1425518131.530424,
        "Net Income From Continuing And Discontinued Operation": 1437000000.0,
        "Total Expenses": 7085000000.0,
        "Total Operating Income As Reported": 1511000000.0,
        "Diluted Average Shares": NaN,
        "Basic Average Shares": NaN,
        "Diluted EPS": NaN,
        "Basic EPS": NaN,
        "Diluted NI Availto Com Stockholders": 1437000000.0,
        "Net Income Common Stockholders": 1437000000.0,
        "Net Income": 1437000000.0,
        "Net Income Including Noncontrolling Interests": 1437000000.0,
        "Net Income Continuous Operations": 1437000000.0,
        "Tax Provision": 190000000.0,
        "Pretax Income": 1627000000.0,
        "Other Income Expense": 29000000.0,
        "Other Non Operating Income Expenses": 16000000.0,
        "Special Income Charges": -80000000.0,
        "Restructuring And Mergern Acquisition": 80000000.0,
        "Gain On Sale Of Security": 93000000.0,
        "Net Non Operating Interest Income Expense": 7000000.0,
        "Interest Expense Non Operating": 111000000.0,
        "Interest Income Non Operating": 118000000.0,
        "Operating Income": 1591000000.0,
        "Operating Expense": 2443000000.0,
        "Other Operating Expenses": 446000000.0,
        "Research And Development": 804000000.0,
        "Selling General And Administration": 1193000000.0,
        "Selling And Marketing Expense": 691000000.0,
        "General And Administrative Expense": 502000000.0,
        "Other Gand A": 502000000.0,
        "Gross Profit": 4034000000.0,
        "Cost Of Revenue": 4642000000.0,
        "Total Revenue": 8676000000.0,
        "Operating Revenue": 8676000000.0
    }
}