{
    "2023-03-31": {
        "Tax Effect Of Unusual Items": 0.0,
        "Tax Rate For Calcs": 0.0,
        "Normalized EBITDA": -5807539.0,
        "Total Unusual Items": 300891.0,
        "Total Unusual Items Excluding Goodwill": 300891.0,
        "Net Income From Continuing Operation Net Minority Interest": -6138607.0,
        "Reconciled Depreciation": 538477.0,
        "Reconciled Cost Of Revenue": 2065049.0,
        "EBITDA": -5506648.0,
        "EBIT": -6045125.0,
        "Net Interest Income": 914253.0,
        "Interest Expense": 93482.0,
        "Interest Income": 1078902.0,
        "Normalized Income": -6439498.0,
        "Net Income From Continuing And Discontinued Operation": -6138607.0,
        "Total Expenses": 9945373.0,
        "Total Operating Income As Reported": -7353751.0,
        "Diluted Average Shares": 174913728.0,
        "Basic Average Shares": 174913728.0,
        "Diluted EPS": -0.03,
        "Basic EPS": -0.03,
        "Diluted NI Availto Com Stockholders": -6138607.0,
        "Net Income Common Stockholders": -6138607.0,
        "Net Income": -6138607.0,
        "Net Income Including Noncontrolling Interests": -6138607.0,
        "Net Income Continuous Operations": -6138607.0,
        "Tax Provision": 0.0,
        "Pretax Income": -6138607.0,
        "Other Income Expense": 300891.0,
        "Gain On Sale Of Security": 300891.0,
        "Net Non Operating Interest Income Expense": 914253.0,
        "Total Other Finance Cost": 71167.0,
        "Interest Expense Non Operating": 93482.0,
        "Interest Income Non Operating": 1078902.0,
        "Operating Income": -7353751.0,
        "Operating Expense": 7880324.0,
        "Research And Development": 323216.0,
        "Selling General And Administration": 7557108.0,
        "Gross Profit": 526573.0,
        "Cost Of Revenue": 2065049.0,
        "Total Revenue": 2591622.0,
        "Operating Revenue": 2591622.0
    },
    "2022-12-31": {
        "Tax Effect Of Unusual Items": -2.407695,
        "Tax Rate For Calcs": 1e-05,
        "Normalized EBITDA": -10095529.0,
        "Total Unusual Items": -237194.0,
        "Total Unusual Items Excluding Goodwill": -237194.0,
        "Net Income From Continuing Operation Net Minority Interest": -10935050.0,
        "Reconciled Depreciation": 535125.0,
        "Reconciled Cost Of Revenue": 2822062.0,
        "EBITDA": -10332723.0,
        "EBIT": -10867848.0,
        "Net Interest Income": -27035.0,
        "Interest Expense": 67313.0,
        "Interest Income": NaN,
        "Normalized Income": -10697858.407695,
        "Net Income From Continuing And Discontinued Operation": -10935050.0,
        "Total Expenses": 13972709.0,
        "Total Operating Income As Reported": -10670932.0,
        "Diluted Average Shares": 172935009.0,
        "Basic Average Shares": 172935009.0,
        "Diluted EPS": -0.07,
        "Basic EPS": -0.07,
        "Diluted NI Availto Com Stockholders": -10935050.0,
        "Net Income Common Stockholders": -10935050.0,
        "Net Income": -10935050.0,
        "Net Income Including Noncontrolling Interests": -10935050.0,
        "Net Income Continuous Operations": -10935050.0,
        "Tax Provision": -111.0,
        "Pretax Income": -10935161.0,
        "Other Income Expense": -237194.0,
        "Gain On Sale Of Security": -237194.0,
        "Net Non Operating Interest Income Expense": -27035.0,
        "Total Other Finance Cost": NaN,
        "Interest Expense Non Operating": 67313.0,
        "Interest Income Non Operating": NaN,
        "Operating Income": -10670932.0,
        "Operating Expense": 11150647.0,
        "Research And Development": 740603.0,
        "Selling General And Administration": 10410044.0,
        "Gross Profit": 479715.0,
        "Cost Of Revenue": 2822062.0,
        "Total Revenue": 3301777.0,
        "Operating Revenue": -579065.0
    },
    "2022-09-30": {
        "Tax Effect Of Unusual Items": 0.0,
        "Tax Rate For Calcs": 0.0,
        "Normalized EBITDA": -1517502.0,
        "Total Unusual Items": -1802477.0,
        "Total Unusual Items Excluding Goodwill": -1802477.0,
        "Net Income From Continuing Operation Net Minority Interest": -4074857.0,
        "Reconciled Depreciation": 532085.0,
        "Reconciled Cost Of Revenue": 1544607.0,
        "EBITDA": -3319979.0,
        "EBIT": -3852064.0,
        "Net Interest Income": -183694.0,
        "Interest Expense": 222793.0,
        "Interest Income": NaN,
        "Normalized Income": -2272380.0,
        "Net Income From Continuing And Discontinued Operation": -4074857.0,
        "Total Expenses": 7746469.0,
        "Total Operating Income As Reported": -2088686.0,
        "Diluted Average Shares": 170621448.0,
        "Basic Average Shares": 170621448.0,
        "Diluted EPS": -0.02,
        "Basic EPS": -0.02,
        "Diluted NI Availto Com Stockholders": -4074857.0,
        "Net Income Common Stockholders": -4074857.0,
        "Net Income": -4074857.0,
        "Net Income Including Noncontrolling Interests": -4074857.0,
        "Net Income Continuous Operations": -4074857.0,
        "Tax Provision": 0.0,
        "Pretax Income": -4074857.0,
        "Other Income Expense": -1802477.0,
        "Gain On Sale Of Security": -1802477.0,
        "Net Non Operating Interest Income Expense": -183694.0,
        "Total Other Finance Cost": -39099.0,
        "Interest Expense Non Operating": 222793.0,
        "Interest Income Non Operating": NaN,
        "Operating Income": -2088686.0,
        "Operating Expense": 6201862.0,
        "Research And Development": 290374.0,
        "Selling General And Administration": 5911488.0,
        "Gross Profit": 4113176.0,
        "Cost Of Revenue": 1544607.0,
        "Total Revenue": 5657783.0,
        "Operating Revenue": 5657783.0
    },
    "2022-06-30": {
        "Tax Effect Of Unusual Items": -2991146.0,
        "Tax Rate For Calcs": 0.4,
        "Normalized EBITDA": -4836708.0,
        "Total Unusual Items": -7477865.0,
        "Total Unusual Items Excluding Goodwill": -7477865.0,
        "Net Income From Continuing Operation Net Minority Interest": -13050346.0,
        "Reconciled Depreciation": 522569.0,
        "Reconciled Cost Of Revenue": 3347907.0,
        "EBITDA": -12314573.0,
        "EBIT": -12837142.0,
        "Net Interest Income": -156113.0,
        "Interest Expense": 193662.0,
        "Interest Income": 37549.0,
        "Normalized Income": -8563627.0,
        "Net Income From Continuing And Discontinued Operation": -13050346.0,
        "Total Expenses": 11244006.0,
        "Total Operating Income As Reported": -5396826.0,
        "Diluted Average Shares": 170125795.0,
        "Basic Average Shares": 170125795.0,
        "Diluted EPS": -0.08,
        "Basic EPS": -0.08,
        "Diluted NI Availto Com Stockholders": -13050346.0,
        "Net Income Common Stockholders": -13050346.0,
        "Net Income": -13050346.0,
        "Net Income Including Noncontrolling Interests": -13050346.0,
        "Net Income Continuous Operations": -13050346.0,
        "Tax Provision": 19542.0,
        "Pretax Income": -13030804.0,
        "Other Income Expense": -7477865.0,
        "Gain On Sale Of Security": -7477865.0,
        "Net Non Operating Interest Income Expense": -156113.0,
        "Total Other Finance Cost": NaN,
        "Interest Expense Non Operating": 193662.0,
        "Interest Income Non Operating": 37549.0,
        "Operating Income": -5396826.0,
        "Operating Expense": 7896099.0,
        "Research And Development": 804564.0,
        "Selling General And Administration": 7091535.0,
        "Gross Profit": 2499273.0,
        "Cost Of Revenue": 3347907.0,
        "Total Revenue": 5847180.0,
        "Operating Revenue": 5847180.0
    },
    "2022-03-31": {
        "Diluted EPS": -0.02,
        "Total Revenue": 3,
        "Gross Profit": 1,
        "Operating Income": -4,
        "EBIT": -4,
        "Net Income": -3
    },
    "2021-12-31": {
        "Diluted EPS": -0.11,
        "Total Revenue": 6,
        "Gross Profit": 1,
        "Operating Income": -9,
        "EBIT": -9,
        "Net Income": -18
    },
    "2021-09-30": {
        "Diluted EPS": 0.0,
        "Total Revenue": 7,
        "Gross Profit": 3,
        "Operating Income": -1,
        "EBIT": -1,
        "Net Income": 0
    },
    "2021-06-30": {
        "Diluted EPS": -0.09,
        "Total Revenue": 7,
        "Gross Profit": 4,
        "Operating Income": -2,
        "EBIT": -2,
        "Net Income": -17
    },
    "2021-03-31": {
        "Diluted EPS": 0.02,
        "Total Revenue": 5,
        "Gross Profit": 2,
        "Operating Income": -1,
        "EBIT": -1,
        "Net Income": 3
    },
    "2020-12-31": {
        "Diluted EPS": 0.12,
        "Total Revenue": 5,
        "Gross Profit": 2,
        "Operating Income": 0,
        "EBIT": 0,
        "Net Income": 18
    },
    "2020-09-30": {
        "Diluted EPS": 0.07,
        "Total Revenue": 6,
        "Gross Profit": 4,
        "Operating Income": 0,
        "EBIT": 0,
        "Net Income": 12
    },
    "2020-06-30": {
        "Diluted EPS": 0.02,
        "Total Revenue": 2,
        "Gross Profit": 1,
        "Operating Income": 0,
        "EBIT": 0,
        "Net Income": 4
    },
    "2020-03-31": {
        "Diluted EPS": -0.01,
        "Total Revenue": 1,
        "Gross Profit": 0,
        "Operating Income": -1,
        "EBIT": -1,
        "Net Income": -1
    },
    "2019-12-31": {
        "Diluted EPS": -0.02,
        "Total Revenue": 1,
        "Gross Profit": 0,
        "Operating Income": -2,
        "EBIT": -1,
        "Net Income": -4
    },
    "2019-09-30": {
        "Diluted EPS": -0.01,
        "Total Revenue": 2,
        "Gross Profit": 1,
        "Operating Income": -1,
        "EBIT": 0,
        "Net Income": -1
    },
    "2019-06-30": {
        "Diluted EPS": -0.02,
        "Total Revenue": 1,
        "Gross Profit": 0,
        "Operating Income": -1,
        "EBIT": -1,
        "Net Income": -2
    },
    "2019-03-31": {
        "Diluted EPS": -0.01,
        "Total Revenue": 1,
        "Gross Profit": 0,
        "Operating Income": -1,
        "EBIT": -1,
        "Net Income": -1
    },
    "2023-06-30": {
        "Tax Effect Of Unusual Items": 0.0,
        "Tax Rate For Calcs": 0.0,
        "Normalized EBITDA": -4391463.0,
        "Total Unusual Items": -1240162.0,
        "Total Unusual Items Excluding Goodwill": -1240162.0,
        "Net Income From Continuing Operation Net Minority Interest": -6348739.0,
        "Reconciled Depreciation": 544751.0,
        "Reconciled Cost Of Revenue": 1927664.0,
        "EBITDA": -5631625.0,
        "EBIT": -6176376.0,
        "Net Interest Income": 933022.0,
        "Interest Expense": 172363.0,
        "Interest Income": 1105385.0,
        "Normalized Income": -5108577.0,
        "Net Income From Continuing And Discontinued Operation": -6348739.0,
        "Total Expenses": 9081078.0,
        "Total Operating Income As Reported": -6041599.0,
        "Diluted Average Shares": 178623252.0,
        "Basic Average Shares": 178623252.0,
        "Diluted EPS": -0.04,
        "Basic EPS": -0.04,
        "Diluted NI Availto Com Stockholders": -6348739.0,
        "Net Income Common Stockholders": -6348739.0,
        "Net Income": -6348739.0,
        "Net Income Including Noncontrolling Interests": -6348739.0,
        "Net Income Continuous Operations": -6348739.0,
        "Tax Provision": 0.0,
        "Pretax Income": -6348739.0,
        "Other Income Expense": -1240162.0,
        "Gain On Sale Of Security": -1240162.0,
        "Net Non Operating Interest Income Expense": 933022.0,
        "Total Other Finance Cost": NaN,
        "Interest Expense Non Operating": 172363.0,
        "Interest Income Non Operating": 1105385.0,
        "Operating Income": -6041599.0,
        "Operating Expense": 7153414.0,
        "Research And Development": 742685.0,
        "Selling General And Administration": 6410729.0,
        "Gross Profit": 1111815.0,
        "Cost Of Revenue": 1927664.0,
        "Total Revenue": 3039479.0,
        "Operating Revenue": 3039479.0
    }
}