{
    "2023-03-31": {
        "Tax Effect Of Unusual Items": NaN,
        "Tax Rate For Calcs": NaN,
        "Normalized EBITDA": NaN,
        "Total Unusual Items": NaN,
        "Total Unusual Items Excluding Goodwill": NaN,
        "Net Income From Continuing Operation Net Minority Interest": NaN,
        "Reconciled Depreciation": NaN,
        "Reconciled Cost Of Revenue": NaN,
        "EBITDA": NaN,
        "EBIT": NaN,
        "Net Interest Income": NaN,
        "Interest Expense": NaN,
        "Interest Income": NaN,
        "Normalized Income": NaN,
        "Net Income From Continuing And Discontinued Operation": NaN,
        "Total Expenses": NaN,
        "Total Operating Income As Reported": NaN,
        "Diluted Average Shares": NaN,
        "Basic Average Shares": NaN,
        "Diluted EPS": NaN,
        "Basic EPS": NaN,
        "Diluted NI Availto Com Stockholders": NaN,
        "Net Income Common Stockholders": NaN,
        "Net Income": NaN,
        "Net Income Including Noncontrolling Interests": NaN,
        "Net Income Discontinuous Operations": NaN,
        "Net Income Continuous Operations": NaN,
        "Tax Provision": NaN,
        "Pretax Income": NaN,
        "Other Income Expense": NaN,
        "Other Non Operating Income Expenses": NaN,
        "Special Income Charges": NaN,
        "Other Special Charges": NaN,
        "Write Off": NaN,
        "Gain On Sale Of Security": NaN,
        "Net Non Operating Interest Income Expense": NaN,
        "Interest Expense Non Operating": NaN,
        "Interest Income Non Operating": NaN,
        "Operating Income": NaN,
        "Operating Expense": NaN,
        "Other Operating Expenses": 208000000.0,
        "Research And Development": NaN,
        "Selling General And Administration": NaN,
        "Gross Profit": NaN,
        "Cost Of Revenue": NaN,
        "Total Revenue": NaN,
        "Operating Revenue": NaN
    },
    "2022-12-31": {
        "Tax Effect Of Unusual Items": NaN,
        "Tax Rate For Calcs": NaN,
        "Normalized EBITDA": NaN,
        "Total Unusual Items": NaN,
        "Total Unusual Items Excluding Goodwill": NaN,
        "Net Income From Continuing Operation Net Minority Interest": NaN,
        "Reconciled Depreciation": NaN,
        "Reconciled Cost Of Revenue": NaN,
        "EBITDA": NaN,
        "EBIT": NaN,
        "Net Interest Income": NaN,
        "Interest Expense": NaN,
        "Interest Income": NaN,
        "Normalized Income": NaN,
        "Net Income From Continuing And Discontinued Operation": NaN,
        "Total Expenses": NaN,
        "Total Operating Income As Reported": NaN,
        "Diluted Average Shares": NaN,
        "Basic Average Shares": NaN,
        "Diluted EPS": NaN,
        "Basic EPS": NaN,
        "Diluted NI Availto Com Stockholders": NaN,
        "Net Income Common Stockholders": NaN,
        "Net Income": NaN,
        "Net Income Including Noncontrolling Interests": NaN,
        "Net Income Discontinuous Operations": NaN,
        "Net Income Continuous Operations": NaN,
        "Tax Provision": NaN,
        "Pretax Income": NaN,
        "Other Income Expense": NaN,
        "Other Non Operating Income Expenses": NaN,
        "Special Income Charges": NaN,
        "Other Special Charges": NaN,
        "Write Off": NaN,
        "Earnings From Equity Interest": -8000000.0,
        "Gain On Sale Of Security": NaN,
        "Net Non Operating Interest Income Expense": NaN,
        "Interest Expense Non Operating": NaN,
        "Interest Income Non Operating": NaN,
        "Operating Income": NaN,
        "Operating Expense": NaN,
        "Other Operating Expenses": 80000000.0,
        "Research And Development": NaN,
        "Selling General And Administration": NaN,
        "Gross Profit": NaN,
        "Cost Of Revenue": NaN,
        "Total Revenue": NaN,
        "Operating Revenue": NaN
    },
    "2022-09-30": {
        "Tax Effect Of Unusual Items": NaN,
        "Tax Rate For Calcs": NaN,
        "Normalized EBITDA": NaN,
        "Total Unusual Items": NaN,
        "Total Unusual Items Excluding Goodwill": NaN,
        "Net Income From Continuing Operation Net Minority Interest": NaN,
        "Reconciled Depreciation": NaN,
        "Reconciled Cost Of Revenue": NaN,
        "EBITDA": NaN,
        "EBIT": NaN,
        "Net Interest Income": NaN,
        "Interest Expense": NaN,
        "Interest Income": NaN,
        "Normalized Income": NaN,
        "Net Income From Continuing And Discontinued Operation": NaN,
        "Total Expenses": NaN,
        "Total Operating Income As Reported": NaN,
        "Diluted Average Shares": NaN,
        "Basic Average Shares": NaN,
        "Diluted EPS": NaN,
        "Basic EPS": NaN,
        "Diluted NI Availto Com Stockholders": NaN,
        "Net Income Common Stockholders": NaN,
        "Net Income": NaN,
        "Net Income Including Noncontrolling Interests": NaN,
        "Net Income Discontinuous Operations": NaN,
        "Net Income Continuous Operations": NaN,
        "Tax Provision": NaN,
        "Pretax Income": NaN,
        "Other Income Expense": NaN,
        "Other Non Operating Income Expenses": NaN,
        "Special Income Charges": NaN,
        "Other Special Charges": NaN,
        "Write Off": NaN,
        "Earnings From Equity Interest": -12000000.0,
        "Gain On Sale Of Security": NaN,
        "Net Non Operating Interest Income Expense": NaN,
        "Interest Expense Non Operating": NaN,
        "Interest Income Non Operating": NaN,
        "Operating Income": NaN,
        "Operating Expense": NaN,
        "Other Operating Expenses": NaN,
        "Research And Development": NaN,
        "Selling General And Administration": NaN,
        "Gross Profit": NaN,
        "Cost Of Revenue": NaN,
        "Total Revenue": NaN,
        "Operating Revenue": NaN
    },
    "2022-06-30": {
        "Tax Effect Of Unusual Items": 115920000.0,
        "Tax Rate For Calcs": 0.12,
        "Normalized EBITDA": 3781000000.0,
        "Total Unusual Items": 966000000.0,
        "Total Unusual Items Excluding Goodwill": 966000000.0,
        "Net Income From Continuing Operation Net Minority Interest": 3730000000.0,
        "Reconciled Depreciation": 438000000.0,
        "Reconciled Cost Of Revenue": 4816000000.0,
        "EBITDA": 4747000000.0,
        "EBIT": 4309000000.0,
        "Net Interest Income": -48000000.0,
        "Interest Expense": 70000000.0,
        "Interest Income": 22000000.0,
        "Normalized Income": 2879920000.0,
        "Net Income From Continuing And Discontinued Operation": 3730000000.0,
        "Total Expenses": 7523000000.0,
        "Total Operating Income As Reported": 4472000000.0,
        "Diluted Average Shares": 1134000000.0,
        "Basic Average Shares": 1122000000.0,
        "Diluted EPS": 3.29,
        "Basic EPS": 3.32,
        "Diluted NI Availto Com Stockholders": 3730000000.0,
        "Net Income Common Stockholders": 3730000000.0,
        "Net Income": 3730000000.0,
        "Net Income Including Noncontrolling Interests": 3730000000.0,
        "Net Income Discontinuous Operations": NaN,
        "Net Income Continuous Operations": 3730000000.0,
        "Tax Provision": 509000000.0,
        "Pretax Income": 4239000000.0,
        "Other Income Expense": 874000000.0,
        "Other Non Operating Income Expenses": -80000000.0,
        "Special Income Charges": 1039000000.0,
        "Other Special Charges": -1059000000.0,
        "Write Off": 20000000.0,
        "Earnings From Equity Interest": -12000000.0,
        "Gain On Sale Of Security": -73000000.0,
        "Net Non Operating Interest Income Expense": -48000000.0,
        "Interest Expense Non Operating": 70000000.0,
        "Interest Income Non Operating": 22000000.0,
        "Operating Income": 3413000000.0,
        "Operating Expense": 2707000000.0,
        "Other Operating Expenses": -1059000000.0,
        "Research And Development": 2052000000.0,
        "Selling General And Administration": 655000000.0,
        "Gross Profit": 6120000000.0,
        "Cost Of Revenue": 4816000000.0,
        "Total Revenue": 10936000000.0,
        "Operating Revenue": 10936000000.0
    },
    "2023-06-30": {
        "Tax Effect Of Unusual Items": NaN,
        "Tax Rate For Calcs": NaN,
        "Normalized EBITDA": NaN,
        "Total Unusual Items": NaN,
        "Total Unusual Items Excluding Goodwill": NaN,
        "Net Income From Continuing Operation Net Minority Interest": NaN,
        "Reconciled Depreciation": NaN,
        "Reconciled Cost Of Revenue": NaN,
        "EBITDA": NaN,
        "EBIT": NaN,
        "Net Interest Income": NaN,
        "Interest Expense": NaN,
        "Interest Income": NaN,
        "Normalized Income": NaN,
        "Net Income From Continuing And Discontinued Operation": NaN,
        "Total Expenses": NaN,
        "Total Operating Income As Reported": NaN,
        "Diluted Average Shares": NaN,
        "Basic Average Shares": NaN,
        "Diluted EPS": NaN,
        "Basic EPS": NaN,
        "Diluted NI Availto Com Stockholders": NaN,
        "Net Income Common Stockholders": NaN,
        "Net Income": NaN,
        "Net Income Including Noncontrolling Interests": NaN,
        "Net Income Discontinuous Operations": NaN,
        "Net Income Continuous Operations": NaN,
        "Tax Provision": NaN,
        "Pretax Income": NaN,
        "Other Income Expense": NaN,
        "Other Non Operating Income Expenses": NaN,
        "Special Income Charges": NaN,
        "Other Special Charges": -4000000.0,
        "Write Off": NaN,
        "Gain On Sale Of Security": NaN,
        "Net Non Operating Interest Income Expense": NaN,
        "Interest Expense Non Operating": NaN,
        "Interest Income Non Operating": NaN,
        "Operating Income": NaN,
        "Operating Expense": NaN,
        "Other Operating Expenses": NaN,
        "Research And Development": NaN,
        "Selling General And Administration": NaN,
        "Gross Profit": NaN,
        "Cost Of Revenue": NaN,
        "Total Revenue": NaN,
        "Operating Revenue": NaN
    },
    "2022-03-31": {
        "Diluted EPS": 2.57,
        "Total Revenue": NaN,
        "Gross Profit": NaN,
        "Operating Income": NaN,
        "EBIT": NaN,
        "Net Income": NaN
    },
    "2021-12-31": {
        "Diluted EPS": 2.98,
        "Total Revenue": NaN,
        "Gross Profit": NaN,
        "Operating Income": NaN,
        "EBIT": NaN,
        "Net Income": NaN
    },
    "2021-09-30": {
        "Diluted EPS": 2.45,
        "Total Revenue": NaN,
        "Gross Profit": NaN,
        "Operating Income": NaN,
        "EBIT": NaN,
        "Net Income": NaN
    },
    "2021-06-30": {
        "Diluted EPS": 1.77,
        "Total Revenue": NaN,
        "Gross Profit": NaN,
        "Operating Income": NaN,
        "EBIT": NaN,
        "Net Income": NaN
    },
    "2021-03-31": {
        "Diluted EPS": 1.53,
        "Total Revenue": NaN,
        "Gross Profit": NaN,
        "Operating Income": NaN,
        "EBIT": NaN,
        "Net Income": NaN
    },
    "2020-12-31": {
        "Diluted EPS": 2.12,
        "Total Revenue": NaN,
        "Gross Profit": NaN,
        "Operating Income": NaN,
        "EBIT": NaN,
        "Net Income": NaN
    },
    "2020-09-30": {
        "Diluted EPS": 2.57,
        "Total Revenue": NaN,
        "Gross Profit": NaN,
        "Operating Income": NaN,
        "EBIT": NaN,
        "Net Income": NaN
    },
    "2020-06-30": {
        "Diluted EPS": 0.74,
        "Total Revenue": NaN,
        "Gross Profit": NaN,
        "Operating Income": 782,
        "EBIT": NaN,
        "Net Income": 845
    },
    "2020-03-31": {
        "Diluted EPS": 0.41,
        "Total Revenue": NaN,
        "Gross Profit": NaN,
        "Operating Income": 991,
        "EBIT": NaN,
        "Net Income": 468
    },
    "2019-12-31": {
        "Diluted EPS": 0.8,
        "Total Revenue": NaN,
        "Gross Profit": NaN,
        "Operating Income": NaN,
        "EBIT": NaN,
        "Net Income": 925
    },
    "2019-09-30": {
        "Diluted EPS": 0.42,
        "Total Revenue": NaN,
        "Gross Profit": NaN,
        "Operating Income": 700,
        "EBIT": NaN,
        "Net Income": 506
    },
    "2019-06-30": {
        "Diluted EPS": 1.75,
        "Total Revenue": NaN,
        "Gross Profit": NaN,
        "Operating Income": NaN,
        "EBIT": NaN,
        "Net Income": NaN
    },
    "2019-03-31": {
        "Diluted EPS": 0.55,
        "Total Revenue": NaN,
        "Gross Profit": NaN,
        "Operating Income": 940,
        "EBIT": NaN,
        "Net Income": 663
    },
    "2018-12-31": {
        "Diluted EPS": 0.87,
        "Total Revenue": NaN,
        "Gross Profit": NaN,
        "Operating Income": 710,
        "EBIT": NaN,
        "Net Income": NaN
    },
    "2018-09-30": {
        "Diluted EPS": -0.37,
        "Total Revenue": NaN,
        "Gross Profit": NaN,
        "Operating Income": -678,
        "EBIT": -105,
        "Net Income": -513
    },
    "2018-06-30": {
        "Diluted EPS": 0.81,
        "Total Revenue": NaN,
        "Gross Profit": NaN,
        "Operating Income": 903,
        "EBIT": NaN,
        "Net Income": NaN
    },
    "2018-03-31": {
        "Diluted EPS": 0.22,
        "Total Revenue": NaN,
        "Gross Profit": NaN,
        "Operating Income": 400,
        "EBIT": 788,
        "Net Income": 330
    },
    "2017-12-31": {
        "Diluted EPS": -4.05,
        "Total Revenue": NaN,
        "Gross Profit": NaN,
        "Operating Income": -4,
        "EBIT": 359,
        "Net Income": NaN
    },
    "2017-09-30": {
        "Diluted EPS": 0.1,
        "Total Revenue": NaN,
        "Gross Profit": NaN,
        "Operating Income": 301,
        "EBIT": 774,
        "Net Income": 148
    },
    "2017-06-30": {
        "Diluted EPS": 0.58,
        "Total Revenue": NaN,
        "Gross Profit": NaN,
        "Operating Income": 773,
        "EBIT": NaN,
        "Net Income": 866
    },
    "2017-03-31": {
        "Diluted EPS": 0.5,
        "Total Revenue": NaN,
        "Gross Profit": NaN,
        "Operating Income": 729,
        "EBIT": NaN,
        "Net Income": 749
    },
    "2016-12-31": {
        "Diluted EPS": 0.46,
        "Total Revenue": NaN,
        "Gross Profit": NaN,
        "Operating Income": 778,
        "EBIT": NaN,
        "Net Income": 682
    },
    "2016-09-30": {
        "Diluted EPS": 1.07,
        "Total Revenue": NaN,
        "Gross Profit": NaN,
        "Operating Income": NaN,
        "EBIT": NaN,
        "Net Income": NaN
    },
    "2016-06-30": {
        "Diluted EPS": 0.97,
        "Total Revenue": NaN,
        "Gross Profit": NaN,
        "Operating Income": NaN,
        "EBIT": NaN,
        "Net Income": NaN
    },
    "2016-03-31": {
        "Diluted EPS": 0.78,
        "Total Revenue": NaN,
        "Gross Profit": NaN,
        "Operating Income": NaN,
        "EBIT": NaN,
        "Net Income": NaN
    },
    "2015-12-31": {
        "Diluted EPS": 0.99,
        "Total Revenue": NaN,
        "Gross Profit": NaN,
        "Operating Income": NaN,
        "EBIT": NaN,
        "Net Income": NaN
    },
    "2015-09-30": {
        "Diluted EPS": 0.69,
        "Total Revenue": NaN,
        "Gross Profit": NaN,
        "Operating Income": NaN,
        "EBIT": NaN,
        "Net Income": NaN
    },
    "2015-06-30": {
        "Diluted EPS": 0.73,
        "Total Revenue": NaN,
        "Gross Profit": NaN,
        "Operating Income": NaN,
        "EBIT": NaN,
        "Net Income": NaN
    },
    "2015-03-31": {
        "Diluted EPS": 0.63,
        "Total Revenue": NaN,
        "Gross Profit": NaN,
        "Operating Income": NaN,
        "EBIT": NaN,
        "Net Income": NaN
    },
    "2014-12-31": {
        "Diluted EPS": 1.17,
        "Total Revenue": NaN,
        "Gross Profit": NaN,
        "Operating Income": NaN,
        "EBIT": NaN,
        "Net Income": NaN
    },
    "2014-09-30": {
        "Diluted EPS": 1.11,
        "Total Revenue": NaN,
        "Gross Profit": NaN,
        "Operating Income": NaN,
        "EBIT": NaN,
        "Net Income": NaN
    },
    "2014-06-30": {
        "Diluted EPS": 1.31,
        "Total Revenue": NaN,
        "Gross Profit": NaN,
        "Operating Income": NaN,
        "EBIT": NaN,
        "Net Income": NaN
    },
    "2014-03-31": {
        "Diluted EPS": 1.14,
        "Total Revenue": NaN,
        "Gross Profit": NaN,
        "Operating Income": NaN,
        "EBIT": NaN,
        "Net Income": NaN
    },
    "2013-12-31": {
        "Diluted EPS": 1.09,
        "Total Revenue": NaN,
        "Gross Profit": NaN,
        "Operating Income": NaN,
        "EBIT": NaN,
        "Net Income": NaN
    },
    "2013-09-30": {
        "Diluted EPS": 0.86,
        "Total Revenue": NaN,
        "Gross Profit": NaN,
        "Operating Income": NaN,
        "EBIT": NaN,
        "Net Income": NaN
    },
    "2013-06-30": {
        "Diluted EPS": 0.9,
        "Total Revenue": NaN,
        "Gross Profit": NaN,
        "Operating Income": NaN,
        "EBIT": NaN,
        "Net Income": NaN
    },
    "2013-03-31": {
        "Diluted EPS": 1.06,
        "Total Revenue": NaN,
        "Gross Profit": NaN,
        "Operating Income": NaN,
        "EBIT": NaN,
        "Net Income": NaN
    },
    "2012-12-31": {
        "Diluted EPS": 1.09,
        "Total Revenue": NaN,
        "Gross Profit": NaN,
        "Operating Income": NaN,
        "EBIT": NaN,
        "Net Income": NaN
    },
    "2012-09-30": {
        "Diluted EPS": 0.73,
        "Total Revenue": NaN,
        "Gross Profit": NaN,
        "Operating Income": NaN,
        "EBIT": NaN,
        "Net Income": NaN
    },
    "2012-06-30": {
        "Diluted EPS": 0.69,
        "Total Revenue": NaN,
        "Gross Profit": NaN,
        "Operating Income": NaN,
        "EBIT": NaN,
        "Net Income": NaN
    },
    "2012-03-31": {
        "Diluted EPS": 1.28,
        "Total Revenue": NaN,
        "Gross Profit": NaN,
        "Operating Income": NaN,
        "EBIT": NaN,
        "Net Income": NaN
    },
    "2011-12-31": {
        "Diluted EPS": 0.81,
        "Total Revenue": NaN,
        "Gross Profit": NaN,
        "Operating Income": NaN,
        "EBIT": NaN,
        "Net Income": NaN
    },
    "2011-09-30": {
        "Diluted EPS": 0.61,
        "Total Revenue": NaN,
        "Gross Profit": NaN,
        "Operating Income": NaN,
        "EBIT": NaN,
        "Net Income": NaN
    },
    "2011-06-30": {
        "Diluted EPS": 0.61,
        "Total Revenue": NaN,
        "Gross Profit": NaN,
        "Operating Income": NaN,
        "EBIT": NaN,
        "Net Income": NaN
    },
    "2011-03-31": {
        "Diluted EPS": 0.59,
        "Total Revenue": NaN,
        "Gross Profit": NaN,
        "Operating Income": NaN,
        "EBIT": NaN,
        "Net Income": 999
    },
    "2010-12-31": {
        "Diluted EPS": 0.71,
        "Total Revenue": NaN,
        "Gross Profit": NaN,
        "Operating Income": NaN,
        "EBIT": NaN,
        "Net Income": NaN
    },
    "2010-09-30": {
        "Diluted EPS": 0.53,
        "Total Revenue": NaN,
        "Gross Profit": NaN,
        "Operating Income": NaN,
        "EBIT": NaN,
        "Net Income": 865
    },
    "2010-06-30": {
        "Diluted EPS": 0.47,
        "Total Revenue": NaN,
        "Gross Profit": NaN,
        "Operating Income": 893,
        "EBIT": NaN,
        "Net Income": 767
    },
    "2010-03-31": {
        "Diluted EPS": 0.46,
        "Total Revenue": NaN,
        "Gross Profit": NaN,
        "Operating Income": 776,
        "EBIT": 943,
        "Net Income": 774
    },
    "2009-12-31": {
        "Diluted EPS": 0.5,
        "Total Revenue": NaN,
        "Gross Profit": NaN,
        "Operating Income": 879,
        "EBIT": NaN,
        "Net Income": 841
    },
    "2009-09-30": {
        "Diluted EPS": 0.49,
        "Total Revenue": NaN,
        "Gross Profit": NaN,
        "Operating Income": 913,
        "EBIT": NaN,
        "Net Income": 803
    },
    "2009-06-30": {
        "Diluted EPS": 0.44,
        "Total Revenue": NaN,
        "Gross Profit": NaN,
        "Operating Income": 894,
        "EBIT": NaN,
        "Net Income": 737
    },
    "2009-03-31": {
        "Diluted EPS": -0.18,
        "Total Revenue": NaN,
        "Gross Profit": NaN,
        "Operating Income": -10,
        "EBIT": 144,
        "Net Income": -289
    },
    "2023-09-30": {
        "Tax Effect Of Unusual Items": 71610000.0,
        "Tax Rate For Calcs": 0.21,
        "Normalized EBITDA": 1714000000.0,
        "Total Unusual Items": 341000000.0,
        "Total Unusual Items Excluding Goodwill": 341000000.0,
        "Net Income From Continuing Operation Net Minority Interest": 1629000000.0,
        "Reconciled Depreciation": 462000000.0,
        "Reconciled Cost Of Revenue": 3880000000.0,
        "EBITDA": 2055000000.0,
        "EBIT": 1593000000.0,
        "Net Interest Income": -53000000.0,
        "Interest Expense": 173000000.0,
        "Interest Income": 120000000.0,
        "Normalized Income": 1359610000.0,
        "Net Income From Continuing And Discontinued Operation": 1490000000.0,
        "Total Expenses": 7506000000.0,
        "Total Operating Income As Reported": 1410000000.0,
        "Diluted Average Shares": 1125000000.0,
        "Basic Average Shares": 1116000000.0,
        "Diluted EPS": 1.32,
        "Basic EPS": 1.33,
        "Diluted NI Availto Com Stockholders": 1490000000.0,
        "Net Income Common Stockholders": 1490000000.0,
        "Net Income": 1490000000.0,
        "Net Income Including Noncontrolling Interests": 1490000000.0,
        "Net Income Discontinuous Operations": -139000000.0,
        "Net Income Continuous Operations": 1629000000.0,
        "Tax Provision": -209000000.0,
        "Pretax Income": 1420000000.0,
        "Other Income Expense": 348000000.0,
        "Other Non Operating Income Expenses": 7000000.0,
        "Special Income Charges": 273000000.0,
        "Other Special Charges": NaN,
        "Write Off": 12000000.0,
        "Gain On Sale Of Security": 68000000.0,
        "Net Non Operating Interest Income Expense": -53000000.0,
        "Interest Expense Non Operating": 173000000.0,
        "Interest Income Non Operating": 120000000.0,
        "Operating Income": 1125000000.0,
        "Operating Expense": 3626000000.0,
        "Other Operating Expenses": NaN,
        "Research And Development": 2135000000.0,
        "Selling General And Administration": 629000000.0,
        "Gross Profit": 4751000000.0,
        "Cost Of Revenue": 3880000000.0,
        "Total Revenue": 8631000000.0,
        "Operating Revenue": 8631000000.0
    },
    "2023-12-31": {
        "Tax Effect Of Unusual Items": NaN,
        "Tax Rate For Calcs": NaN,
        "Normalized EBITDA": NaN,
        "Total Unusual Items": NaN,
        "Total Unusual Items Excluding Goodwill": NaN,
        "Net Income From Continuing Operation Net Minority Interest": NaN,
        "Reconciled Depreciation": NaN,
        "Reconciled Cost Of Revenue": NaN,
        "EBITDA": NaN,
        "EBIT": NaN,
        "Net Interest Income": NaN,
        "Interest Expense": NaN,
        "Interest Income": NaN,
        "Normalized Income": NaN,
        "Net Income From Continuing And Discontinued Operation": NaN,
        "Total Expenses": NaN,
        "Total Operating Income As Reported": NaN,
        "Diluted Average Shares": NaN,
        "Basic Average Shares": NaN,
        "Diluted EPS": NaN,
        "Basic EPS": NaN,
        "Diluted NI Availto Com Stockholders": NaN,
        "Net Income Common Stockholders": NaN,
        "Net Income": NaN,
        "Net Income Including Noncontrolling Interests": NaN,
        "Net Income Discontinuous Operations": NaN,
        "Net Income Continuous Operations": NaN,
        "Tax Provision": NaN,
        "Pretax Income": NaN,
        "Other Income Expense": NaN,
        "Other Non Operating Income Expenses": NaN,
        "Special Income Charges": NaN,
        "Other Special Charges": NaN,
        "Write Off": NaN,
        "Gain On Sale Of Security": NaN,
        "Net Non Operating Interest Income Expense": NaN,
        "Interest Expense Non Operating": NaN,
        "Interest Income Non Operating": NaN,
        "Operating Income": NaN,
        "Operating Expense": NaN,
        "Other Operating Expenses": -28000000.0,
        "Research And Development": NaN,
        "Selling General And Administration": NaN,
        "Gross Profit": NaN,
        "Cost Of Revenue": NaN,
        "Total Revenue": NaN,
        "Operating Revenue": NaN
    },
    "2024-03-31": {
        "Tax Effect Of Unusual Items": 9720000.0,
        "Tax Rate For Calcs": 0.09,
        "Normalized EBITDA": 2973000000.0,
        "Total Unusual Items": 108000000.0,
        "Total Unusual Items Excluding Goodwill": 108000000.0,
        "Net Income From Continuing Operation Net Minority Interest": 2275000000.0,
        "Reconciled Depreciation": 411000000.0,
        "Reconciled Cost Of Revenue": 4106000000.0,
        "EBITDA": 3081000000.0,
        "EBIT": 2670000000.0,
        "Net Interest Income": -12000000.0,
        "Interest Expense": 172000000.0,
        "Interest Income": 160000000.0,
        "Normalized Income": 2176720000.0,
        "Net Income From Continuing And Discontinued Operation": 2326000000.0,
        "Total Expenses": 7049000000.0,
        "Total Operating Income As Reported": 2340000000.0,
        "Diluted Average Shares": 1130000000.0,
        "Basic Average Shares": 1117000000.0,
        "Diluted EPS": 2.06,
        "Basic EPS": 2.08,
        "Diluted NI Availto Com Stockholders": 2326000000.0,
        "Net Income Common Stockholders": 2326000000.0,
        "Net Income": 2326000000.0,
        "Net Income Including Noncontrolling Interests": 2326000000.0,
        "Net Income Discontinuous Operations": 51000000.0,
        "Net Income Continuous Operations": 2275000000.0,
        "Tax Provision": 223000000.0,
        "Pretax Income": 2498000000.0,
        "Other Income Expense": 170000000.0,
        "Other Non Operating Income Expenses": 62000000.0,
        "Special Income Charges": -50000000.0,
        "Other Special Charges": NaN,
        "Write Off": 50000000.0,
        "Gain On Sale Of Security": 158000000.0,
        "Net Non Operating Interest Income Expense": -12000000.0,
        "Interest Expense Non Operating": 172000000.0,
        "Interest Income Non Operating": 160000000.0,
        "Operating Income": 2340000000.0,
        "Operating Expense": 2943000000.0,
        "Other Operating Expenses": NaN,
        "Research And Development": 2236000000.0,
        "Selling General And Administration": 707000000.0,
        "Gross Profit": 5283000000.0,
        "Cost Of Revenue": 4106000000.0,
        "Total Revenue": 9389000000.0,
        "Operating Revenue": 9389000000.0
    },
    "2024-06-30": {
        "Tax Effect Of Unusual Items": NaN,
        "Tax Rate For Calcs": NaN,
        "Normalized EBITDA": NaN,
        "Total Unusual Items": NaN,
        "Total Unusual Items Excluding Goodwill": NaN,
        "Net Income From Continuing Operation Net Minority Interest": NaN,
        "Reconciled Depreciation": NaN,
        "Reconciled Cost Of Revenue": NaN,
        "EBITDA": NaN,
        "EBIT": NaN,
        "Net Interest Income": NaN,
        "Interest Expense": NaN,
        "Interest Income": NaN,
        "Normalized Income": NaN,
        "Net Income From Continuing And Discontinued Operation": NaN,
        "Total Expenses": NaN,
        "Total Operating Income As Reported": NaN,
        "Diluted Average Shares": NaN,
        "Basic Average Shares": NaN,
        "Diluted EPS": NaN,
        "Basic EPS": NaN,
        "Diluted NI Availto Com Stockholders": NaN,
        "Net Income Common Stockholders": NaN,
        "Net Income": NaN,
        "Net Income Including Noncontrolling Interests": NaN,
        "Net Income Discontinuous Operations": NaN,
        "Net Income Continuous Operations": NaN,
        "Tax Provision": NaN,
        "Pretax Income": NaN,
        "Other Income Expense": NaN,
        "Other Non Operating Income Expenses": NaN,
        "Special Income Charges": NaN,
        "Other Special Charges": 75000000.0,
        "Write Off": NaN,
        "Gain On Sale Of Security": NaN,
        "Net Non Operating Interest Income Expense": NaN,
        "Interest Expense Non Operating": NaN,
        "Interest Income Non Operating": NaN,
        "Operating Income": NaN,
        "Operating Expense": NaN,
        "Other Operating Expenses": 75000000.0,
        "Research And Development": NaN,
        "Selling General And Administration": NaN,
        "Gross Profit": NaN,
        "Cost Of Revenue": NaN,
        "Total Revenue": NaN,
        "Operating Revenue": NaN
    },
    "2024-09-30": {
        "Tax Effect Of Unusual Items": 3360000.0,
        "Tax Rate For Calcs": 0.21,
        "Normalized EBITDA": 3199000000.0,
        "Total Unusual Items": 16000000.0,
        "Total Unusual Items Excluding Goodwill": 16000000.0,
        "Net Income From Continuing Operation Net Minority Interest": 2915000000.0,
        "Reconciled Depreciation": 439000000.0,
        "Reconciled Cost Of Revenue": 4467000000.0,
        "EBITDA": 3215000000.0,
        "EBIT": 2776000000.0,
        "Net Interest Income": 5000000.0,
        "Interest Expense": 180000000.0,
        "Interest Income": 185000000.0,
        "Normalized Income": 2902360000.0,
        "Net Income From Continuing And Discontinued Operation": 2920000000.0,
        "Total Expenses": 7709000000.0,
        "Total Operating Income As Reported": 2582000000.0,
        "Diluted Average Shares": 1129000000.0,
        "Basic Average Shares": 1115000000.0,
        "Diluted EPS": 2.59,
        "Basic EPS": 2.62,
        "Diluted NI Availto Com Stockholders": 2920000000.0,
        "Net Income Common Stockholders": 2920000000.0,
        "Net Income": 2920000000.0,
        "Net Income Including Noncontrolling Interests": 2920000000.0,
        "Net Income Discontinuous Operations": 5000000.0,
        "Net Income Continuous Operations": 2915000000.0,
        "Tax Provision": -319000000.0,
        "Pretax Income": 2596000000.0,
        "Other Income Expense": 56000000.0,
        "Other Non Operating Income Expenses": 40000000.0,
        "Special Income Charges": 34000000.0,
        "Other Special Charges": NaN,
        "Write Off": 13000000.0,
        "Gain On Sale Of Security": -18000000.0,
        "Net Non Operating Interest Income Expense": 5000000.0,
        "Interest Expense Non Operating": 180000000.0,
        "Interest Income Non Operating": 185000000.0,
        "Operating Income": 2535000000.0,
        "Operating Expense": 3242000000.0,
        "Other Operating Expenses": NaN,
        "Research And Development": 2302000000.0,
        "Selling General And Administration": 761000000.0,
        "Gross Profit": 5777000000.0,
        "Cost Of Revenue": 4467000000.0,
        "Total Revenue": 10244000000.0,
        "Operating Revenue": 10244000000.0
    },
    "2024-12-31": {
        "Tax Effect Of Unusual Items": 7670000.0,
        "Tax Rate For Calcs": 0.13,
        "Normalized EBITDA": 4175000000.0,
        "Total Unusual Items": 59000000.0,
        "Total Unusual Items Excluding Goodwill": 59000000.0,
        "Net Income From Continuing Operation Net Minority Interest": 3180000000.0,
        "Reconciled Depreciation": 436000000.0,
        "Reconciled Cost Of Revenue": 5161000000.0,
        "EBITDA": 4234000000.0,
        "EBIT": 3798000000.0,
        "Net Interest Income": 6000000.0,
        "Interest Expense": 163000000.0,
        "Interest Income": 169000000.0,
        "Normalized Income": 3128670000.0,
        "Net Income From Continuing And Discontinued Operation": 3180000000.0,
        "Total Expenses": 8114000000.0,
        "Total Operating Income As Reported": 3555000000.0,
        "Diluted Average Shares": 1122000000.0,
        "Basic Average Shares": 1110000000.0,
        "Diluted EPS": 2.83,
        "Basic EPS": 2.86,
        "Diluted NI Availto Com Stockholders": 3180000000.0,
        "Net Income Common Stockholders": 3180000000.0,
        "Net Income": 3180000000.0,
        "Net Income Including Noncontrolling Interests": 3180000000.0,
        "Net Income Discontinuous Operations": 0.0,
        "Net Income Continuous Operations": 3180000000.0,
        "Tax Provision": 455000000.0,
        "Pretax Income": 3635000000.0,
        "Other Income Expense": 74000000.0,
        "Other Non Operating Income Expenses": 15000000.0,
        "Special Income Charges": -24000000.0,
        "Other Special Charges": NaN,
        "Write Off": 24000000.0,
        "Gain On Sale Of Security": 83000000.0,
        "Net Non Operating Interest Income Expense": 6000000.0,
        "Interest Expense Non Operating": 163000000.0,
        "Interest Income Non Operating": 169000000.0,
        "Operating Income": 3555000000.0,
        "Operating Expense": 2953000000.0,
        "Other Operating Expenses": NaN,
        "Research And Development": 2230000000.0,
        "Selling General And Administration": 723000000.0,
        "Gross Profit": 6508000000.0,
        "Cost Of Revenue": 5161000000.0,
        "Total Revenue": 11669000000.0,
        "Operating Revenue": 11669000000.0
    },
    "2025-03-31": {
        "Tax Effect Of Unusual Items": 1350000.0,
        "Tax Rate For Calcs": 0.09,
        "Normalized EBITDA": 3650000000.0,
        "Total Unusual Items": 15000000.0,
        "Total Unusual Items Excluding Goodwill": 15000000.0,
        "Net Income From Continuing Operation Net Minority Interest": 2812000000.0,
        "Reconciled Depreciation": 397000000.0,
        "Reconciled Cost Of Revenue": 4937000000.0,
        "EBITDA": 3665000000.0,
        "EBIT": 3268000000.0,
        "Net Interest Income": 4000000.0,
        "Interest Expense": 163000000.0,
        "Interest Income": 167000000.0,
        "Normalized Income": 2798350000.0,
        "Net Income From Continuing And Discontinued Operation": 2812000000.0,
        "Total Expenses": 7859000000.0,
        "Total Operating Income As Reported": 3120000000.0,
        "Diluted Average Shares": 1115000000.0,
        "Basic Average Shares": 1104000000.0,
        "Diluted EPS": 2.52,
        "Basic EPS": 2.55,
        "Diluted NI Availto Com Stockholders": 2812000000.0,
        "Net Income Common Stockholders": 2812000000.0,
        "Net Income": 2812000000.0,
        "Net Income Including Noncontrolling Interests": 2812000000.0,
        "Net Income Discontinuous Operations": 0.0,
        "Net Income Continuous Operations": 2812000000.0,
        "Tax Provision": 293000000.0,
        "Pretax Income": 3105000000.0,
        "Other Income Expense": -19000000.0,
        "Other Non Operating Income Expenses": -34000000.0,
        "Special Income Charges": -16000000.0,
        "Other Special Charges": NaN,
        "Write Off": 16000000.0,
        "Gain On Sale Of Security": 31000000.0,
        "Net Non Operating Interest Income Expense": 4000000.0,
        "Interest Expense Non Operating": 163000000.0,
        "Interest Income Non Operating": 167000000.0,
        "Operating Income": 3120000000.0,
        "Operating Expense": 2922000000.0,
        "Other Operating Expenses": NaN,
        "Research And Development": 2216000000.0,
        "Selling General And Administration": 706000000.0,
        "Gross Profit": 6042000000.0,
        "Cost Of Revenue": 4937000000.0,
        "Total Revenue": 10979000000.0,
        "Operating Revenue": 10979000000.0
    },
    "2025-06-30": {
        "Tax Effect Of Unusual Items": 11400000.0,
        "Tax Rate For Calcs": 0.1,
        "Normalized EBITDA": 3404000000.0,
        "Total Unusual Items": 114000000.0,
        "Total Unusual Items Excluding Goodwill": 114000000.0,
        "Net Income From Continuing Operation Net Minority Interest": 2666000000.0,
        "Reconciled Depreciation": 398000000.0,
        "Reconciled Cost Of Revenue": 4606000000.0,
        "EBITDA": 3518000000.0,
        "EBIT": 3120000000.0,
        "Net Interest Income": -8000000.0,
        "Interest Expense": 168000000.0,
        "Interest Income": 160000000.0,
        "Normalized Income": 2563400000.0,
        "Net Income From Continuing And Discontinued Operation": 2666000000.0,
        "Total Expenses": 7603000000.0,
        "Total Operating Income As Reported": 2762000000.0,
        "Diluted Average Shares": 1099000000.0,
        "Basic Average Shares": 1092000000.0,
        "Diluted EPS": 2.43,
        "Basic EPS": 2.44,
        "Diluted NI Availto Com Stockholders": 2666000000.0,
        "Net Income Common Stockholders": 2666000000.0,
        "Net Income": 2666000000.0,
        "Net Income Including Noncontrolling Interests": 2666000000.0,
        "Net Income Discontinuous Operations": 0.0,
        "Net Income Continuous Operations": 2666000000.0,
        "Tax Provision": 286000000.0,
        "Pretax Income": 2952000000.0,
        "Other Income Expense": 198000000.0,
        "Other Non Operating Income Expenses": 84000000.0,
        "Special Income Charges": -52000000.0,
        "Other Special Charges": NaN,
        "Write Off": 52000000.0,
        "Gain On Sale Of Security": 166000000.0,
        "Net Non Operating Interest Income Expense": -8000000.0,
        "Interest Expense Non Operating": 168000000.0,
        "Interest Income Non Operating": 160000000.0,
        "Operating Income": 2762000000.0,
        "Operating Expense": 2997000000.0,
        "Other Operating Expenses": NaN,
        "Research And Development": 2226000000.0,
        "Selling General And Administration": 771000000.0,
        "Gross Profit": 5759000000.0,
        "Cost Of Revenue": 4606000000.0,
        "Total Revenue": 10365000000.0,
        "Operating Revenue": 10365000000.0
    },
    "2025-09-30": {
        "Tax Effect Of Unusual Items": -4410000.0,
        "Tax Rate For Calcs": 0.21,
        "Normalized EBITDA": 3534000000.0,
        "Total Unusual Items": -21000000.0,
        "Total Unusual Items Excluding Goodwill": -21000000.0,
        "Net Income From Continuing Operation Net Minority Interest": -3117000000.0,
        "Reconciled Depreciation": 371000000.0,
        "Reconciled Cost Of Revenue": 5034000000.0,
        "EBITDA": 3513000000.0,
        "EBIT": 3142000000.0,
        "Net Interest Income": -27000000.0,
        "Interest Expense": 171000000.0,
        "Interest Income": 144000000.0,
        "Normalized Income": -3100410000.0,
        "Net Income From Continuing And Discontinued Operation": -3117000000.0,
        "Total Expenses": 8314000000.0,
        "Total Operating Income As Reported": 2918000000.0,
        "Diluted Average Shares": 1078000000.0,
        "Basic Average Shares": 1078000000.0,
        "Diluted EPS": -2.89,
        "Basic EPS": -2.89,
        "Diluted NI Availto Com Stockholders": -3117000000.0,
        "Net Income Common Stockholders": -3117000000.0,
        "Net Income": -3117000000.0,
        "Net Income Including Noncontrolling Interests": -3117000000.0,
        "Net Income Discontinuous Operations": 0.0,
        "Net Income Continuous Operations": -3117000000.0,
        "Tax Provision": 6088000000.0,
        "Pretax Income": 2971000000.0,
        "Other Income Expense": 41000000.0,
        "Other Non Operating Income Expenses": 62000000.0,
        "Special Income Charges": -59000000.0,
        "Other Special Charges": NaN,
        "Write Off": 20000000.0,
        "Gain On Sale Of Security": 38000000.0,
        "Net Non Operating Interest Income Expense": -27000000.0,
        "Interest Expense Non Operating": 171000000.0,
        "Interest Income Non Operating": 144000000.0,
        "Operating Income": 2957000000.0,
        "Operating Expense": 3280000000.0,
        "Other Operating Expenses": NaN,
        "Research And Development": 2370000000.0,
        "Selling General And Administration": 910000000.0,
        "Gross Profit": 6237000000.0,
        "Cost Of Revenue": 5034000000.0,
        "Total Revenue": 11271000000.0,
        "Operating Revenue": 11271000000.0
    }
}