{
    "2023-03-31": {
        "Tax Effect Of Unusual Items": NaN,
        "Tax Rate For Calcs": NaN,
        "Normalized EBITDA": NaN,
        "Total Unusual Items": NaN,
        "Total Unusual Items Excluding Goodwill": NaN,
        "Net Income From Continuing Operation Net Minority Interest": NaN,
        "Reconciled Cost Of Revenue": NaN,
        "EBITDA": NaN,
        "EBIT": NaN,
        "Net Interest Income": NaN,
        "Interest Income": 241287000.0,
        "Normalized Income": NaN,
        "Net Income From Continuing And Discontinued Operation": NaN,
        "Total Expenses": NaN,
        "Total Operating Income As Reported": NaN,
        "Diluted Average Shares": NaN,
        "Basic Average Shares": NaN,
        "Diluted EPS": NaN,
        "Basic EPS": NaN,
        "Diluted NI Availto Com Stockholders": NaN,
        "Net Income Common Stockholders": NaN,
        "Net Income": NaN,
        "Minority Interests": 0.0,
        "Net Income Including Noncontrolling Interests": NaN,
        "Net Income Continuous Operations": NaN,
        "Tax Provision": NaN,
        "Pretax Income": NaN,
        "Other Income Expense": NaN,
        "Other Non Operating Income Expenses": NaN,
        "Special Income Charges": NaN,
        "Write Off": NaN,
        "Earnings From Equity Interest": NaN,
        "Gain On Sale Of Security": NaN,
        "Net Non Operating Interest Income Expense": NaN,
        "Total Other Finance Cost": -241287000.0,
        "Interest Income Non Operating": 241287000.0,
        "Operating Income": NaN,
        "Operating Expense": NaN,
        "Other Operating Expenses": NaN,
        "Provision For Doubtful Accounts": NaN,
        "Research And Development": NaN,
        "Selling General And Administration": NaN,
        "Selling And Marketing Expense": NaN,
        "General And Administrative Expense": NaN,
        "Other Gand A": NaN,
        "Gross Profit": NaN,
        "Cost Of Revenue": NaN,
        "Total Revenue": NaN,
        "Operating Revenue": NaN
    },
    "2022-12-31": {
        "Tax Effect Of Unusual Items": NaN,
        "Tax Rate For Calcs": NaN,
        "Normalized EBITDA": NaN,
        "Total Unusual Items": NaN,
        "Total Unusual Items Excluding Goodwill": NaN,
        "Net Income From Continuing Operation Net Minority Interest": NaN,
        "Reconciled Cost Of Revenue": NaN,
        "EBITDA": NaN,
        "EBIT": NaN,
        "Net Interest Income": NaN,
        "Interest Income": NaN,
        "Normalized Income": NaN,
        "Net Income From Continuing And Discontinued Operation": NaN,
        "Total Expenses": NaN,
        "Total Operating Income As Reported": NaN,
        "Diluted Average Shares": NaN,
        "Basic Average Shares": NaN,
        "Diluted EPS": NaN,
        "Basic EPS": NaN,
        "Diluted NI Availto Com Stockholders": NaN,
        "Net Income Common Stockholders": NaN,
        "Net Income": NaN,
        "Minority Interests": -167.0,
        "Net Income Including Noncontrolling Interests": NaN,
        "Net Income Continuous Operations": NaN,
        "Tax Provision": NaN,
        "Pretax Income": NaN,
        "Other Income Expense": NaN,
        "Other Non Operating Income Expenses": NaN,
        "Special Income Charges": NaN,
        "Write Off": NaN,
        "Impairment Of Capital Assets": 103949952.0,
        "Earnings From Equity Interest": NaN,
        "Gain On Sale Of Security": NaN,
        "Net Non Operating Interest Income Expense": NaN,
        "Total Other Finance Cost": NaN,
        "Interest Income Non Operating": NaN,
        "Operating Income": NaN,
        "Operating Expense": NaN,
        "Other Operating Expenses": NaN,
        "Provision For Doubtful Accounts": NaN,
        "Research And Development": NaN,
        "Selling General And Administration": NaN,
        "Selling And Marketing Expense": NaN,
        "General And Administrative Expense": NaN,
        "Other Gand A": NaN,
        "Gross Profit": NaN,
        "Cost Of Revenue": NaN,
        "Total Revenue": NaN,
        "Operating Revenue": NaN
    },
    "2022-09-30": {
        "Tax Effect Of Unusual Items": NaN,
        "Tax Rate For Calcs": NaN,
        "Normalized EBITDA": NaN,
        "Total Unusual Items": NaN,
        "Total Unusual Items Excluding Goodwill": NaN,
        "Net Income From Continuing Operation Net Minority Interest": NaN,
        "Reconciled Cost Of Revenue": NaN,
        "EBITDA": NaN,
        "EBIT": NaN,
        "Net Interest Income": NaN,
        "Interest Income": NaN,
        "Normalized Income": NaN,
        "Net Income From Continuing And Discontinued Operation": NaN,
        "Total Expenses": NaN,
        "Total Operating Income As Reported": NaN,
        "Diluted Average Shares": NaN,
        "Basic Average Shares": NaN,
        "Diluted EPS": NaN,
        "Basic EPS": NaN,
        "Diluted NI Availto Com Stockholders": NaN,
        "Net Income Common Stockholders": NaN,
        "Net Income": NaN,
        "Minority Interests": NaN,
        "Net Income Including Noncontrolling Interests": NaN,
        "Net Income Continuous Operations": NaN,
        "Tax Provision": NaN,
        "Pretax Income": NaN,
        "Other Income Expense": NaN,
        "Other Non Operating Income Expenses": NaN,
        "Special Income Charges": NaN,
        "Write Off": 5913000.0,
        "Impairment Of Capital Assets": 5913000.0,
        "Earnings From Equity Interest": NaN,
        "Gain On Sale Of Security": NaN,
        "Net Non Operating Interest Income Expense": NaN,
        "Total Other Finance Cost": 73610000.0,
        "Interest Income Non Operating": NaN,
        "Operating Income": NaN,
        "Operating Expense": NaN,
        "Other Operating Expenses": NaN,
        "Provision For Doubtful Accounts": NaN,
        "Research And Development": NaN,
        "Selling General And Administration": NaN,
        "Selling And Marketing Expense": NaN,
        "General And Administrative Expense": NaN,
        "Other Gand A": NaN,
        "Gross Profit": NaN,
        "Cost Of Revenue": NaN,
        "Total Revenue": NaN,
        "Operating Revenue": NaN
    },
    "2022-06-30": {
        "Tax Effect Of Unusual Items": -31763600.0,
        "Tax Rate For Calcs": 0.4,
        "Normalized EBITDA": 66745000.0,
        "Total Unusual Items": -79409000.0,
        "Total Unusual Items Excluding Goodwill": -79409000.0,
        "Net Income From Continuing Operation Net Minority Interest": -61315000.0,
        "Reconciled Cost Of Revenue": 41083000.0,
        "EBITDA": -12664000.0,
        "EBIT": -12664000.0,
        "Net Interest Income": 4646000.0,
        "Interest Income": 4646000.0,
        "Normalized Income": -13669600.0,
        "Net Income From Continuing And Discontinued Operation": -61315000.0,
        "Total Expenses": 118110000.0,
        "Total Operating Income As Reported": -29361000.0,
        "Diluted Average Shares": 253530688.0,
        "Basic Average Shares": 248458980.0,
        "Diluted EPS": -0.25,
        "Basic EPS": -0.25,
        "Diluted NI Availto Com Stockholders": -61315000.0,
        "Net Income Common Stockholders": -61315000.0,
        "Net Income": -61315000.0,
        "Minority Interests": 0.0,
        "Net Income Including Noncontrolling Interests": -61315000.0,
        "Net Income Continuous Operations": -61315000.0,
        "Tax Provision": 7081000.0,
        "Pretax Income": -54234000.0,
        "Other Income Expense": -46216000.0,
        "Other Non Operating Income Expenses": 33434000.0,
        "Special Income Charges": -45536000.0,
        "Write Off": NaN,
        "Impairment Of Capital Assets": 45536000.0,
        "Earnings From Equity Interest": -241000.0,
        "Gain On Sale Of Security": -33873000.0,
        "Net Non Operating Interest Income Expense": 4646000.0,
        "Total Other Finance Cost": NaN,
        "Interest Income Non Operating": 4646000.0,
        "Operating Income": -12664000.0,
        "Operating Expense": 77027000.0,
        "Other Operating Expenses": -1129000.0,
        "Provision For Doubtful Accounts": -28657000.0,
        "Research And Development": 18774000.0,
        "Selling General And Administration": 88039000.0,
        "Selling And Marketing Expense": 53211000.0,
        "General And Administrative Expense": 34828000.0,
        "Other Gand A": 34828000.0,
        "Gross Profit": 64363000.0,
        "Cost Of Revenue": 41083000.0,
        "Total Revenue": 105446000.0,
        "Operating Revenue": 105446000.0
    },
    "2023-06-30": {
        "Tax Effect Of Unusual Items": NaN,
        "Tax Rate For Calcs": NaN,
        "Normalized EBITDA": NaN,
        "Total Unusual Items": NaN,
        "Total Unusual Items Excluding Goodwill": NaN,
        "Net Income From Continuing Operation Net Minority Interest": NaN,
        "Reconciled Cost Of Revenue": NaN,
        "EBITDA": NaN,
        "EBIT": NaN,
        "Net Interest Income": NaN,
        "Interest Income": 6798000.0,
        "Normalized Income": NaN,
        "Net Income From Continuing And Discontinued Operation": NaN,
        "Total Expenses": NaN,
        "Total Operating Income As Reported": NaN,
        "Diluted Average Shares": NaN,
        "Basic Average Shares": NaN,
        "Diluted EPS": NaN,
        "Basic EPS": NaN,
        "Diluted NI Availto Com Stockholders": NaN,
        "Net Income Common Stockholders": NaN,
        "Net Income": NaN,
        "Minority Interests": 0.0,
        "Net Income Including Noncontrolling Interests": NaN,
        "Net Income Continuous Operations": NaN,
        "Tax Provision": NaN,
        "Pretax Income": NaN,
        "Other Income Expense": NaN,
        "Other Non Operating Income Expenses": NaN,
        "Special Income Charges": NaN,
        "Write Off": 1343000.0,
        "Earnings From Equity Interest": NaN,
        "Gain On Sale Of Security": NaN,
        "Net Non Operating Interest Income Expense": NaN,
        "Total Other Finance Cost": NaN,
        "Interest Income Non Operating": 6798000.0,
        "Operating Income": NaN,
        "Operating Expense": NaN,
        "Other Operating Expenses": -1470000.0,
        "Provision For Doubtful Accounts": NaN,
        "Research And Development": NaN,
        "Selling General And Administration": NaN,
        "Selling And Marketing Expense": NaN,
        "General And Administrative Expense": NaN,
        "Other Gand A": NaN,
        "Gross Profit": NaN,
        "Cost Of Revenue": NaN,
        "Total Revenue": NaN,
        "Operating Revenue": NaN
    },
    "2023-09-30": {
        "Tax Effect Of Unusual Items": NaN,
        "Tax Rate For Calcs": NaN,
        "Normalized EBITDA": NaN,
        "Total Unusual Items": NaN,
        "Total Unusual Items Excluding Goodwill": NaN,
        "Net Income From Continuing Operation Net Minority Interest": NaN,
        "Reconciled Cost Of Revenue": NaN,
        "EBITDA": NaN,
        "EBIT": NaN,
        "Net Interest Income": NaN,
        "Interest Income": NaN,
        "Normalized Income": NaN,
        "Net Income From Continuing And Discontinued Operation": NaN,
        "Total Expenses": NaN,
        "Total Operating Income As Reported": NaN,
        "Diluted Average Shares": NaN,
        "Basic Average Shares": NaN,
        "Diluted EPS": NaN,
        "Basic EPS": NaN,
        "Diluted NI Availto Com Stockholders": NaN,
        "Net Income Common Stockholders": NaN,
        "Net Income": NaN,
        "Minority Interests": 0.0,
        "Net Income Including Noncontrolling Interests": NaN,
        "Net Income Continuous Operations": NaN,
        "Tax Provision": NaN,
        "Pretax Income": NaN,
        "Other Income Expense": NaN,
        "Other Non Operating Income Expenses": NaN,
        "Special Income Charges": NaN,
        "Write Off": NaN,
        "Earnings From Equity Interest": NaN,
        "Gain On Sale Of Security": NaN,
        "Net Non Operating Interest Income Expense": NaN,
        "Total Other Finance Cost": 7099000.0,
        "Interest Income Non Operating": NaN,
        "Operating Income": NaN,
        "Operating Expense": NaN,
        "Other Operating Expenses": -10668000.0,
        "Provision For Doubtful Accounts": NaN,
        "Research And Development": NaN,
        "Selling General And Administration": NaN,
        "Selling And Marketing Expense": NaN,
        "General And Administrative Expense": NaN,
        "Other Gand A": NaN,
        "Gross Profit": NaN,
        "Cost Of Revenue": NaN,
        "Total Revenue": NaN,
        "Operating Revenue": NaN
    },
    "2023-12-31": {
        "Tax Effect Of Unusual Items": NaN,
        "Tax Rate For Calcs": NaN,
        "Normalized EBITDA": NaN,
        "Total Unusual Items": NaN,
        "Total Unusual Items Excluding Goodwill": NaN,
        "Net Income From Continuing Operation Net Minority Interest": NaN,
        "Reconciled Cost Of Revenue": NaN,
        "EBITDA": NaN,
        "EBIT": NaN,
        "Net Interest Income": NaN,
        "Interest Income": NaN,
        "Normalized Income": NaN,
        "Net Income From Continuing And Discontinued Operation": NaN,
        "Total Expenses": NaN,
        "Total Operating Income As Reported": NaN,
        "Diluted Average Shares": 207646764.0,
        "Basic Average Shares": 204075368.0,
        "Diluted EPS": -0.57,
        "Basic EPS": -0.57,
        "Diluted NI Availto Com Stockholders": NaN,
        "Net Income Common Stockholders": NaN,
        "Net Income": NaN,
        "Minority Interests": 0.0,
        "Net Income Including Noncontrolling Interests": NaN,
        "Net Income Continuous Operations": NaN,
        "Tax Provision": NaN,
        "Pretax Income": NaN,
        "Other Income Expense": NaN,
        "Other Non Operating Income Expenses": NaN,
        "Special Income Charges": NaN,
        "Write Off": NaN,
        "Earnings From Equity Interest": NaN,
        "Gain On Sale Of Security": NaN,
        "Net Non Operating Interest Income Expense": NaN,
        "Total Other Finance Cost": NaN,
        "Interest Income Non Operating": NaN,
        "Operating Income": NaN,
        "Operating Expense": NaN,
        "Other Operating Expenses": 16322284.0,
        "Provision For Doubtful Accounts": NaN,
        "Research And Development": NaN,
        "Selling General And Administration": NaN,
        "Selling And Marketing Expense": NaN,
        "General And Administrative Expense": NaN,
        "Other Gand A": NaN,
        "Gross Profit": NaN,
        "Cost Of Revenue": NaN,
        "Total Revenue": NaN,
        "Operating Revenue": NaN
    },
    "2024-03-31": {
        "Tax Effect Of Unusual Items": -9162250.0,
        "Tax Rate For Calcs": 0.25,
        "Normalized EBITDA": -35512000.0,
        "Total Unusual Items": -36649000.0,
        "Total Unusual Items Excluding Goodwill": -36649000.0,
        "Net Income From Continuing Operation Net Minority Interest": -73610000.0,
        "Reconciled Cost Of Revenue": 58036000.0,
        "EBITDA": -72161000.0,
        "EBIT": -72161000.0,
        "Net Interest Income": 54187000.0,
        "Interest Income": 54187000.0,
        "Normalized Income": -46123250.0,
        "Net Income From Continuing And Discontinued Operation": -73610000.0,
        "Total Expenses": 128010000.0,
        "Total Operating Income As Reported": -72511000.0,
        "Diluted Average Shares": 199633026.0,
        "Basic Average Shares": 194517922.0,
        "Diluted EPS": -0.38,
        "Basic EPS": -0.38,
        "Diluted NI Availto Com Stockholders": -73610000.0,
        "Net Income Common Stockholders": -73610000.0,
        "Net Income": -73610000.0,
        "Minority Interests": NaN,
        "Net Income Including Noncontrolling Interests": -73610000.0,
        "Net Income Continuous Operations": -73610000.0,
        "Tax Provision": 24754000.0,
        "Pretax Income": -48856000.0,
        "Other Income Expense": -30882000.0,
        "Other Non Operating Income Expenses": 7144000.0,
        "Special Income Charges": -350000.0,
        "Write Off": 350000.0,
        "Earnings From Equity Interest": -1377000.0,
        "Gain On Sale Of Security": -36299000.0,
        "Net Non Operating Interest Income Expense": 54187000.0,
        "Total Other Finance Cost": NaN,
        "Interest Income Non Operating": 54187000.0,
        "Operating Income": -72161000.0,
        "Operating Expense": 69974000.0,
        "Other Operating Expenses": -22000.0,
        "Provision For Doubtful Accounts": -3223000.0,
        "Research And Development": 15853000.0,
        "Selling General And Administration": 57366000.0,
        "Selling And Marketing Expense": 105000.0,
        "General And Administrative Expense": 57261000.0,
        "Other Gand A": 57261000.0,
        "Gross Profit": -2187000.0,
        "Cost Of Revenue": 58036000.0,
        "Total Revenue": 55849000.0,
        "Operating Revenue": 55849000.0
    },
    "2024-06-30": {
        "Tax Effect Of Unusual Items": 14200750.0,
        "Tax Rate For Calcs": 0.25,
        "Normalized EBITDA": -113793000.0,
        "Total Unusual Items": 56803000.0,
        "Total Unusual Items Excluding Goodwill": 56803000.0,
        "Net Income From Continuing Operation Net Minority Interest": 99787000.0,
        "Reconciled Cost Of Revenue": 46248000.0,
        "EBITDA": -56990000.0,
        "EBIT": -56990000.0,
        "Net Interest Income": 89485000.0,
        "Interest Income": 89485000.0,
        "Normalized Income": 57184750.0,
        "Net Income From Continuing And Discontinued Operation": 99787000.0,
        "Total Expenses": 110318000.0,
        "Total Operating Income As Reported": -57377000.0,
        "Diluted Average Shares": 189684527.0,
        "Basic Average Shares": 184571121.0,
        "Diluted EPS": 0.53,
        "Basic EPS": 0.54,
        "Diluted NI Availto Com Stockholders": 99787000.0,
        "Net Income Common Stockholders": 99787000.0,
        "Net Income": 99787000.0,
        "Minority Interests": NaN,
        "Net Income Including Noncontrolling Interests": 99787000.0,
        "Net Income Continuous Operations": 99787000.0,
        "Tax Provision": -9297000.0,
        "Pretax Income": 90490000.0,
        "Other Income Expense": 57995000.0,
        "Other Non Operating Income Expenses": 372000.0,
        "Special Income Charges": -387000.0,
        "Write Off": 387000.0,
        "Earnings From Equity Interest": 820000.0,
        "Gain On Sale Of Security": 57190000.0,
        "Net Non Operating Interest Income Expense": 89485000.0,
        "Total Other Finance Cost": NaN,
        "Interest Income Non Operating": 89485000.0,
        "Operating Income": -56990000.0,
        "Operating Expense": 64070000.0,
        "Other Operating Expenses": -119000.0,
        "Provision For Doubtful Accounts": 751000.0,
        "Research And Development": 15219000.0,
        "Selling General And Administration": 48219000.0,
        "Selling And Marketing Expense": 1054000.0,
        "General And Administrative Expense": 47165000.0,
        "Other Gand A": 47165000.0,
        "Gross Profit": 7080000.0,
        "Cost Of Revenue": 46248000.0,
        "Total Revenue": 53328000.0,
        "Operating Revenue": 53328000.0
    },
    "2024-09-30": {
        "Tax Effect Of Unusual Items": 4932340.976227,
        "Tax Rate For Calcs": 0.226837,
        "Normalized EBITDA": -88123000.0,
        "Total Unusual Items": 21744000.0,
        "Total Unusual Items Excluding Goodwill": 21744000.0,
        "Net Income From Continuing Operation Net Minority Interest": 131914000.0,
        "Reconciled Cost Of Revenue": 48913000.0,
        "EBITDA": -66379000.0,
        "EBIT": -66379000.0,
        "Net Interest Income": 228420000.0,
        "Interest Income": NaN,
        "Normalized Income": 115102340.976227,
        "Net Income From Continuing And Discontinued Operation": 131914000.0,
        "Total Expenses": 121394000.0,
        "Total Operating Income As Reported": -66983000.0,
        "Diluted Average Shares": 185092607.0,
        "Basic Average Shares": 180111125.0,
        "Diluted EPS": 0.71,
        "Basic EPS": 0.73,
        "Diluted NI Availto Com Stockholders": 131914000.0,
        "Net Income Common Stockholders": 131914000.0,
        "Net Income": 131914000.0,
        "Minority Interests": NaN,
        "Net Income Including Noncontrolling Interests": 131914000.0,
        "Net Income Continuous Operations": 131914000.0,
        "Tax Provision": 38702000.0,
        "Pretax Income": 170616000.0,
        "Other Income Expense": 8575000.0,
        "Other Non Operating Income Expenses": -11779000.0,
        "Special Income Charges": -604000.0,
        "Write Off": 604000.0,
        "Earnings From Equity Interest": -1390000.0,
        "Gain On Sale Of Security": 22348000.0,
        "Net Non Operating Interest Income Expense": 228420000.0,
        "Total Other Finance Cost": -228420000.0,
        "Interest Income Non Operating": NaN,
        "Operating Income": -66379000.0,
        "Operating Expense": 72481000.0,
        "Other Operating Expenses": NaN,
        "Provision For Doubtful Accounts": -2798000.0,
        "Research And Development": 14576000.0,
        "Selling General And Administration": 60703000.0,
        "Selling And Marketing Expense": 2123000.0,
        "General And Administrative Expense": 58580000.0,
        "Other Gand A": 58580000.0,
        "Gross Profit": 6102000.0,
        "Cost Of Revenue": 48913000.0,
        "Total Revenue": 55015000.0,
        "Operating Revenue": 55015000.0
    },
    "2024-12-31": {
        "Tax Effect Of Unusual Items": 57772798.0,
        "Tax Rate For Calcs": 0.25,
        "Normalized EBITDA": 121975826.0,
        "Total Unusual Items": 231091192.0,
        "Total Unusual Items Excluding Goodwill": 231091192.0,
        "Net Income From Continuing Operation Net Minority Interest": -66359605.0,
        "Reconciled Cost Of Revenue": 47826073.0,
        "EBITDA": 353067018.0,
        "EBIT": 353067018.0,
        "Net Interest Income": -226473544.0,
        "Interest Income": NaN,
        "Normalized Income": -239677999.0,
        "Net Income From Continuing And Discontinued Operation": -66359605.0,
        "Total Expenses": 163284188.0,
        "Total Operating Income As Reported": -111276834.0,
        "Diluted Average Shares": 177303133.0,
        "Basic Average Shares": 172381467.0,
        "Diluted EPS": -0.38,
        "Basic EPS": -0.38,
        "Diluted NI Availto Com Stockholders": -66359605.0,
        "Net Income Common Stockholders": -66359605.0,
        "Net Income": -66359605.0,
        "Minority Interests": NaN,
        "Net Income Including Noncontrolling Interests": -66359605.0,
        "Net Income Continuous Operations": -66359605.0,
        "Tax Provision": 11646623.0,
        "Pretax Income": -54712982.0,
        "Other Income Expense": 282808376.0,
        "Other Non Operating Income Expenses": 53818976.0,
        "Special Income Charges": -229020.0,
        "Write Off": 229020.0,
        "Earnings From Equity Interest": -2101792.0,
        "Gain On Sale Of Security": 231320212.0,
        "Net Non Operating Interest Income Expense": -226473544.0,
        "Total Other Finance Cost": NaN,
        "Interest Income Non Operating": NaN,
        "Operating Income": -111047814.0,
        "Operating Expense": 115458115.0,
        "Other Operating Expenses": NaN,
        "Provision For Doubtful Accounts": 2526974.0,
        "Research And Development": 12816333.0,
        "Selling General And Administration": 116144924.0,
        "Selling And Marketing Expense": 2586172.0,
        "General And Administrative Expense": 113558752.0,
        "Other Gand A": 113558752.0,
        "Gross Profit": 4410301.0,
        "Cost Of Revenue": 47826073.0,
        "Total Revenue": 52236374.0,
        "Operating Revenue": 52236374.0
    },
    "2025-03-31": {
        "Tax Effect Of Unusual Items": 2504.056917,
        "Tax Rate For Calcs": 6e-05,
        "Normalized EBITDA": -104080000.0,
        "Total Unusual Items": 41766000.0,
        "Total Unusual Items Excluding Goodwill": 41766000.0,
        "Net Income From Continuing Operation Net Minority Interest": 150105000.0,
        "Reconciled Cost Of Revenue": 26239000.0,
        "EBITDA": -62314000.0,
        "EBIT": -62314000.0,
        "Net Interest Income": 165435000.0,
        "Interest Income": 165435000.0,
        "Normalized Income": 108341504.056917,
        "Net Income From Continuing And Discontinued Operation": 150105000.0,
        "Total Expenses": 88103000.0,
        "Total Operating Income As Reported": -65474000.0,
        "Diluted Average Shares": NaN,
        "Basic Average Shares": NaN,
        "Diluted EPS": NaN,
        "Basic EPS": NaN,
        "Diluted NI Availto Com Stockholders": 150105000.0,
        "Net Income Common Stockholders": 150105000.0,
        "Net Income": 150105000.0,
        "Minority Interests": NaN,
        "Net Income Including Noncontrolling Interests": 150105000.0,
        "Net Income Continuous Operations": 150105000.0,
        "Tax Provision": 9000.0,
        "Pretax Income": 150114000.0,
        "Other Income Expense": 46993000.0,
        "Other Non Operating Income Expenses": 5227000.0,
        "Special Income Charges": -3160000.0,
        "Write Off": 3160000.0,
        "Earnings From Equity Interest": 0.0,
        "Gain On Sale Of Security": 44926000.0,
        "Net Non Operating Interest Income Expense": 165435000.0,
        "Total Other Finance Cost": NaN,
        "Interest Income Non Operating": 165435000.0,
        "Operating Income": -62314000.0,
        "Operating Expense": 61864000.0,
        "Other Operating Expenses": -35000.0,
        "Provision For Doubtful Accounts": -957000.0,
        "Research And Development": 13064000.0,
        "Selling General And Administration": 49792000.0,
        "Selling And Marketing Expense": 1448000.0,
        "General And Administrative Expense": 48344000.0,
        "Other Gand A": 48344000.0,
        "Gross Profit": -450000.0,
        "Cost Of Revenue": 26239000.0,
        "Total Revenue": 25789000.0,
        "Operating Revenue": 25789000.0
    }
}