{
    "2023-03-31": {
        "Tax Effect Of Unusual Items": NaN,
        "Tax Rate For Calcs": NaN,
        "Normalized EBITDA": NaN,
        "Total Unusual Items": NaN,
        "Total Unusual Items Excluding Goodwill": NaN,
        "Net Income From Continuing Operation Net Minority Interest": NaN,
        "Reconciled Depreciation": 116303.0,
        "Reconciled Cost Of Revenue": 1264828.0,
        "EBITDA": NaN,
        "EBIT": NaN,
        "Net Interest Income": NaN,
        "Interest Expense": NaN,
        "Interest Income": NaN,
        "Normalized Income": NaN,
        "Net Income From Continuing And Discontinued Operation": NaN,
        "Total Expenses": NaN,
        "Total Operating Income As Reported": NaN,
        "Diluted Average Shares": NaN,
        "Basic Average Shares": NaN,
        "Diluted EPS": NaN,
        "Basic EPS": NaN,
        "Diluted NI Availto Com Stockholders": NaN,
        "Net Income Common Stockholders": NaN,
        "Otherunder Preferred Stock Dividend": NaN,
        "Net Income": NaN,
        "Minority Interests": NaN,
        "Net Income Including Noncontrolling Interests": NaN,
        "Net Income Discontinuous Operations": NaN,
        "Net Income Continuous Operations": NaN,
        "Tax Provision": NaN,
        "Pretax Income": NaN,
        "Other Income Expense": NaN,
        "Other Non Operating Income Expenses": NaN,
        "Special Income Charges": NaN,
        "Gain On Sale Of Ppe": -300.0,
        "Other Special Charges": 1077287.0,
        "Gain On Sale Of Security": NaN,
        "Net Non Operating Interest Income Expense": NaN,
        "Total Other Finance Cost": NaN,
        "Interest Expense Non Operating": NaN,
        "Interest Income Non Operating": NaN,
        "Operating Income": NaN,
        "Operating Expense": NaN,
        "Research And Development": NaN,
        "Selling General And Administration": NaN,
        "Selling And Marketing Expense": 199114.0,
        "General And Administrative Expense": NaN,
        "Other Gand A": NaN,
        "Gross Profit": 342342.0,
        "Cost Of Revenue": 1264828.0,
        "Total Revenue": NaN,
        "Operating Revenue": NaN
    },
    "2022-12-31": {
        "Tax Effect Of Unusual Items": NaN,
        "Tax Rate For Calcs": NaN,
        "Normalized EBITDA": NaN,
        "Total Unusual Items": NaN,
        "Total Unusual Items Excluding Goodwill": NaN,
        "Net Income From Continuing Operation Net Minority Interest": NaN,
        "Reconciled Depreciation": 109993.0,
        "Reconciled Cost Of Revenue": 1096202.0,
        "EBITDA": NaN,
        "EBIT": NaN,
        "Net Interest Income": NaN,
        "Interest Expense": NaN,
        "Normalized Income": NaN,
        "Net Income From Continuing And Discontinued Operation": NaN,
        "Total Expenses": NaN,
        "Total Operating Income As Reported": NaN,
        "Diluted Average Shares": NaN,
        "Basic Average Shares": NaN,
        "Diluted EPS": NaN,
        "Basic EPS": NaN,
        "Diluted NI Availto Com Stockholders": NaN,
        "Net Income Common Stockholders": NaN,
        "Otherunder Preferred Stock Dividend": NaN,
        "Net Income": NaN,
        "Minority Interests": NaN,
        "Net Income Including Noncontrolling Interests": NaN,
        "Net Income Discontinuous Operations": NaN,
        "Net Income Continuous Operations": NaN,
        "Tax Provision": NaN,
        "Pretax Income": NaN,
        "Other Income Expense": NaN,
        "Other Non Operating Income Expenses": NaN,
        "Special Income Charges": NaN,
        "Gain On Sale Of Ppe": NaN,
        "Other Special Charges": NaN,
        "Gain On Sale Of Security": NaN,
        "Net Non Operating Interest Income Expense": NaN,
        "Total Other Finance Cost": NaN,
        "Interest Expense Non Operating": NaN,
        "Operating Income": NaN,
        "Operating Expense": NaN,
        "Research And Development": NaN,
        "Selling General And Administration": NaN,
        "Selling And Marketing Expense": 267129.0,
        "General And Administrative Expense": NaN,
        "Other Gand A": NaN,
        "Gross Profit": 293726.0,
        "Cost Of Revenue": 1096202.0,
        "Total Revenue": NaN,
        "Operating Revenue": NaN
    },
    "2022-09-30": {
        "Tax Effect Of Unusual Items": NaN,
        "Tax Rate For Calcs": NaN,
        "Normalized EBITDA": NaN,
        "Total Unusual Items": NaN,
        "Total Unusual Items Excluding Goodwill": NaN,
        "Net Income From Continuing Operation Net Minority Interest": NaN,
        "Reconciled Depreciation": NaN,
        "Reconciled Cost Of Revenue": 1278029.0,
        "EBITDA": NaN,
        "EBIT": NaN,
        "Net Interest Income": NaN,
        "Interest Expense": NaN,
        "Interest Income": 4631.0,
        "Normalized Income": NaN,
        "Net Income From Continuing And Discontinued Operation": NaN,
        "Total Expenses": NaN,
        "Total Operating Income As Reported": NaN,
        "Diluted Average Shares": 3944406.0,
        "Basic Average Shares": 3944406.0,
        "Diluted EPS": -0.97,
        "Basic EPS": -0.97,
        "Diluted NI Availto Com Stockholders": NaN,
        "Net Income Common Stockholders": NaN,
        "Net Income": NaN,
        "Minority Interests": NaN,
        "Net Income Including Noncontrolling Interests": NaN,
        "Net Income Discontinuous Operations": -911882.0,
        "Net Income Continuous Operations": NaN,
        "Tax Provision": NaN,
        "Pretax Income": NaN,
        "Other Income Expense": NaN,
        "Other Non Operating Income Expenses": NaN,
        "Special Income Charges": 0.0,
        "Gain On Sale Of Ppe": 0.0,
        "Other Special Charges": NaN,
        "Gain On Sale Of Security": NaN,
        "Net Non Operating Interest Income Expense": NaN,
        "Total Other Finance Cost": -4631.0,
        "Interest Expense Non Operating": NaN,
        "Interest Income Non Operating": 4631.0,
        "Operating Income": NaN,
        "Operating Expense": NaN,
        "Research And Development": NaN,
        "Selling General And Administration": NaN,
        "Selling And Marketing Expense": 239865.0,
        "General And Administrative Expense": NaN,
        "Other Gand A": NaN,
        "Gross Profit": 163036.0,
        "Cost Of Revenue": 1278029.0,
        "Total Revenue": NaN,
        "Operating Revenue": NaN
    },
    "2022-06-30": {
        "Tax Effect Of Unusual Items": 5920.0,
        "Tax Rate For Calcs": 0.4,
        "Normalized EBITDA": -4064313.0,
        "Total Unusual Items": 14800.0,
        "Total Unusual Items Excluding Goodwill": 14800.0,
        "Net Income From Continuing Operation Net Minority Interest": -4123404.0,
        "Reconciled Depreciation": 91817.0,
        "Reconciled Cost Of Revenue": 1099677.0,
        "EBITDA": -4049513.0,
        "EBIT": -4141330.0,
        "Net Interest Income": 4824.0,
        "Interest Expense": NaN,
        "Interest Income": 4824.0,
        "Normalized Income": -4132284.0,
        "Net Income From Continuing And Discontinued Operation": -4123404.0,
        "Total Expenses": 5571864.0,
        "Total Operating Income As Reported": -4141330.0,
        "Diluted Average Shares": 3668016.0,
        "Basic Average Shares": 3668016.0,
        "Diluted EPS": -1.12,
        "Basic EPS": -1.12,
        "Diluted NI Availto Com Stockholders": -4123404.0,
        "Net Income Common Stockholders": -4123404.0,
        "Net Income": -4123404.0,
        "Minority Interests": 4116.0,
        "Net Income Including Noncontrolling Interests": -4127520.0,
        "Net Income Continuous Operations": -4127520.0,
        "Tax Provision": 5438.0,
        "Pretax Income": -4122082.0,
        "Other Income Expense": 14424.0,
        "Other Non Operating Income Expenses": -376.0,
        "Special Income Charges": NaN,
        "Gain On Sale Of Ppe": NaN,
        "Other Special Charges": NaN,
        "Gain On Sale Of Security": 14800.0,
        "Net Non Operating Interest Income Expense": 4824.0,
        "Total Other Finance Cost": NaN,
        "Interest Expense Non Operating": NaN,
        "Interest Income Non Operating": 4824.0,
        "Operating Income": -4141330.0,
        "Operating Expense": 4472187.0,
        "Research And Development": 1506227.0,
        "Selling General And Administration": 2965960.0,
        "Selling And Marketing Expense": 305103.0,
        "General And Administrative Expense": 2660857.0,
        "Other Gand A": 2660857.0,
        "Gross Profit": 330857.0,
        "Cost Of Revenue": 1099677.0,
        "Total Revenue": 1430534.0,
        "Operating Revenue": 1430534.0
    },
    "2022-03-31": {
        "Diluted EPS": -1.22,
        "Total Revenue": 1,
        "Gross Profit": 0,
        "Operating Income": -5,
        "EBIT": -5,
        "Net Income": -4
    },
    "2021-12-31": {
        "Diluted EPS": -1.3,
        "Total Revenue": 1,
        "Gross Profit": 0,
        "Operating Income": -5,
        "EBIT": -5,
        "Net Income": -4
    },
    "2021-09-30": {
        "Diluted EPS": -1.0,
        "Total Revenue": 1,
        "Gross Profit": 0,
        "Operating Income": -5,
        "EBIT": -5,
        "Net Income": -3
    },
    "2021-06-30": {
        "Diluted EPS": -1.9,
        "Total Revenue": 1,
        "Gross Profit": 0,
        "Operating Income": -7,
        "EBIT": -7,
        "Net Income": -5
    },
    "2021-03-31": {
        "Diluted EPS": -1.9,
        "Total Revenue": 2,
        "Gross Profit": 1,
        "Operating Income": -6,
        "EBIT": -6,
        "Net Income": -5
    },
    "2020-12-31": {
        "Diluted EPS": 0.0,
        "Total Revenue": NaN,
        "Gross Profit": NaN,
        "Operating Income": NaN,
        "EBIT": NaN,
        "Net Income": NaN
    },
    "2020-09-30": {
        "Diluted EPS": -4.1,
        "Total Revenue": 1,
        "Gross Profit": 0,
        "Operating Income": -4,
        "EBIT": -4,
        "Net Income": -8
    },
    "2020-06-30": {
        "Diluted EPS": -21.2,
        "Total Revenue": 1,
        "Gross Profit": 0,
        "Operating Income": -3,
        "EBIT": -2,
        "Net Income": -19
    },
    "2020-03-31": {
        "Diluted EPS": -1.6,
        "Total Revenue": 1,
        "Gross Profit": 0,
        "Operating Income": -1,
        "EBIT": -1,
        "Net Income": -1
    },
    "2019-12-31": {
        "Diluted EPS": -118.3,
        "Total Revenue": NaN,
        "Gross Profit": NaN,
        "Operating Income": -3,
        "EBIT": -3,
        "Net Income": -4
    },
    "2019-09-30": {
        "Diluted EPS": -0.6,
        "Total Revenue": 1,
        "Gross Profit": 0,
        "Operating Income": 0,
        "EBIT": 0,
        "Net Income": 0
    },
    "2019-06-30": {
        "Diluted EPS": -1.1,
        "Total Revenue": 2,
        "Gross Profit": 1,
        "Operating Income": -1,
        "EBIT": 0,
        "Net Income": -1
    },
    "2019-03-31": {
        "Diluted EPS": -145.0,
        "Total Revenue": NaN,
        "Gross Profit": NaN,
        "Operating Income": -5,
        "EBIT": -5,
        "Net Income": -5
    },
    "2018-12-31": {
        "Diluted EPS": -420.0,
        "Total Revenue": NaN,
        "Gross Profit": NaN,
        "Operating Income": -8,
        "EBIT": -8,
        "Net Income": -9
    },
    "2018-09-30": {
        "Diluted EPS": -215.0,
        "Total Revenue": NaN,
        "Gross Profit": NaN,
        "Operating Income": -5,
        "EBIT": -5,
        "Net Income": -5
    },
    "2018-06-30": {
        "Diluted EPS": -177.5,
        "Total Revenue": NaN,
        "Gross Profit": NaN,
        "Operating Income": -4,
        "EBIT": -4,
        "Net Income": -4
    },
    "2018-03-31": {
        "Diluted EPS": -102.5,
        "Total Revenue": NaN,
        "Gross Profit": NaN,
        "Operating Income": -2,
        "EBIT": -2,
        "Net Income": -2
    },
    "2017-12-31": {
        "Diluted EPS": -490.0,
        "Total Revenue": NaN,
        "Gross Profit": NaN,
        "Operating Income": -2,
        "EBIT": -2,
        "Net Income": -5
    },
    "2017-09-30": {
        "Diluted EPS": -35.0,
        "Total Revenue": NaN,
        "Gross Profit": NaN,
        "Operating Income": -2,
        "EBIT": -2,
        "Net Income": -2
    },
    "2017-06-30": {
        "Diluted EPS": -352.5,
        "Total Revenue": NaN,
        "Gross Profit": NaN,
        "Operating Income": -2,
        "EBIT": -2,
        "Net Income": -2
    },
    "2017-03-31": {
        "Diluted EPS": -360.0,
        "Total Revenue": NaN,
        "Gross Profit": NaN,
        "Operating Income": -2,
        "EBIT": -2,
        "Net Income": -2
    },
    "2016-12-31": {
        "Diluted EPS": NaN,
        "Total Revenue": NaN,
        "Gross Profit": NaN,
        "Operating Income": -8,
        "EBIT": -8,
        "Net Income": -8
    },
    "2016-09-30": {
        "Diluted EPS": NaN,
        "Total Revenue": NaN,
        "Gross Profit": NaN,
        "Operating Income": -4,
        "EBIT": -4,
        "Net Income": -4
    },
    "2016-06-30": {
        "Diluted EPS": NaN,
        "Total Revenue": NaN,
        "Gross Profit": NaN,
        "Operating Income": -4,
        "EBIT": -4,
        "Net Income": -4
    },
    "2016-03-31": {
        "Diluted EPS": -900.0,
        "Total Revenue": NaN,
        "Gross Profit": NaN,
        "Operating Income": -3,
        "EBIT": -3,
        "Net Income": -3
    },
    "2015-12-31": {
        "Diluted EPS": 0.0,
        "Total Revenue": NaN,
        "Gross Profit": NaN,
        "Operating Income": NaN,
        "EBIT": NaN,
        "Net Income": NaN
    },
    "2015-09-30": {
        "Diluted EPS": NaN,
        "Total Revenue": NaN,
        "Gross Profit": NaN,
        "Operating Income": -3,
        "EBIT": -3,
        "Net Income": -3
    },
    "2015-06-30": {
        "Diluted EPS": 0.0,
        "Total Revenue": NaN,
        "Gross Profit": NaN,
        "Operating Income": NaN,
        "EBIT": NaN,
        "Net Income": NaN
    },
    "2014-12-31": {
        "Diluted EPS": 0.0,
        "Total Revenue": NaN,
        "Gross Profit": NaN,
        "Operating Income": NaN,
        "EBIT": NaN,
        "Net Income": NaN
    },
    "2023-06-30": {
        "Tax Effect Of Unusual Items": NaN,
        "Tax Rate For Calcs": NaN,
        "Normalized EBITDA": NaN,
        "Total Unusual Items": NaN,
        "Total Unusual Items Excluding Goodwill": NaN,
        "Net Income From Continuing Operation Net Minority Interest": NaN,
        "Reconciled Depreciation": 122787.0,
        "Reconciled Cost Of Revenue": 1016542.0,
        "EBITDA": NaN,
        "EBIT": NaN,
        "Net Interest Income": NaN,
        "Interest Expense": 377416.0,
        "Interest Income": NaN,
        "Normalized Income": NaN,
        "Net Income From Continuing And Discontinued Operation": NaN,
        "Total Expenses": NaN,
        "Total Operating Income As Reported": NaN,
        "Diluted Average Shares": 101049.0,
        "Basic Average Shares": 101049.0,
        "Diluted EPS": -34.5,
        "Basic EPS": -34.5,
        "Diluted NI Availto Com Stockholders": NaN,
        "Net Income Common Stockholders": NaN,
        "Otherunder Preferred Stock Dividend": 0.0,
        "Net Income": NaN,
        "Minority Interests": NaN,
        "Net Income Including Noncontrolling Interests": NaN,
        "Net Income Discontinuous Operations": NaN,
        "Net Income Continuous Operations": NaN,
        "Tax Provision": NaN,
        "Pretax Income": NaN,
        "Other Income Expense": NaN,
        "Other Non Operating Income Expenses": NaN,
        "Special Income Charges": NaN,
        "Gain On Sale Of Ppe": -63302.0,
        "Other Special Charges": NaN,
        "Gain On Sale Of Security": NaN,
        "Net Non Operating Interest Income Expense": NaN,
        "Total Other Finance Cost": 377416.0,
        "Interest Expense Non Operating": 377416.0,
        "Interest Income Non Operating": NaN,
        "Operating Income": NaN,
        "Operating Expense": NaN,
        "Research And Development": NaN,
        "Selling General And Administration": NaN,
        "Selling And Marketing Expense": 169223.0,
        "General And Administrative Expense": NaN,
        "Other Gand A": NaN,
        "Gross Profit": 610489.0,
        "Cost Of Revenue": 1016542.0,
        "Total Revenue": NaN,
        "Operating Revenue": NaN
    },
    "2023-09-30": {
        "Tax Effect Of Unusual Items": 0.0,
        "Tax Rate For Calcs": 0.0,
        "Normalized EBITDA": -2744909.0,
        "Total Unusual Items": -122859.0,
        "Total Unusual Items Excluding Goodwill": -122859.0,
        "Net Income From Continuing Operation Net Minority Interest": -3196499.0,
        "Reconciled Depreciation": -239090.0,
        "EBITDA": -2867768.0,
        "EBIT": -2867768.0,
        "Net Interest Income": -367257.0,
        "Interest Expense": 367257.0,
        "Interest Income": 0.0,
        "Normalized Income": -3073640.0,
        "Net Income From Continuing And Discontinued Operation": -3656537.0,
        "Total Expenses": 2778363.0,
        "Total Operating Income As Reported": -2778363.0,
        "Diluted Average Shares": 2020.0,
        "Basic Average Shares": 2020.0,
        "Diluted EPS": -1809.0,
        "Basic EPS": -1809.0,
        "Diluted NI Availto Com Stockholders": -3656537.0,
        "Net Income Common Stockholders": -3656537.0,
        "Otherunder Preferred Stock Dividend": 0.0,
        "Net Income": -3656537.0,
        "Minority Interests": 38526.0,
        "Net Income Including Noncontrolling Interests": -3695063.0,
        "Net Income Discontinuous Operations": -460038.0,
        "Net Income Continuous Operations": -3235025.0,
        "Tax Provision": 0.0,
        "Pretax Income": -3235025.0,
        "Other Income Expense": -89405.0,
        "Other Non Operating Income Expenses": 33454.0,
        "Special Income Charges": -21747.0,
        "Gain On Sale Of Ppe": -21747.0,
        "Other Special Charges": NaN,
        "Gain On Sale Of Security": -101112.0,
        "Net Non Operating Interest Income Expense": -367257.0,
        "Total Other Finance Cost": 367257.0,
        "Interest Expense Non Operating": 367257.0,
        "Interest Income Non Operating": 0.0,
        "Operating Income": -2778363.0,
        "Operating Expense": 2778363.0,
        "Research And Development": 1441598.0,
        "Selling General And Administration": 1336765.0,
        "General And Administrative Expense": 1336765.0,
        "Other Gand A": 1336765.0,
        "Total Revenue": 0.0,
        "Operating Revenue": 0.0
    },
    "2023-12-31": {
        "Tax Effect Of Unusual Items": 61.960792,
        "Tax Rate For Calcs": 0.001939,
        "Normalized EBITDA": -1951652.0,
        "Total Unusual Items": 31961.0,
        "Total Unusual Items Excluding Goodwill": 31961.0,
        "Net Income From Continuing Operation Net Minority Interest": -2467562.0,
        "Reconciled Depreciation": 4495.0,
        "EBITDA": -1919691.0,
        "EBIT": -1924186.0,
        "Net Interest Income": -235814.0,
        "Interest Expense": NaN,
        "Interest Income": NaN,
        "Normalized Income": -2499461.039208,
        "Net Income From Continuing And Discontinued Operation": -2450249.0,
        "Total Expenses": 2273962.0,
        "Total Operating Income As Reported": -2273962.0,
        "Diluted Average Shares": NaN,
        "Basic Average Shares": NaN,
        "Diluted EPS": NaN,
        "Basic EPS": NaN,
        "Diluted NI Availto Com Stockholders": -2450249.0,
        "Net Income Common Stockholders": -2450249.0,
        "Otherunder Preferred Stock Dividend": NaN,
        "Net Income": -2450249.0,
        "Minority Interests": 0.0,
        "Net Income Including Noncontrolling Interests": -2450249.0,
        "Net Income Discontinuous Operations": 17313.0,
        "Net Income Continuous Operations": -2467562.0,
        "Tax Provision": -4793.0,
        "Pretax Income": -2472355.0,
        "Other Income Expense": 37421.0,
        "Other Non Operating Income Expenses": 5460.0,
        "Special Income Charges": -625653.0,
        "Gain On Sale Of Ppe": 0.0,
        "Other Special Charges": 625653.0,
        "Gain On Sale Of Security": 657614.0,
        "Net Non Operating Interest Income Expense": -235814.0,
        "Interest Expense Non Operating": NaN,
        "Interest Income Non Operating": NaN,
        "Operating Income": -2273962.0,
        "Operating Expense": 2273962.0,
        "Research And Development": 1311189.0,
        "Selling General And Administration": 962773.0,
        "General And Administrative Expense": 962773.0,
        "Other Gand A": 962773.0,
        "Total Revenue": 0.0,
        "Operating Revenue": 0.0
    },
    "2024-03-31": {
        "Tax Effect Of Unusual Items": -24360.0,
        "Tax Rate For Calcs": 0.21,
        "Normalized EBITDA": -1778409.0,
        "Total Unusual Items": -116000.0,
        "Total Unusual Items Excluding Goodwill": -116000.0,
        "Net Income From Continuing Operation Net Minority Interest": -2032751.0,
        "Reconciled Depreciation": NaN,
        "EBITDA": -1894409.0,
        "EBIT": -1894409.0,
        "Net Interest Income": -136556.0,
        "Interest Expense": 136556.0,
        "Interest Income": NaN,
        "Normalized Income": -1941111.0,
        "Net Income From Continuing And Discontinued Operation": -2032751.0,
        "Total Expenses": 1421749.0,
        "Total Operating Income As Reported": -1421749.0,
        "Diluted Average Shares": 118876.0,
        "Basic Average Shares": 118876.0,
        "Diluted EPS": -17.5,
        "Basic EPS": -17.5,
        "Diluted NI Availto Com Stockholders": -2092768.0,
        "Net Income Common Stockholders": -2092768.0,
        "Otherunder Preferred Stock Dividend": 60017.0,
        "Net Income": -2032751.0,
        "Minority Interests": 0.0,
        "Net Income Including Noncontrolling Interests": -2032751.0,
        "Net Income Discontinuous Operations": 0.0,
        "Net Income Continuous Operations": -2032751.0,
        "Tax Provision": 1786.0,
        "Pretax Income": -2030965.0,
        "Other Income Expense": -472660.0,
        "Other Non Operating Income Expenses": -356660.0,
        "Special Income Charges": -147197.0,
        "Gain On Sale Of Ppe": NaN,
        "Other Special Charges": 147197.0,
        "Gain On Sale Of Security": 31197.0,
        "Net Non Operating Interest Income Expense": -136556.0,
        "Interest Expense Non Operating": 136556.0,
        "Interest Income Non Operating": NaN,
        "Operating Income": -1421749.0,
        "Operating Expense": 1421749.0,
        "Research And Development": 364385.0,
        "Selling General And Administration": 1057364.0,
        "General And Administrative Expense": 1057364.0,
        "Other Gand A": 1057364.0,
        "Total Revenue": 0.0,
        "Operating Revenue": 0.0
    },
    "2024-06-30": {
        "Tax Effect Of Unusual Items": 430.964226,
        "Tax Rate For Calcs": 0.00082,
        "Normalized EBITDA": -1739677.0,
        "Total Unusual Items": 525467.0,
        "Total Unusual Items Excluding Goodwill": 525467.0,
        "Net Income From Continuing Operation Net Minority Interest": -1476558.0,
        "Reconciled Depreciation": NaN,
        "EBITDA": -1214210.0,
        "EBIT": -1214210.0,
        "Net Interest Income": -263560.0,
        "Interest Expense": 263560.0,
        "Interest Income": NaN,
        "Normalized Income": -2001594.035774,
        "Net Income From Continuing And Discontinued Operation": -1576558.0,
        "Total Expenses": 1740771.0,
        "Total Operating Income As Reported": -1740771.0,
        "Diluted Average Shares": 152065.0,
        "Basic Average Shares": 152065.0,
        "Diluted EPS": -10.5,
        "Basic EPS": -10.5,
        "Diluted NI Availto Com Stockholders": -1576558.0,
        "Net Income Common Stockholders": -1576558.0,
        "Otherunder Preferred Stock Dividend": 0.0,
        "Net Income": -1576558.0,
        "Minority Interests": 0.0,
        "Net Income Including Noncontrolling Interests": -1576558.0,
        "Net Income Discontinuous Operations": -100000.0,
        "Net Income Continuous Operations": -1476558.0,
        "Tax Provision": -1212.0,
        "Pretax Income": -1477770.0,
        "Other Income Expense": 526561.0,
        "Other Non Operating Income Expenses": 1094.0,
        "Special Income Charges": 22145.0,
        "Gain On Sale Of Ppe": NaN,
        "Other Special Charges": -22145.0,
        "Gain On Sale Of Security": 503322.0,
        "Net Non Operating Interest Income Expense": -263560.0,
        "Interest Expense Non Operating": 263560.0,
        "Interest Income Non Operating": NaN,
        "Operating Income": -1740771.0,
        "Operating Expense": 1740771.0,
        "Research And Development": 754287.0,
        "Selling General And Administration": 986484.0,
        "General And Administrative Expense": 986484.0,
        "Other Gand A": 986484.0,
        "Total Revenue": 0.0,
        "Operating Revenue": 0.0
    },
    "2024-09-30": {
        "Tax Effect Of Unusual Items": -639.056247,
        "Tax Rate For Calcs": 0.001224,
        "Normalized EBITDA": -865647.0,
        "Total Unusual Items": -522252.0,
        "Total Unusual Items Excluding Goodwill": -522252.0,
        "Net Income From Continuing Operation Net Minority Interest": -1794060.0,
        "Reconciled Depreciation": NaN,
        "EBITDA": -1387899.0,
        "EBIT": -1387899.0,
        "Net Interest Income": -360277.0,
        "Interest Expense": 408359.0,
        "Interest Income": 48082.0,
        "Normalized Income": -1272447.056247,
        "Net Income From Continuing And Discontinued Operation": -1794060.0,
        "Total Expenses": 1268581.0,
        "Total Operating Income As Reported": -1268581.0,
        "Diluted Average Shares": 7757.0,
        "Basic Average Shares": 7757.0,
        "Diluted EPS": -235.0,
        "Basic EPS": -235.0,
        "Diluted NI Availto Com Stockholders": -1821647.0,
        "Net Income Common Stockholders": -1821647.0,
        "Otherunder Preferred Stock Dividend": 27587.0,
        "Net Income": -1794060.0,
        "Minority Interests": 0.0,
        "Net Income Including Noncontrolling Interests": -1794060.0,
        "Net Income Discontinuous Operations": 0.0,
        "Net Income Continuous Operations": -1794060.0,
        "Tax Provision": -2198.0,
        "Pretax Income": -1796258.0,
        "Other Income Expense": -167400.0,
        "Other Non Operating Income Expenses": 354852.0,
        "Special Income Charges": -27790.0,
        "Gain On Sale Of Ppe": 0.0,
        "Other Special Charges": 27790.0,
        "Gain On Sale Of Security": -494462.0,
        "Net Non Operating Interest Income Expense": -360277.0,
        "Interest Expense Non Operating": 408359.0,
        "Interest Income Non Operating": 48082.0,
        "Operating Income": -1268581.0,
        "Operating Expense": 1268581.0,
        "Research And Development": 123429.0,
        "Selling General And Administration": 1145152.0,
        "General And Administrative Expense": 1145152.0,
        "Other Gand A": 1145152.0,
        "Total Revenue": 0.0,
        "Operating Revenue": 0.0
    }
}