{
    "2024-06-30": {
        "Tax Effect Of Unusual Items": -46410.0,
        "Tax Rate For Calcs": 0.21,
        "Normalized EBITDA": -14794000.0,
        "Total Unusual Items": -221000.0,
        "Total Unusual Items Excluding Goodwill": -221000.0,
        "Net Income From Continuing Operation Net Minority Interest": -20820000.0,
        "Reconciled Depreciation": 1780000.0,
        "Reconciled Cost Of Revenue": 45208000.0,
        "EBITDA": -15015000.0,
        "EBIT": -16795000.0,
        "Net Interest Income": -3790000.0,
        "Interest Expense": 3790000.0,
        "Normalized Income": -20645410.0,
        "Net Income From Continuing And Discontinued Operation": -20820000.0,
        "Total Expenses": 87876000.0,
        "Total Operating Income As Reported": -17725000.0,
        "Diluted Average Shares": 4792500.0,
        "Basic Average Shares": 4792500.0,
        "Diluted EPS": -4.4,
        "Basic EPS": -4.4,
        "Diluted NI Availto Com Stockholders": -20820000.0,
        "Average Dilution Earnings": NaN,
        "Net Income Common Stockholders": -20820000.0,
        "Otherunder Preferred Stock Dividend": 0.0,
        "Net Income": -20820000.0,
        "Net Income Including Noncontrolling Interests": -20820000.0,
        "Net Income Continuous Operations": -20820000.0,
        "Tax Provision": 235000.0,
        "Pretax Income": -20585000.0,
        "Other Income Expense": -262000.0,
        "Other Non Operating Income Expenses": -41000.0,
        "Special Income Charges": -1887000.0,
        "Other Special Charges": 695000.0,
        "Restructuring And Mergern Acquisition": 1192000.0,
        "Gain On Sale Of Security": 1666000.0,
        "Net Non Operating Interest Income Expense": -3790000.0,
        "Interest Expense Non Operating": 3790000.0,
        "Operating Income": -16533000.0,
        "Operating Expense": 42668000.0,
        "Research And Development": 8308000.0,
        "Selling General And Administration": 34360000.0,
        "Selling And Marketing Expense": 13295000.0,
        "General And Administrative Expense": 21065000.0,
        "Other Gand A": 21065000.0,
        "Gross Profit": 26135000.0,
        "Cost Of Revenue": 45208000.0,
        "Total Revenue": 71343000.0,
        "Operating Revenue": 71343000.0
    },
    "2023-06-30": {
        "Tax Effect Of Unusual Items": NaN,
        "Tax Rate For Calcs": NaN,
        "Normalized EBITDA": NaN,
        "Total Unusual Items": NaN,
        "Total Unusual Items Excluding Goodwill": NaN,
        "Net Income From Continuing Operation Net Minority Interest": NaN,
        "Reconciled Depreciation": NaN,
        "Reconciled Cost Of Revenue": NaN,
        "EBITDA": NaN,
        "EBIT": NaN,
        "Net Interest Income": NaN,
        "Interest Expense": NaN,
        "Normalized Income": NaN,
        "Net Income From Continuing And Discontinued Operation": NaN,
        "Total Expenses": NaN,
        "Total Operating Income As Reported": NaN,
        "Diluted Average Shares": NaN,
        "Basic Average Shares": NaN,
        "Diluted EPS": NaN,
        "Basic EPS": NaN,
        "Diluted NI Availto Com Stockholders": NaN,
        "Average Dilution Earnings": NaN,
        "Net Income Common Stockholders": NaN,
        "Otherunder Preferred Stock Dividend": 0.0,
        "Net Income": NaN,
        "Net Income Including Noncontrolling Interests": NaN,
        "Net Income Continuous Operations": NaN,
        "Tax Provision": NaN,
        "Pretax Income": NaN,
        "Other Income Expense": NaN,
        "Other Non Operating Income Expenses": NaN,
        "Special Income Charges": NaN,
        "Other Special Charges": NaN,
        "Restructuring And Mergern Acquisition": NaN,
        "Gain On Sale Of Security": NaN,
        "Net Non Operating Interest Income Expense": NaN,
        "Interest Expense Non Operating": NaN,
        "Operating Income": NaN,
        "Operating Expense": NaN,
        "Research And Development": NaN,
        "Selling General And Administration": NaN,
        "Selling And Marketing Expense": NaN,
        "General And Administrative Expense": NaN,
        "Other Gand A": NaN,
        "Gross Profit": NaN,
        "Cost Of Revenue": NaN,
        "Total Revenue": NaN,
        "Operating Revenue": NaN
    },
    "2023-03-31": {
        "Tax Effect Of Unusual Items": NaN,
        "Tax Rate For Calcs": NaN,
        "Normalized EBITDA": NaN,
        "Total Unusual Items": NaN,
        "Total Unusual Items Excluding Goodwill": NaN,
        "Net Income From Continuing Operation Net Minority Interest": NaN,
        "Reconciled Depreciation": NaN,
        "Reconciled Cost Of Revenue": NaN,
        "EBITDA": NaN,
        "EBIT": NaN,
        "Net Interest Income": NaN,
        "Interest Expense": NaN,
        "Normalized Income": NaN,
        "Net Income From Continuing And Discontinued Operation": NaN,
        "Total Expenses": NaN,
        "Total Operating Income As Reported": NaN,
        "Diluted Average Shares": NaN,
        "Basic Average Shares": NaN,
        "Diluted EPS": NaN,
        "Basic EPS": NaN,
        "Diluted NI Availto Com Stockholders": NaN,
        "Average Dilution Earnings": NaN,
        "Net Income Common Stockholders": NaN,
        "Otherunder Preferred Stock Dividend": 0.0,
        "Net Income": NaN,
        "Net Income Including Noncontrolling Interests": NaN,
        "Net Income Continuous Operations": NaN,
        "Tax Provision": NaN,
        "Pretax Income": NaN,
        "Other Income Expense": NaN,
        "Other Non Operating Income Expenses": NaN,
        "Special Income Charges": NaN,
        "Other Special Charges": 0.0,
        "Restructuring And Mergern Acquisition": NaN,
        "Gain On Sale Of Security": NaN,
        "Net Non Operating Interest Income Expense": NaN,
        "Interest Expense Non Operating": NaN,
        "Operating Income": NaN,
        "Operating Expense": NaN,
        "Research And Development": NaN,
        "Selling General And Administration": NaN,
        "Selling And Marketing Expense": NaN,
        "General And Administrative Expense": NaN,
        "Other Gand A": NaN,
        "Gross Profit": NaN,
        "Cost Of Revenue": NaN,
        "Total Revenue": NaN,
        "Operating Revenue": NaN
    },
    "2022-12-31": {
        "Tax Effect Of Unusual Items": NaN,
        "Tax Rate For Calcs": NaN,
        "Normalized EBITDA": NaN,
        "Total Unusual Items": NaN,
        "Total Unusual Items Excluding Goodwill": NaN,
        "Net Income From Continuing Operation Net Minority Interest": NaN,
        "Reconciled Depreciation": NaN,
        "Reconciled Cost Of Revenue": NaN,
        "EBITDA": NaN,
        "EBIT": NaN,
        "Net Interest Income": NaN,
        "Interest Expense": NaN,
        "Normalized Income": NaN,
        "Net Income From Continuing And Discontinued Operation": NaN,
        "Total Expenses": NaN,
        "Total Operating Income As Reported": NaN,
        "Diluted Average Shares": NaN,
        "Basic Average Shares": NaN,
        "Diluted EPS": NaN,
        "Basic EPS": NaN,
        "Diluted NI Availto Com Stockholders": NaN,
        "Average Dilution Earnings": 0.0,
        "Net Income Common Stockholders": NaN,
        "Otherunder Preferred Stock Dividend": 0.0,
        "Net Income": NaN,
        "Net Income Including Noncontrolling Interests": NaN,
        "Net Income Continuous Operations": NaN,
        "Tax Provision": NaN,
        "Pretax Income": NaN,
        "Other Income Expense": NaN,
        "Other Non Operating Income Expenses": NaN,
        "Special Income Charges": NaN,
        "Other Special Charges": NaN,
        "Restructuring And Mergern Acquisition": NaN,
        "Gain On Sale Of Security": NaN,
        "Net Non Operating Interest Income Expense": NaN,
        "Interest Expense Non Operating": NaN,
        "Operating Income": NaN,
        "Operating Expense": NaN,
        "Research And Development": NaN,
        "Selling General And Administration": NaN,
        "Selling And Marketing Expense": NaN,
        "General And Administrative Expense": NaN,
        "Other Gand A": NaN,
        "Gross Profit": NaN,
        "Cost Of Revenue": NaN,
        "Total Revenue": NaN,
        "Operating Revenue": NaN
    },
    "2024-03-31": {
        "Tax Effect Of Unusual Items": -100971.422801,
        "Tax Rate For Calcs": 0.043522,
        "Normalized EBITDA": -11669000.0,
        "Total Unusual Items": -2320000.0,
        "Total Unusual Items Excluding Goodwill": -2320000.0,
        "Net Income From Continuing Operation Net Minority Interest": -18944000.0,
        "Reconciled Depreciation": 1720000.0,
        "Reconciled Cost Of Revenue": 44168000.0,
        "EBITDA": -13989000.0,
        "EBIT": -15709000.0,
        "Net Interest Income": -4097000.0,
        "Interest Expense": 4097000.0,
        "Normalized Income": -16724971.422801,
        "Net Income From Continuing And Discontinued Operation": -18944000.0,
        "Total Expenses": 85193000.0,
        "Total Operating Income As Reported": -13808000.0,
        "Diluted Average Shares": NaN,
        "Basic Average Shares": NaN,
        "Diluted EPS": NaN,
        "Basic EPS": NaN,
        "Diluted NI Availto Com Stockholders": -18944000.0,
        "Average Dilution Earnings": NaN,
        "Net Income Common Stockholders": -18944000.0,
        "Otherunder Preferred Stock Dividend": NaN,
        "Net Income": -18944000.0,
        "Net Income Including Noncontrolling Interests": -18944000.0,
        "Net Income Continuous Operations": -18944000.0,
        "Tax Provision": -862000.0,
        "Pretax Income": -19806000.0,
        "Other Income Expense": -2017000.0,
        "Other Non Operating Income Expenses": 303000.0,
        "Special Income Charges": -116000.0,
        "Other Special Charges": NaN,
        "Restructuring And Mergern Acquisition": 116000.0,
        "Gain On Sale Of Security": -2204000.0,
        "Net Non Operating Interest Income Expense": -4097000.0,
        "Interest Expense Non Operating": 4097000.0,
        "Operating Income": -13692000.0,
        "Operating Expense": 41025000.0,
        "Research And Development": 9218000.0,
        "Selling General And Administration": 31807000.0,
        "Selling And Marketing Expense": 15093000.0,
        "General And Administrative Expense": 16714000.0,
        "Other Gand A": 16714000.0,
        "Gross Profit": 27333000.0,
        "Cost Of Revenue": 44168000.0,
        "Total Revenue": 71501000.0,
        "Operating Revenue": 71501000.0
    },
    "2023-12-31": {
        "Tax Effect Of Unusual Items": NaN,
        "Tax Rate For Calcs": NaN,
        "Normalized EBITDA": NaN,
        "Total Unusual Items": NaN,
        "Total Unusual Items Excluding Goodwill": NaN,
        "Net Income From Continuing Operation Net Minority Interest": NaN,
        "Reconciled Depreciation": NaN,
        "Reconciled Cost Of Revenue": NaN,
        "EBITDA": NaN,
        "EBIT": NaN,
        "Net Interest Income": NaN,
        "Interest Expense": NaN,
        "Normalized Income": NaN,
        "Net Income From Continuing And Discontinued Operation": NaN,
        "Total Expenses": NaN,
        "Total Operating Income As Reported": NaN,
        "Diluted Average Shares": 4751000.0,
        "Basic Average Shares": 4751000.0,
        "Diluted EPS": -2.08,
        "Basic EPS": -2.08,
        "Diluted NI Availto Com Stockholders": NaN,
        "Average Dilution Earnings": 0.0,
        "Net Income Common Stockholders": NaN,
        "Otherunder Preferred Stock Dividend": NaN,
        "Net Income": NaN,
        "Net Income Including Noncontrolling Interests": NaN,
        "Net Income Continuous Operations": NaN,
        "Tax Provision": NaN,
        "Pretax Income": NaN,
        "Other Income Expense": NaN,
        "Other Non Operating Income Expenses": NaN,
        "Special Income Charges": NaN,
        "Other Special Charges": NaN,
        "Restructuring And Mergern Acquisition": NaN,
        "Gain On Sale Of Security": NaN,
        "Net Non Operating Interest Income Expense": NaN,
        "Interest Expense Non Operating": NaN,
        "Operating Income": NaN,
        "Operating Expense": NaN,
        "Research And Development": NaN,
        "Selling General And Administration": NaN,
        "Selling And Marketing Expense": NaN,
        "General And Administrative Expense": NaN,
        "Other Gand A": NaN,
        "Gross Profit": NaN,
        "Cost Of Revenue": NaN,
        "Total Revenue": NaN,
        "Operating Revenue": NaN
    },
    "2023-09-30": {
        "Tax Effect Of Unusual Items": NaN,
        "Tax Rate For Calcs": NaN,
        "Normalized EBITDA": NaN,
        "Total Unusual Items": NaN,
        "Total Unusual Items Excluding Goodwill": NaN,
        "Net Income From Continuing Operation Net Minority Interest": NaN,
        "Reconciled Depreciation": NaN,
        "Reconciled Cost Of Revenue": NaN,
        "EBITDA": NaN,
        "EBIT": NaN,
        "Net Interest Income": NaN,
        "Interest Expense": NaN,
        "Normalized Income": NaN,
        "Net Income From Continuing And Discontinued Operation": NaN,
        "Total Expenses": NaN,
        "Total Operating Income As Reported": NaN,
        "Diluted Average Shares": 4751000.0,
        "Basic Average Shares": 4751000.0,
        "Diluted EPS": -0.7,
        "Basic EPS": -0.7,
        "Diluted NI Availto Com Stockholders": NaN,
        "Average Dilution Earnings": NaN,
        "Net Income Common Stockholders": NaN,
        "Otherunder Preferred Stock Dividend": 0.0,
        "Net Income": NaN,
        "Net Income Including Noncontrolling Interests": NaN,
        "Net Income Continuous Operations": NaN,
        "Tax Provision": NaN,
        "Pretax Income": NaN,
        "Other Income Expense": NaN,
        "Other Non Operating Income Expenses": NaN,
        "Special Income Charges": NaN,
        "Other Special Charges": NaN,
        "Restructuring And Mergern Acquisition": NaN,
        "Gain On Sale Of Security": NaN,
        "Net Non Operating Interest Income Expense": NaN,
        "Interest Expense Non Operating": NaN,
        "Operating Income": NaN,
        "Operating Expense": NaN,
        "Research And Development": NaN,
        "Selling General And Administration": NaN,
        "Selling And Marketing Expense": NaN,
        "General And Administrative Expense": NaN,
        "Other Gand A": NaN,
        "Gross Profit": NaN,
        "Cost Of Revenue": NaN,
        "Total Revenue": NaN,
        "Operating Revenue": NaN
    },
    "2024-09-30": {
        "Tax Effect Of Unusual Items": 180390.0,
        "Tax Rate For Calcs": 0.21,
        "Normalized EBITDA": -6318000.0,
        "Total Unusual Items": 859000.0,
        "Total Unusual Items Excluding Goodwill": 859000.0,
        "Net Income From Continuing Operation Net Minority Interest": -13527000.0,
        "Reconciled Depreciation": 1567000.0,
        "Reconciled Cost Of Revenue": 41201000.0,
        "EBITDA": -5459000.0,
        "EBIT": -7026000.0,
        "Net Interest Income": -6131000.0,
        "Interest Expense": 6131000.0,
        "Normalized Income": -14205610.0,
        "Net Income From Continuing And Discontinued Operation": -13527000.0,
        "Total Expenses": 77020000.0,
        "Total Operating Income As Reported": -6934000.0,
        "Diluted Average Shares": 4793000.0,
        "Basic Average Shares": 4793000.0,
        "Diluted EPS": -2.82,
        "Basic EPS": -2.82,
        "Diluted NI Availto Com Stockholders": -13527000.0,
        "Average Dilution Earnings": NaN,
        "Net Income Common Stockholders": -13527000.0,
        "Otherunder Preferred Stock Dividend": NaN,
        "Net Income": -13527000.0,
        "Net Income Including Noncontrolling Interests": -13527000.0,
        "Net Income Continuous Operations": -13527000.0,
        "Tax Provision": 370000.0,
        "Pretax Income": -13157000.0,
        "Other Income Expense": -475000.0,
        "Other Non Operating Income Expenses": -1334000.0,
        "Special Income Charges": -2691000.0,
        "Other Special Charges": 2308000.0,
        "Restructuring And Mergern Acquisition": 383000.0,
        "Gain On Sale Of Security": 3550000.0,
        "Net Non Operating Interest Income Expense": -6131000.0,
        "Interest Expense Non Operating": 6131000.0,
        "Operating Income": -6551000.0,
        "Operating Expense": 35819000.0,
        "Research And Development": 8264000.0,
        "Selling General And Administration": 27555000.0,
        "Selling And Marketing Expense": 13578000.0,
        "General And Administrative Expense": 13977000.0,
        "Other Gand A": 13977000.0,
        "Gross Profit": 29268000.0,
        "Cost Of Revenue": 41201000.0,
        "Total Revenue": 70469000.0,
        "Operating Revenue": 70469000.0
    },
    "2024-12-31": {
        "Tax Effect Of Unusual Items": -13224120.0,
        "Tax Rate For Calcs": 0.21,
        "Normalized EBITDA": -458000.0,
        "Total Unusual Items": -62972000.0,
        "Total Unusual Items Excluding Goodwill": -62972000.0,
        "Net Income From Continuing Operation Net Minority Interest": -71433000.0,
        "Reconciled Depreciation": 1093000.0,
        "Reconciled Cost Of Revenue": 40796000.0,
        "EBITDA": -63430000.0,
        "EBIT": -64523000.0,
        "Net Interest Income": -6840000.0,
        "Interest Expense": 6840000.0,
        "Normalized Income": -21685120.0,
        "Net Income From Continuing And Discontinued Operation": -71433000.0,
        "Total Expenses": 75069000.0,
        "Total Operating Income As Reported": -3860000.0,
        "Diluted Average Shares": 4907000.0,
        "Basic Average Shares": 4907000.0,
        "Diluted EPS": -14.56,
        "Basic EPS": -14.56,
        "Diluted NI Availto Com Stockholders": -71433000.0,
        "Average Dilution Earnings": NaN,
        "Net Income Common Stockholders": -71433000.0,
        "Otherunder Preferred Stock Dividend": NaN,
        "Net Income": -71433000.0,
        "Net Income Including Noncontrolling Interests": -71433000.0,
        "Net Income Continuous Operations": -71433000.0,
        "Tax Provision": 70000.0,
        "Pretax Income": -71363000.0,
        "Other Income Expense": -62005000.0,
        "Other Non Operating Income Expenses": 967000.0,
        "Special Income Charges": -1342000.0,
        "Other Special Charges": NaN,
        "Restructuring And Mergern Acquisition": 1342000.0,
        "Gain On Sale Of Security": -61630000.0,
        "Net Non Operating Interest Income Expense": -6840000.0,
        "Interest Expense Non Operating": 6840000.0,
        "Operating Income": -2518000.0,
        "Operating Expense": 34273000.0,
        "Research And Development": 7683000.0,
        "Selling General And Administration": 26590000.0,
        "Selling And Marketing Expense": 12448000.0,
        "General And Administrative Expense": 14142000.0,
        "Other Gand A": 14142000.0,
        "Gross Profit": 31755000.0,
        "Cost Of Revenue": 40796000.0,
        "Total Revenue": 72551000.0,
        "Operating Revenue": 72551000.0
    },
    "2025-03-31": {
        "Tax Effect Of Unusual Items": 2093700.0,
        "Tax Rate For Calcs": 0.21,
        "Normalized EBITDA": -11131000.0,
        "Total Unusual Items": 9970000.0,
        "Total Unusual Items Excluding Goodwill": 9970000.0,
        "Net Income From Continuing Operation Net Minority Interest": -9311000.0,
        "Reconciled Depreciation": 1158000.0,
        "Reconciled Cost Of Revenue": 37021000.0,
        "EBITDA": -1161000.0,
        "EBIT": -2319000.0,
        "Net Interest Income": -6846000.0,
        "Interest Expense": 6846000.0,
        "Normalized Income": -17187300.0,
        "Net Income From Continuing And Discontinued Operation": -9311000.0,
        "Total Expenses": 71681000.0,
        "Total Operating Income As Reported": -13161000.0,
        "Diluted Average Shares": NaN,
        "Basic Average Shares": NaN,
        "Diluted EPS": NaN,
        "Basic EPS": NaN,
        "Diluted NI Availto Com Stockholders": -9311000.0,
        "Average Dilution Earnings": NaN,
        "Net Income Common Stockholders": -9311000.0,
        "Otherunder Preferred Stock Dividend": NaN,
        "Net Income": -9311000.0,
        "Net Income Including Noncontrolling Interests": -9311000.0,
        "Net Income Continuous Operations": -9311000.0,
        "Tax Provision": 146000.0,
        "Pretax Income": -9165000.0,
        "Other Income Expense": 9668000.0,
        "Other Non Operating Income Expenses": -302000.0,
        "Special Income Charges": -1174000.0,
        "Other Special Charges": 0.0,
        "Restructuring And Mergern Acquisition": 1174000.0,
        "Gain On Sale Of Security": 11144000.0,
        "Net Non Operating Interest Income Expense": -6846000.0,
        "Interest Expense Non Operating": 6846000.0,
        "Operating Income": -11987000.0,
        "Operating Expense": 34660000.0,
        "Research And Development": 6886000.0,
        "Selling General And Administration": 27774000.0,
        "Selling And Marketing Expense": 12999000.0,
        "General And Administrative Expense": 14775000.0,
        "Other Gand A": 14775000.0,
        "Gross Profit": 22673000.0,
        "Cost Of Revenue": 37021000.0,
        "Total Revenue": 59694000.0,
        "Operating Revenue": 59694000.0
    }
}