{
    "2024-03-31": {
        "Tax Effect Of Unusual Items": 0.0,
        "Tax Rate For Calcs": 0.0,
        "Normalized EBITDA": -1960548.0,
        "Total Unusual Items": 1678.0,
        "Total Unusual Items Excluding Goodwill": 1678.0,
        "Net Income From Continuing Operation Net Minority Interest": -1903375.0,
        "Reconciled Depreciation": 120141.0,
        "EBITDA": -1958870.0,
        "EBIT": -2079011.0,
        "Net Interest Income": 160110.0,
        "Interest Expense": 12414.0,
        "Interest Income": 172524.0,
        "Normalized Income": -1905053.0,
        "Net Income From Continuing And Discontinued Operation": -1903375.0,
        "Total Expenses": 2253213.0,
        "Total Operating Income As Reported": -2257356.0,
        "Diluted Average Shares": 610035.0,
        "Basic Average Shares": 610035.0,
        "Diluted EPS": -3.25,
        "Basic EPS": -3.25,
        "Diluted NI Availto Com Stockholders": -1903375.0,
        "Net Income Common Stockholders": -1903375.0,
        "Net Income": -1903375.0,
        "Minority Interests": 188050.0,
        "Net Income Including Noncontrolling Interests": -2091425.0,
        "Net Income Discontinuous Operations": NaN,
        "Net Income Continuous Operations": -2091425.0,
        "Pretax Income": -2091425.0,
        "Other Income Expense": 1678.0,
        "Other Non Operating Income Expenses": NaN,
        "Special Income Charges": -17476.0,
        "Other Special Charges": 17476.0,
        "Write Off": 0.0,
        "Impairment Of Capital Assets": NaN,
        "Gain On Sale Of Security": 19154.0,
        "Net Non Operating Interest Income Expense": 160110.0,
        "Total Other Finance Cost": NaN,
        "Interest Expense Non Operating": 12414.0,
        "Interest Income Non Operating": 172524.0,
        "Operating Income": -2253213.0,
        "Operating Expense": 2253213.0,
        "Depreciation Amortization Depletion Income Statement": 120141.0,
        "Depreciation And Amortization In Income Statement": 120141.0,
        "Research And Development": 160260.0,
        "Selling General And Administration": 1972812.0,
        "General And Administrative Expense": 1972812.0,
        "Other Gand A": 1535617.0,
        "Salaries And Wages": 437195.0,
        "Total Revenue": 0.0,
        "Operating Revenue": 0.0
    },
    "2023-12-31": {
        "Tax Effect Of Unusual Items": 0.0,
        "Tax Rate For Calcs": 0.0,
        "Normalized EBITDA": -1625353.0,
        "Total Unusual Items": 96016.0,
        "Total Unusual Items Excluding Goodwill": 96016.0,
        "Net Income From Continuing Operation Net Minority Interest": -1323157.0,
        "Reconciled Depreciation": 122217.0,
        "EBITDA": -1529337.0,
        "EBIT": -1651554.0,
        "Net Interest Income": 153779.0,
        "Interest Expense": 12.0,
        "Interest Income": 153791.0,
        "Normalized Income": -1419173.0,
        "Net Income From Continuing And Discontinued Operation": -1323157.0,
        "Total Expenses": 1901361.0,
        "Total Operating Income As Reported": -1801126.0,
        "Diluted Average Shares": NaN,
        "Basic Average Shares": NaN,
        "Diluted EPS": NaN,
        "Basic EPS": NaN,
        "Diluted NI Availto Com Stockholders": -1323157.0,
        "Net Income Common Stockholders": -1323157.0,
        "Net Income": -1323157.0,
        "Minority Interests": NaN,
        "Net Income Including Noncontrolling Interests": -1651566.0,
        "Net Income Discontinuous Operations": 0.0,
        "Net Income Continuous Operations": -1651566.0,
        "Pretax Income": -1651566.0,
        "Other Income Expense": 96016.0,
        "Other Non Operating Income Expenses": 0.0,
        "Special Income Charges": -236186.0,
        "Other Special Charges": NaN,
        "Write Off": NaN,
        "Impairment Of Capital Assets": 236186.0,
        "Gain On Sale Of Security": 332202.0,
        "Net Non Operating Interest Income Expense": 153779.0,
        "Total Other Finance Cost": NaN,
        "Interest Expense Non Operating": 12.0,
        "Interest Income Non Operating": 153791.0,
        "Operating Income": -1901361.0,
        "Operating Expense": 1901361.0,
        "Depreciation Amortization Depletion Income Statement": 122217.0,
        "Depreciation And Amortization In Income Statement": 122217.0,
        "Research And Development": -29961.0,
        "Selling General And Administration": 1809105.0,
        "General And Administrative Expense": 1809105.0,
        "Other Gand A": -145366.0,
        "Salaries And Wages": 1954471.0,
        "Total Revenue": 0.0,
        "Operating Revenue": 0.0
    },
    "2023-09-30": {
        "Tax Effect Of Unusual Items": NaN,
        "Tax Rate For Calcs": NaN,
        "Normalized EBITDA": NaN,
        "Total Unusual Items": NaN,
        "Total Unusual Items Excluding Goodwill": NaN,
        "Net Income From Continuing Operation Net Minority Interest": NaN,
        "Reconciled Depreciation": NaN,
        "EBITDA": NaN,
        "EBIT": NaN,
        "Net Interest Income": NaN,
        "Interest Expense": NaN,
        "Interest Income": NaN,
        "Normalized Income": NaN,
        "Net Income From Continuing And Discontinued Operation": NaN,
        "Total Expenses": NaN,
        "Total Operating Income As Reported": NaN,
        "Diluted Average Shares": 602962.0,
        "Basic Average Shares": 602962.0,
        "Diluted EPS": -1.757719,
        "Basic EPS": -1.757719,
        "Diluted NI Availto Com Stockholders": NaN,
        "Net Income Common Stockholders": NaN,
        "Net Income": NaN,
        "Minority Interests": 71362.0,
        "Net Income Including Noncontrolling Interests": NaN,
        "Net Income Discontinuous Operations": 0.0,
        "Net Income Continuous Operations": NaN,
        "Pretax Income": NaN,
        "Other Income Expense": NaN,
        "Other Non Operating Income Expenses": 2012093.0,
        "Special Income Charges": NaN,
        "Other Special Charges": NaN,
        "Write Off": 0.0,
        "Impairment Of Capital Assets": 0.0,
        "Gain On Sale Of Security": NaN,
        "Net Non Operating Interest Income Expense": NaN,
        "Total Other Finance Cost": -380.0,
        "Interest Expense Non Operating": NaN,
        "Interest Income Non Operating": NaN,
        "Operating Income": NaN,
        "Operating Expense": NaN,
        "Depreciation Amortization Depletion Income Statement": NaN,
        "Depreciation And Amortization In Income Statement": NaN,
        "Research And Development": NaN,
        "Selling General And Administration": NaN,
        "General And Administrative Expense": NaN,
        "Other Gand A": NaN,
        "Salaries And Wages": NaN,
        "Total Revenue": NaN,
        "Operating Revenue": NaN
    },
    "2023-06-30": {
        "Tax Effect Of Unusual Items": NaN,
        "Tax Rate For Calcs": NaN,
        "Normalized EBITDA": NaN,
        "Total Unusual Items": NaN,
        "Total Unusual Items Excluding Goodwill": NaN,
        "Net Income From Continuing Operation Net Minority Interest": NaN,
        "Reconciled Depreciation": NaN,
        "EBITDA": NaN,
        "EBIT": NaN,
        "Net Interest Income": NaN,
        "Interest Expense": 0.0,
        "Interest Income": NaN,
        "Normalized Income": NaN,
        "Net Income From Continuing And Discontinued Operation": NaN,
        "Total Expenses": NaN,
        "Total Operating Income As Reported": NaN,
        "Diluted Average Shares": 603603.0,
        "Basic Average Shares": 603603.0,
        "Diluted EPS": -9.1,
        "Basic EPS": -9.1,
        "Diluted NI Availto Com Stockholders": NaN,
        "Net Income Common Stockholders": NaN,
        "Net Income": NaN,
        "Minority Interests": 0.0,
        "Net Income Including Noncontrolling Interests": NaN,
        "Net Income Discontinuous Operations": 0.0,
        "Net Income Continuous Operations": NaN,
        "Pretax Income": NaN,
        "Other Income Expense": NaN,
        "Other Non Operating Income Expenses": 2926922.0,
        "Special Income Charges": NaN,
        "Other Special Charges": NaN,
        "Write Off": 3839523.0,
        "Impairment Of Capital Assets": 3839523.0,
        "Gain On Sale Of Security": NaN,
        "Net Non Operating Interest Income Expense": NaN,
        "Total Other Finance Cost": NaN,
        "Interest Expense Non Operating": 0.0,
        "Interest Income Non Operating": NaN,
        "Operating Income": NaN,
        "Operating Expense": NaN,
        "Depreciation Amortization Depletion Income Statement": NaN,
        "Depreciation And Amortization In Income Statement": NaN,
        "Research And Development": NaN,
        "Selling General And Administration": NaN,
        "General And Administrative Expense": NaN,
        "Other Gand A": NaN,
        "Salaries And Wages": NaN,
        "Total Revenue": NaN,
        "Operating Revenue": NaN
    },
    "2023-03-31": {
        "Tax Effect Of Unusual Items": NaN,
        "Tax Rate For Calcs": NaN,
        "Normalized EBITDA": NaN,
        "Total Unusual Items": NaN,
        "Total Unusual Items Excluding Goodwill": NaN,
        "Net Income From Continuing Operation Net Minority Interest": NaN,
        "Reconciled Depreciation": NaN,
        "EBITDA": NaN,
        "EBIT": NaN,
        "Net Interest Income": NaN,
        "Interest Expense": NaN,
        "Interest Income": NaN,
        "Normalized Income": NaN,
        "Net Income From Continuing And Discontinued Operation": NaN,
        "Total Expenses": NaN,
        "Total Operating Income As Reported": NaN,
        "Diluted Average Shares": NaN,
        "Basic Average Shares": NaN,
        "Diluted EPS": NaN,
        "Basic EPS": NaN,
        "Diluted NI Availto Com Stockholders": NaN,
        "Net Income Common Stockholders": NaN,
        "Net Income": NaN,
        "Minority Interests": NaN,
        "Net Income Including Noncontrolling Interests": NaN,
        "Net Income Discontinuous Operations": 0.0,
        "Net Income Continuous Operations": NaN,
        "Pretax Income": NaN,
        "Other Income Expense": NaN,
        "Other Non Operating Income Expenses": NaN,
        "Special Income Charges": NaN,
        "Other Special Charges": NaN,
        "Write Off": NaN,
        "Impairment Of Capital Assets": 480096.0,
        "Gain On Sale Of Security": NaN,
        "Net Non Operating Interest Income Expense": NaN,
        "Total Other Finance Cost": NaN,
        "Interest Expense Non Operating": NaN,
        "Interest Income Non Operating": NaN,
        "Operating Income": NaN,
        "Operating Expense": NaN,
        "Depreciation Amortization Depletion Income Statement": NaN,
        "Depreciation And Amortization In Income Statement": NaN,
        "Research And Development": NaN,
        "Selling General And Administration": NaN,
        "General And Administrative Expense": NaN,
        "Other Gand A": NaN,
        "Salaries And Wages": NaN,
        "Total Revenue": NaN,
        "Operating Revenue": NaN
    },
    "2022-12-31": {
        "Tax Effect Of Unusual Items": NaN,
        "Tax Rate For Calcs": NaN,
        "Normalized EBITDA": NaN,
        "Total Unusual Items": NaN,
        "Total Unusual Items Excluding Goodwill": NaN,
        "Net Income From Continuing Operation Net Minority Interest": NaN,
        "Reconciled Depreciation": NaN,
        "EBITDA": NaN,
        "EBIT": NaN,
        "Net Interest Income": NaN,
        "Interest Expense": NaN,
        "Interest Income": NaN,
        "Normalized Income": NaN,
        "Net Income From Continuing And Discontinued Operation": NaN,
        "Total Expenses": NaN,
        "Total Operating Income As Reported": NaN,
        "Diluted Average Shares": NaN,
        "Basic Average Shares": NaN,
        "Diluted EPS": NaN,
        "Basic EPS": NaN,
        "Diluted NI Availto Com Stockholders": NaN,
        "Net Income Common Stockholders": NaN,
        "Net Income": NaN,
        "Minority Interests": NaN,
        "Net Income Including Noncontrolling Interests": NaN,
        "Net Income Discontinuous Operations": 0.0,
        "Net Income Continuous Operations": NaN,
        "Pretax Income": NaN,
        "Other Income Expense": NaN,
        "Other Non Operating Income Expenses": -506.0,
        "Special Income Charges": NaN,
        "Other Special Charges": NaN,
        "Write Off": NaN,
        "Impairment Of Capital Assets": NaN,
        "Gain On Sale Of Security": NaN,
        "Net Non Operating Interest Income Expense": NaN,
        "Total Other Finance Cost": NaN,
        "Interest Expense Non Operating": NaN,
        "Interest Income Non Operating": NaN,
        "Operating Income": NaN,
        "Operating Expense": NaN,
        "Depreciation Amortization Depletion Income Statement": NaN,
        "Depreciation And Amortization In Income Statement": NaN,
        "Research And Development": NaN,
        "Selling General And Administration": NaN,
        "General And Administrative Expense": NaN,
        "Other Gand A": NaN,
        "Salaries And Wages": NaN,
        "Total Revenue": NaN,
        "Operating Revenue": NaN
    },
    "2024-06-30": {
        "Tax Effect Of Unusual Items": 0.0,
        "Tax Rate For Calcs": 0.0,
        "Normalized EBITDA": -3229654.0,
        "Total Unusual Items": 22325.0,
        "Total Unusual Items Excluding Goodwill": 22325.0,
        "Net Income From Continuing Operation Net Minority Interest": -3111916.0,
        "Reconciled Depreciation": 136813.0,
        "EBITDA": -3207329.0,
        "EBIT": -3344142.0,
        "Net Interest Income": 96067.0,
        "Interest Expense": 8357.0,
        "Interest Income": 104424.0,
        "Normalized Income": -3134241.0,
        "Net Income From Continuing And Discontinued Operation": -3111916.0,
        "Total Expenses": 3470891.0,
        "Total Operating Income As Reported": -3456606.0,
        "Diluted Average Shares": 641165.0,
        "Basic Average Shares": 641165.0,
        "Diluted EPS": -5.2,
        "Basic EPS": -5.2,
        "Diluted NI Availto Com Stockholders": -3111916.0,
        "Net Income Common Stockholders": -3111916.0,
        "Net Income": -3111916.0,
        "Minority Interests": 240583.0,
        "Net Income Including Noncontrolling Interests": -3352499.0,
        "Net Income Discontinuous Operations": NaN,
        "Net Income Continuous Operations": -3352499.0,
        "Pretax Income": -3352499.0,
        "Other Income Expense": 22325.0,
        "Other Non Operating Income Expenses": NaN,
        "Special Income Charges": 0.0,
        "Other Special Charges": NaN,
        "Write Off": 0.0,
        "Impairment Of Capital Assets": NaN,
        "Gain On Sale Of Security": 22325.0,
        "Net Non Operating Interest Income Expense": 96067.0,
        "Total Other Finance Cost": NaN,
        "Interest Expense Non Operating": 8357.0,
        "Interest Income Non Operating": 104424.0,
        "Operating Income": -3470891.0,
        "Operating Expense": 3470891.0,
        "Depreciation Amortization Depletion Income Statement": 136813.0,
        "Depreciation And Amortization In Income Statement": 136813.0,
        "Research And Development": 897986.0,
        "Selling General And Administration": 2436092.0,
        "General And Administrative Expense": 2436092.0,
        "Other Gand A": 1887881.0,
        "Salaries And Wages": 548211.0,
        "Total Revenue": 0.0,
        "Operating Revenue": 0.0
    },
    "2024-09-30": {
        "Tax Effect Of Unusual Items": 0.0,
        "Tax Rate For Calcs": 0.0,
        "Normalized EBITDA": -3788436.0,
        "Total Unusual Items": -95706.0,
        "Total Unusual Items Excluding Goodwill": -95706.0,
        "Net Income From Continuing Operation Net Minority Interest": -3827170.0,
        "Reconciled Depreciation": 120814.0,
        "EBITDA": -3884142.0,
        "EBIT": -4004956.0,
        "Net Interest Income": 153497.0,
        "Interest Expense": 10371.0,
        "Interest Income": 163868.0,
        "Normalized Income": -3731464.0,
        "Net Income From Continuing And Discontinued Operation": -3827170.0,
        "Total Expenses": 4073118.0,
        "Total Operating Income As Reported": -4181070.0,
        "Diluted Average Shares": 917848.0,
        "Basic Average Shares": 917848.0,
        "Diluted EPS": -4.169721,
        "Basic EPS": -4.169721,
        "Diluted NI Availto Com Stockholders": -3827170.0,
        "Net Income Common Stockholders": -3827170.0,
        "Net Income": -3827170.0,
        "Minority Interests": 188157.0,
        "Net Income Including Noncontrolling Interests": -4015327.0,
        "Net Income Discontinuous Operations": NaN,
        "Net Income Continuous Operations": -4015327.0,
        "Pretax Income": -4015327.0,
        "Other Income Expense": -95706.0,
        "Other Non Operating Income Expenses": NaN,
        "Special Income Charges": 12320.0,
        "Other Special Charges": -12320.0,
        "Write Off": 0.0,
        "Impairment Of Capital Assets": NaN,
        "Gain On Sale Of Security": -108026.0,
        "Net Non Operating Interest Income Expense": 153497.0,
        "Total Other Finance Cost": NaN,
        "Interest Expense Non Operating": 10371.0,
        "Interest Income Non Operating": 163868.0,
        "Operating Income": -4073118.0,
        "Operating Expense": 4073118.0,
        "Depreciation Amortization Depletion Income Statement": 120814.0,
        "Depreciation And Amortization In Income Statement": 120814.0,
        "Research And Development": 744802.0,
        "Selling General And Administration": 3207502.0,
        "General And Administrative Expense": 3207502.0,
        "Other Gand A": 1732261.0,
        "Salaries And Wages": 1475241.0,
        "Total Revenue": 0.0,
        "Operating Revenue": 0.0
    },
    "2024-12-31": {
        "Tax Effect Of Unusual Items": 0.0,
        "Tax Rate For Calcs": 0.0,
        "Normalized EBITDA": -5837945.0,
        "Total Unusual Items": 510905.0,
        "Total Unusual Items Excluding Goodwill": 510905.0,
        "Net Income From Continuing Operation Net Minority Interest": -5360263.0,
        "Reconciled Depreciation": 112803.0,
        "EBITDA": -5327040.0,
        "EBIT": -5439843.0,
        "Net Interest Income": 115640.0,
        "Interest Expense": 16435.0,
        "Interest Income": 132075.0,
        "Normalized Income": -5871168.0,
        "Net Income From Continuing And Discontinued Operation": -5360263.0,
        "Total Expenses": 6086812.0,
        "Total Operating Income As Reported": -6241228.0,
        "Diluted Average Shares": NaN,
        "Basic Average Shares": NaN,
        "Diluted EPS": NaN,
        "Basic EPS": NaN,
        "Diluted NI Availto Com Stockholders": -5360263.0,
        "Net Income Common Stockholders": -5360263.0,
        "Net Income": -5360263.0,
        "Minority Interests": 96015.0,
        "Net Income Including Noncontrolling Interests": -5456278.0,
        "Net Income Discontinuous Operations": NaN,
        "Net Income Continuous Operations": -5456278.0,
        "Pretax Income": -5456278.0,
        "Other Income Expense": 514894.0,
        "Other Non Operating Income Expenses": NaN,
        "Special Income Charges": 737573.0,
        "Other Special Charges": -737573.0,
        "Write Off": NaN,
        "Impairment Of Capital Assets": NaN,
        "Gain On Sale Of Security": -226668.0,
        "Net Non Operating Interest Income Expense": 115640.0,
        "Total Other Finance Cost": NaN,
        "Interest Expense Non Operating": 16435.0,
        "Interest Income Non Operating": 132075.0,
        "Operating Income": -6086812.0,
        "Operating Expense": 6086812.0,
        "Depreciation Amortization Depletion Income Statement": 112803.0,
        "Depreciation And Amortization In Income Statement": 112803.0,
        "Research And Development": 4280330.0,
        "Selling General And Administration": 1693679.0,
        "General And Administrative Expense": 1693679.0,
        "Other Gand A": 1343748.0,
        "Salaries And Wages": 349931.0,
        "Total Revenue": 0.0,
        "Operating Revenue": 0.0
    }
}