{
    "2023-03-31": {
        "Tax Effect Of Unusual Items": NaN,
        "Tax Rate For Calcs": NaN,
        "Normalized EBITDA": NaN,
        "Total Unusual Items": NaN,
        "Total Unusual Items Excluding Goodwill": NaN,
        "Net Income From Continuing Operation Net Minority Interest": NaN,
        "Reconciled Depreciation": NaN,
        "Reconciled Cost Of Revenue": NaN,
        "EBITDA": NaN,
        "EBIT": NaN,
        "Normalized Income": NaN,
        "Net Income From Continuing And Discontinued Operation": NaN,
        "Total Expenses": NaN,
        "Total Operating Income As Reported": NaN,
        "Diluted Average Shares": 140280000.0,
        "Basic Average Shares": 140280000.0,
        "Diluted EPS": -0.17,
        "Basic EPS": -0.17,
        "Diluted NI Availto Com Stockholders": NaN,
        "Net Income Common Stockholders": NaN,
        "Net Income": NaN,
        "Net Income Including Noncontrolling Interests": NaN,
        "Net Income Continuous Operations": NaN,
        "Tax Provision": NaN,
        "Pretax Income": NaN,
        "Other Income Expense": NaN,
        "Other Non Operating Income Expenses": NaN,
        "Gain On Sale Of Security": NaN,
        "Operating Income": NaN,
        "Operating Expense": NaN,
        "Research And Development": NaN,
        "Selling General And Administration": NaN,
        "Gross Profit": NaN,
        "Cost Of Revenue": NaN,
        "Total Revenue": NaN,
        "Operating Revenue": NaN
    },
    "2022-12-31": {
        "Tax Effect Of Unusual Items": NaN,
        "Tax Rate For Calcs": NaN,
        "Normalized EBITDA": NaN,
        "Total Unusual Items": NaN,
        "Total Unusual Items Excluding Goodwill": NaN,
        "Net Income From Continuing Operation Net Minority Interest": NaN,
        "Reconciled Depreciation": NaN,
        "Reconciled Cost Of Revenue": NaN,
        "EBITDA": NaN,
        "EBIT": NaN,
        "Net Interest Income": 0.0,
        "Interest Expense": 0.0,
        "Normalized Income": NaN,
        "Net Income From Continuing And Discontinued Operation": NaN,
        "Total Expenses": NaN,
        "Total Operating Income As Reported": NaN,
        "Diluted Average Shares": NaN,
        "Basic Average Shares": NaN,
        "Diluted EPS": NaN,
        "Basic EPS": NaN,
        "Diluted NI Availto Com Stockholders": NaN,
        "Net Income Common Stockholders": NaN,
        "Net Income": NaN,
        "Net Income Including Noncontrolling Interests": NaN,
        "Net Income Continuous Operations": NaN,
        "Tax Provision": NaN,
        "Pretax Income": NaN,
        "Other Income Expense": NaN,
        "Other Non Operating Income Expenses": NaN,
        "Gain On Sale Of Security": NaN,
        "Net Non Operating Interest Income Expense": 0.0,
        "Interest Expense Non Operating": 0.0,
        "Operating Income": NaN,
        "Operating Expense": NaN,
        "Research And Development": NaN,
        "Selling General And Administration": NaN,
        "Gross Profit": NaN,
        "Cost Of Revenue": NaN,
        "Total Revenue": NaN,
        "Operating Revenue": NaN
    },
    "2022-09-30": {
        "Tax Effect Of Unusual Items": NaN,
        "Tax Rate For Calcs": NaN,
        "Normalized EBITDA": NaN,
        "Total Unusual Items": NaN,
        "Total Unusual Items Excluding Goodwill": NaN,
        "Net Income From Continuing Operation Net Minority Interest": NaN,
        "Reconciled Depreciation": NaN,
        "Reconciled Cost Of Revenue": NaN,
        "EBITDA": NaN,
        "EBIT": NaN,
        "Net Interest Income": 0.0,
        "Interest Expense": 0.0,
        "Normalized Income": NaN,
        "Net Income From Continuing And Discontinued Operation": NaN,
        "Total Expenses": NaN,
        "Total Operating Income As Reported": NaN,
        "Diluted Average Shares": NaN,
        "Basic Average Shares": NaN,
        "Diluted EPS": NaN,
        "Basic EPS": NaN,
        "Diluted NI Availto Com Stockholders": NaN,
        "Net Income Common Stockholders": NaN,
        "Net Income": NaN,
        "Net Income Including Noncontrolling Interests": NaN,
        "Net Income Continuous Operations": NaN,
        "Tax Provision": NaN,
        "Pretax Income": NaN,
        "Other Income Expense": NaN,
        "Other Non Operating Income Expenses": NaN,
        "Gain On Sale Of Security": NaN,
        "Net Non Operating Interest Income Expense": 0.0,
        "Interest Expense Non Operating": 0.0,
        "Operating Income": NaN,
        "Operating Expense": NaN,
        "Research And Development": NaN,
        "Selling General And Administration": NaN,
        "Selling And Marketing Expense": 10983000.0,
        "Gross Profit": NaN,
        "Cost Of Revenue": NaN,
        "Total Revenue": NaN,
        "Operating Revenue": NaN
    },
    "2022-06-30": {
        "Tax Effect Of Unusual Items": 0.0,
        "Tax Rate For Calcs": 0.0,
        "Normalized EBITDA": -35195000.0,
        "Total Unusual Items": 3389000.0,
        "Total Unusual Items Excluding Goodwill": 3389000.0,
        "Net Income From Continuing Operation Net Minority Interest": -32414000.0,
        "Reconciled Depreciation": 608000.0,
        "Reconciled Cost Of Revenue": NaN,
        "EBITDA": -31806000.0,
        "EBIT": -32414000.0,
        "Net Interest Income": 0.0,
        "Interest Expense": 0.0,
        "Normalized Income": -35803000.0,
        "Net Income From Continuing And Discontinued Operation": -32414000.0,
        "Total Expenses": 30200000.0,
        "Total Operating Income As Reported": -30200000.0,
        "Diluted Average Shares": 139000261.0,
        "Basic Average Shares": 139000261.0,
        "Diluted EPS": -0.23,
        "Basic EPS": -0.23,
        "Diluted NI Availto Com Stockholders": -32414000.0,
        "Net Income Common Stockholders": -32414000.0,
        "Net Income": -32414000.0,
        "Net Income Including Noncontrolling Interests": -32414000.0,
        "Net Income Continuous Operations": -32414000.0,
        "Tax Provision": 0.0,
        "Pretax Income": -32414000.0,
        "Other Income Expense": -2214000.0,
        "Other Non Operating Income Expenses": -5603000.0,
        "Special Income Charges": NaN,
        "Impairment Of Capital Assets": NaN,
        "Gain On Sale Of Security": 3389000.0,
        "Net Non Operating Interest Income Expense": 0.0,
        "Interest Expense Non Operating": 0.0,
        "Operating Income": -30200000.0,
        "Operating Expense": 30200000.0,
        "Research And Development": 18459000.0,
        "Selling General And Administration": 11741000.0,
        "Selling And Marketing Expense": 11741000.0,
        "Gross Profit": NaN,
        "Cost Of Revenue": NaN,
        "Total Revenue": 0.0,
        "Operating Revenue": 0.0
    },
    "2022-03-31": {
        "Diluted EPS": -0.25,
        "Total Revenue": NaN,
        "Gross Profit": NaN,
        "Operating Income": -27,
        "EBIT": -27,
        "Net Income": -35
    },
    "2021-12-31": {
        "Diluted EPS": 2.04,
        "Total Revenue": NaN,
        "Gross Profit": NaN,
        "Operating Income": -28,
        "EBIT": -27,
        "Net Income": -29
    },
    "2021-09-30": {
        "Diluted EPS": -0.13,
        "Total Revenue": NaN,
        "Gross Profit": NaN,
        "Operating Income": -25,
        "EBIT": -25,
        "Net Income": -18
    },
    "2021-06-30": {
        "Diluted EPS": -0.97,
        "Total Revenue": NaN,
        "Gross Profit": NaN,
        "Operating Income": -32,
        "EBIT": -32,
        "Net Income": -36
    },
    "2021-03-31": {
        "Diluted EPS": -2.13,
        "Total Revenue": NaN,
        "Gross Profit": NaN,
        "Operating Income": -12,
        "EBIT": -12,
        "Net Income": -12
    },
    "2020-12-31": {
        "Diluted EPS": 0.0,
        "Total Revenue": NaN,
        "Gross Profit": NaN,
        "Operating Income": NaN,
        "EBIT": NaN,
        "Net Income": NaN
    },
    "2020-09-30": {
        "Diluted EPS": -1.6,
        "Total Revenue": NaN,
        "Gross Profit": NaN,
        "Operating Income": -9,
        "EBIT": -8,
        "Net Income": -9
    },
    "2020-06-30": {
        "Diluted EPS": -1.53,
        "Total Revenue": NaN,
        "Gross Profit": NaN,
        "Operating Income": -8,
        "EBIT": -8,
        "Net Income": -8
    },
    "2019-12-31": {
        "Diluted EPS": 0.0,
        "Total Revenue": NaN,
        "Gross Profit": NaN,
        "Operating Income": NaN,
        "EBIT": NaN,
        "Net Income": NaN
    },
    "2023-06-30": {
        "Tax Effect Of Unusual Items": NaN,
        "Tax Rate For Calcs": NaN,
        "Normalized EBITDA": NaN,
        "Total Unusual Items": NaN,
        "Total Unusual Items Excluding Goodwill": NaN,
        "Net Income From Continuing Operation Net Minority Interest": NaN,
        "Reconciled Depreciation": NaN,
        "Reconciled Cost Of Revenue": NaN,
        "EBITDA": NaN,
        "EBIT": NaN,
        "Normalized Income": NaN,
        "Net Income From Continuing And Discontinued Operation": NaN,
        "Total Expenses": NaN,
        "Total Operating Income As Reported": NaN,
        "Diluted Average Shares": 141506818.0,
        "Basic Average Shares": 141506818.0,
        "Diluted EPS": -0.18,
        "Basic EPS": -0.18,
        "Diluted NI Availto Com Stockholders": NaN,
        "Net Income Common Stockholders": NaN,
        "Net Income": NaN,
        "Net Income Including Noncontrolling Interests": NaN,
        "Net Income Continuous Operations": NaN,
        "Tax Provision": NaN,
        "Pretax Income": NaN,
        "Other Income Expense": NaN,
        "Other Non Operating Income Expenses": NaN,
        "Gain On Sale Of Security": NaN,
        "Operating Income": NaN,
        "Operating Expense": NaN,
        "Research And Development": NaN,
        "Selling General And Administration": NaN,
        "Gross Profit": NaN,
        "Cost Of Revenue": NaN,
        "Total Revenue": NaN,
        "Operating Revenue": NaN
    },
    "2023-09-30": {
        "Tax Effect Of Unusual Items": NaN,
        "Tax Rate For Calcs": NaN,
        "Normalized EBITDA": NaN,
        "Total Unusual Items": NaN,
        "Total Unusual Items Excluding Goodwill": NaN,
        "Net Income From Continuing Operation Net Minority Interest": NaN,
        "Reconciled Depreciation": NaN,
        "Reconciled Cost Of Revenue": NaN,
        "EBITDA": NaN,
        "EBIT": NaN,
        "Normalized Income": NaN,
        "Net Income From Continuing And Discontinued Operation": NaN,
        "Total Expenses": NaN,
        "Total Operating Income As Reported": NaN,
        "Diluted Average Shares": 141660000.0,
        "Basic Average Shares": 141660000.0,
        "Diluted EPS": -0.17,
        "Basic EPS": -0.17,
        "Diluted NI Availto Com Stockholders": NaN,
        "Net Income Common Stockholders": NaN,
        "Net Income": NaN,
        "Net Income Including Noncontrolling Interests": NaN,
        "Net Income Continuous Operations": NaN,
        "Tax Provision": NaN,
        "Pretax Income": NaN,
        "Other Income Expense": NaN,
        "Other Non Operating Income Expenses": NaN,
        "Gain On Sale Of Security": NaN,
        "Operating Income": NaN,
        "Operating Expense": NaN,
        "Research And Development": NaN,
        "Selling General And Administration": NaN,
        "Gross Profit": NaN,
        "Cost Of Revenue": NaN,
        "Total Revenue": NaN,
        "Operating Revenue": NaN
    },
    "2023-12-31": {
        "Tax Effect Of Unusual Items": 0.0,
        "Tax Rate For Calcs": 0.0,
        "Normalized EBITDA": -17418000.0,
        "Total Unusual Items": 5839000.0,
        "Total Unusual Items Excluding Goodwill": 5839000.0,
        "Net Income From Continuing Operation Net Minority Interest": -22048000.0,
        "Reconciled Depreciation": 1093000.0,
        "Reconciled Cost Of Revenue": 222000.0,
        "EBITDA": -11579000.0,
        "EBIT": -12672000.0,
        "Normalized Income": -27887000.0,
        "Net Income From Continuing And Discontinued Operation": -22048000.0,
        "Total Expenses": 28283000.0,
        "Total Operating Income As Reported": -27883000.0,
        "Diluted Average Shares": NaN,
        "Basic Average Shares": NaN,
        "Diluted EPS": NaN,
        "Basic EPS": NaN,
        "Diluted NI Availto Com Stockholders": -22048000.0,
        "Net Income Common Stockholders": -22048000.0,
        "Net Income": -22048000.0,
        "Net Income Including Noncontrolling Interests": -22048000.0,
        "Net Income Continuous Operations": -22048000.0,
        "Tax Provision": 0.0,
        "Pretax Income": -22048000.0,
        "Other Income Expense": 5835000.0,
        "Other Non Operating Income Expenses": -4000.0,
        "Gain On Sale Of Security": 5839000.0,
        "Operating Income": -27883000.0,
        "Operating Expense": 28061000.0,
        "Research And Development": 16437000.0,
        "Selling General And Administration": 11624000.0,
        "Gross Profit": 178000.0,
        "Cost Of Revenue": 222000.0,
        "Total Revenue": 400000.0,
        "Operating Revenue": 400000.0
    },
    "2024-03-31": {
        "Tax Effect Of Unusual Items": 0.0,
        "Tax Rate For Calcs": 0.0,
        "Normalized EBITDA": -26192000.0,
        "Total Unusual Items": 3893000.0,
        "Total Unusual Items Excluding Goodwill": 3893000.0,
        "Net Income From Continuing Operation Net Minority Interest": -19474000.0,
        "Reconciled Depreciation": 1061000.0,
        "Reconciled Cost Of Revenue": 188000.0,
        "EBITDA": -22299000.0,
        "EBIT": -23360000.0,
        "Normalized Income": -23367000.0,
        "Net Income From Continuing And Discontinued Operation": -19474000.0,
        "Total Expenses": 23817000.0,
        "Total Operating Income As Reported": -23360000.0,
        "Diluted Average Shares": 141773000.0,
        "Basic Average Shares": 141773000.0,
        "Diluted EPS": -0.14,
        "Basic EPS": -0.14,
        "Diluted NI Availto Com Stockholders": -19474000.0,
        "Net Income Common Stockholders": -19474000.0,
        "Net Income": -19474000.0,
        "Net Income Including Noncontrolling Interests": -19474000.0,
        "Net Income Continuous Operations": -19474000.0,
        "Tax Provision": 0.0,
        "Pretax Income": -19474000.0,
        "Other Income Expense": 3886000.0,
        "Other Non Operating Income Expenses": -7000.0,
        "Gain On Sale Of Security": 3893000.0,
        "Operating Income": -23360000.0,
        "Operating Expense": 23629000.0,
        "Research And Development": 12101000.0,
        "Selling General And Administration": 11528000.0,
        "Gross Profit": 269000.0,
        "Cost Of Revenue": 188000.0,
        "Total Revenue": 457000.0,
        "Operating Revenue": 457000.0
    },
    "2024-06-30": {
        "Tax Effect Of Unusual Items": NaN,
        "Tax Rate For Calcs": NaN,
        "Normalized EBITDA": NaN,
        "Total Unusual Items": NaN,
        "Total Unusual Items Excluding Goodwill": NaN,
        "Net Income From Continuing Operation Net Minority Interest": NaN,
        "Reconciled Depreciation": NaN,
        "Reconciled Cost Of Revenue": NaN,
        "EBITDA": NaN,
        "EBIT": NaN,
        "Normalized Income": NaN,
        "Net Income From Continuing And Discontinued Operation": NaN,
        "Total Expenses": NaN,
        "Total Operating Income As Reported": NaN,
        "Diluted Average Shares": NaN,
        "Basic Average Shares": NaN,
        "Diluted EPS": NaN,
        "Basic EPS": NaN,
        "Diluted NI Availto Com Stockholders": NaN,
        "Net Income Common Stockholders": NaN,
        "Net Income": NaN,
        "Net Income Including Noncontrolling Interests": NaN,
        "Net Income Continuous Operations": NaN,
        "Tax Provision": NaN,
        "Pretax Income": NaN,
        "Other Income Expense": NaN,
        "Other Non Operating Income Expenses": NaN,
        "Special Income Charges": 0.0,
        "Other Special Charges": NaN,
        "Gain On Sale Of Security": NaN,
        "Operating Income": NaN,
        "Operating Expense": NaN,
        "Research And Development": NaN,
        "Selling General And Administration": NaN,
        "Gross Profit": NaN,
        "Cost Of Revenue": NaN,
        "Total Revenue": NaN,
        "Operating Revenue": NaN
    },
    "2024-09-30": {
        "Tax Effect Of Unusual Items": 589890.0,
        "Tax Rate For Calcs": 0.21,
        "Normalized EBITDA": -29739000.0,
        "Total Unusual Items": 2809000.0,
        "Total Unusual Items Excluding Goodwill": 2809000.0,
        "Net Income From Continuing Operation Net Minority Interest": -25313000.0,
        "Reconciled Depreciation": 1158000.0,
        "Reconciled Cost Of Revenue": 420000.0,
        "EBITDA": -26930000.0,
        "EBIT": -28088000.0,
        "Normalized Income": -27532110.0,
        "Net Income From Continuing And Discontinued Operation": -25313000.0,
        "Total Expenses": 28875000.0,
        "Total Operating Income As Reported": -28088000.0,
        "Diluted Average Shares": 142399000.0,
        "Basic Average Shares": 142399000.0,
        "Diluted EPS": -0.18,
        "Basic EPS": -0.18,
        "Diluted NI Availto Com Stockholders": -25313000.0,
        "Net Income Common Stockholders": -25313000.0,
        "Net Income": -25313000.0,
        "Net Income Including Noncontrolling Interests": -25313000.0,
        "Net Income Continuous Operations": -25313000.0,
        "Tax Provision": 43000.0,
        "Pretax Income": -25270000.0,
        "Other Income Expense": 2818000.0,
        "Other Non Operating Income Expenses": 9000.0,
        "Special Income Charges": 0.0,
        "Other Special Charges": NaN,
        "Gain On Sale Of Security": 2809000.0,
        "Operating Income": -28088000.0,
        "Operating Expense": 28455000.0,
        "Research And Development": 16171000.0,
        "Selling General And Administration": 12284000.0,
        "Gross Profit": 367000.0,
        "Cost Of Revenue": 420000.0,
        "Total Revenue": 787000.0,
        "Operating Revenue": 787000.0
    },
    "2024-12-31": {
        "Tax Effect Of Unusual Items": -508620.0,
        "Tax Rate For Calcs": 0.21,
        "Normalized EBITDA": -27261000.0,
        "Total Unusual Items": -2422000.0,
        "Total Unusual Items Excluding Goodwill": -2422000.0,
        "Net Income From Continuing Operation Net Minority Interest": -33121000.0,
        "Reconciled Depreciation": 994000.0,
        "Reconciled Cost Of Revenue": 582000.0,
        "EBITDA": -29683000.0,
        "EBIT": -30677000.0,
        "Normalized Income": -31207620.0,
        "Net Income From Continuing And Discontinued Operation": -33121000.0,
        "Total Expenses": 31869000.0,
        "Total Operating Income As Reported": -30677000.0,
        "Diluted Average Shares": 146329000.0,
        "Basic Average Shares": 146329000.0,
        "Diluted EPS": -0.23,
        "Basic EPS": -0.23,
        "Diluted NI Availto Com Stockholders": -33121000.0,
        "Net Income Common Stockholders": -33121000.0,
        "Net Income": -33121000.0,
        "Net Income Including Noncontrolling Interests": -33121000.0,
        "Net Income Continuous Operations": -33121000.0,
        "Tax Provision": 13000.0,
        "Pretax Income": -33108000.0,
        "Other Income Expense": -2431000.0,
        "Other Non Operating Income Expenses": -9000.0,
        "Special Income Charges": NaN,
        "Other Special Charges": NaN,
        "Gain On Sale Of Security": -2422000.0,
        "Operating Income": -30677000.0,
        "Operating Expense": 31287000.0,
        "Research And Development": 16988000.0,
        "Selling General And Administration": 14299000.0,
        "Gross Profit": 610000.0,
        "Cost Of Revenue": 582000.0,
        "Total Revenue": 1192000.0,
        "Operating Revenue": 1192000.0
    },
    "2025-03-31": {
        "Tax Effect Of Unusual Items": 1249080.0,
        "Tax Rate For Calcs": 0.21,
        "Normalized EBITDA": -30143000.0,
        "Total Unusual Items": 5948000.0,
        "Total Unusual Items Excluding Goodwill": 5948000.0,
        "Net Income From Continuing Operation Net Minority Interest": -19189000.0,
        "Reconciled Depreciation": 917000.0,
        "Reconciled Cost Of Revenue": 356000.0,
        "EBITDA": -24195000.0,
        "EBIT": -25112000.0,
        "Normalized Income": -23887920.0,
        "Net Income From Continuing And Discontinued Operation": -19189000.0,
        "Total Expenses": 25954000.0,
        "Total Operating Income As Reported": -25112000.0,
        "Diluted Average Shares": 182303000.0,
        "Basic Average Shares": 182303000.0,
        "Diluted EPS": -0.11,
        "Basic EPS": -0.11,
        "Diluted NI Availto Com Stockholders": -19189000.0,
        "Net Income Common Stockholders": -19189000.0,
        "Net Income": -19189000.0,
        "Net Income Including Noncontrolling Interests": -19189000.0,
        "Net Income Continuous Operations": -19189000.0,
        "Tax Provision": 11000.0,
        "Pretax Income": -19178000.0,
        "Other Income Expense": 5934000.0,
        "Other Non Operating Income Expenses": -14000.0,
        "Special Income Charges": NaN,
        "Other Special Charges": NaN,
        "Gain On Sale Of Security": 5948000.0,
        "Operating Income": -25112000.0,
        "Operating Expense": 25598000.0,
        "Research And Development": 13717000.0,
        "Selling General And Administration": 11881000.0,
        "Gross Profit": 486000.0,
        "Cost Of Revenue": 356000.0,
        "Total Revenue": 842000.0,
        "Operating Revenue": 842000.0
    },
    "2025-06-30": {
        "Tax Effect Of Unusual Items": -429240.0,
        "Tax Rate For Calcs": 0.21,
        "Normalized EBITDA": -23523000.0,
        "Total Unusual Items": -2044000.0,
        "Total Unusual Items Excluding Goodwill": -2044000.0,
        "Net Income From Continuing Operation Net Minority Interest": -28836000.0,
        "Reconciled Depreciation": 1191000.0,
        "Reconciled Cost Of Revenue": 240000.0,
        "EBITDA": -25567000.0,
        "EBIT": -26758000.0,
        "Normalized Income": -27221240.0,
        "Net Income From Continuing And Discontinued Operation": -28836000.0,
        "Total Expenses": 27349000.0,
        "Total Operating Income As Reported": -30120000.0,
        "Diluted Average Shares": 183625000.0,
        "Basic Average Shares": 183625000.0,
        "Diluted EPS": -0.16,
        "Basic EPS": -0.16,
        "Diluted NI Availto Com Stockholders": -28836000.0,
        "Net Income Common Stockholders": -28836000.0,
        "Net Income": -28836000.0,
        "Net Income Including Noncontrolling Interests": -28836000.0,
        "Net Income Continuous Operations": -28836000.0,
        "Tax Provision": 20000.0,
        "Pretax Income": -28816000.0,
        "Other Income Expense": -2058000.0,
        "Other Non Operating Income Expenses": -14000.0,
        "Special Income Charges": -3362000.0,
        "Other Special Charges": 3362000.0,
        "Gain On Sale Of Security": 1318000.0,
        "Operating Income": -26758000.0,
        "Operating Expense": 27109000.0,
        "Research And Development": 15213000.0,
        "Selling General And Administration": 11896000.0,
        "Gross Profit": 351000.0,
        "Cost Of Revenue": 240000.0,
        "Total Revenue": 591000.0,
        "Operating Revenue": 591000.0
    },
    "2025-09-30": {
        "Tax Effect Of Unusual Items": -2369010.0,
        "Tax Rate For Calcs": 0.21,
        "Normalized EBITDA": -11942000.0,
        "Total Unusual Items": -11281000.0,
        "Total Unusual Items Excluding Goodwill": -11281000.0,
        "Net Income From Continuing Operation Net Minority Interest": -35703000.0,
        "Reconciled Depreciation": 1173000.0,
        "Reconciled Cost Of Revenue": 358000.0,
        "EBITDA": -23223000.0,
        "EBIT": -24396000.0,
        "Normalized Income": -26791010.0,
        "Net Income From Continuing And Discontinued Operation": -35703000.0,
        "Total Expenses": 24948000.0,
        "Total Operating Income As Reported": -39773000.0,
        "Diluted Average Shares": 209041000.0,
        "Basic Average Shares": 209041000.0,
        "Diluted EPS": -0.17,
        "Basic EPS": -0.17,
        "Diluted NI Availto Com Stockholders": -35703000.0,
        "Net Income Common Stockholders": -35703000.0,
        "Net Income": -35703000.0,
        "Net Income Including Noncontrolling Interests": -35703000.0,
        "Net Income Continuous Operations": -35703000.0,
        "Tax Provision": 19000.0,
        "Pretax Income": -35684000.0,
        "Other Income Expense": -11288000.0,
        "Other Non Operating Income Expenses": -7000.0,
        "Special Income Charges": -15377000.0,
        "Other Special Charges": 15377000.0,
        "Gain On Sale Of Security": 4096000.0,
        "Operating Income": -24396000.0,
        "Operating Expense": 24590000.0,
        "Research And Development": 13883000.0,
        "Selling General And Administration": 10707000.0,
        "Gross Profit": 194000.0,
        "Cost Of Revenue": 358000.0,
        "Total Revenue": 552000.0,
        "Operating Revenue": 552000.0
    }
}