{
    "2023-03-31": {
        "Tax Effect Of Unusual Items": NaN,
        "Tax Rate For Calcs": NaN,
        "Normalized EBITDA": NaN,
        "Total Unusual Items": NaN,
        "Total Unusual Items Excluding Goodwill": NaN,
        "Net Income From Continuing Operation Net Minority Interest": NaN,
        "Reconciled Depreciation": NaN,
        "Reconciled Cost Of Revenue": NaN,
        "EBITDA": NaN,
        "EBIT": NaN,
        "Net Interest Income": NaN,
        "Interest Expense": NaN,
        "Interest Income": NaN,
        "Normalized Income": NaN,
        "Net Income From Continuing And Discontinued Operation": NaN,
        "Total Expenses": NaN,
        "Total Operating Income As Reported": NaN,
        "Diluted Average Shares": NaN,
        "Basic Average Shares": NaN,
        "Diluted EPS": NaN,
        "Basic EPS": NaN,
        "Diluted NI Availto Com Stockholders": NaN,
        "Average Dilution Earnings": NaN,
        "Net Income Common Stockholders": NaN,
        "Net Income": NaN,
        "Minority Interests": NaN,
        "Net Income Including Noncontrolling Interests": NaN,
        "Net Income Continuous Operations": NaN,
        "Tax Provision": NaN,
        "Pretax Income": NaN,
        "Other Income Expense": NaN,
        "Special Income Charges": NaN,
        "Gain On Sale Of Ppe": NaN,
        "Other Special Charges": NaN,
        "Restructuring And Mergern Acquisition": NaN,
        "Earnings From Equity Interest": NaN,
        "Gain On Sale Of Security": NaN,
        "Net Non Operating Interest Income Expense": NaN,
        "Total Other Finance Cost": NaN,
        "Interest Expense Non Operating": NaN,
        "Interest Income Non Operating": NaN,
        "Operating Income": NaN,
        "Operating Expense": NaN,
        "Other Operating Expenses": NaN,
        "Depreciation Amortization Depletion Income Statement": 6000000.0,
        "Depreciation And Amortization In Income Statement": 6000000.0,
        "Selling General And Administration": NaN,
        "General And Administrative Expense": NaN,
        "Other Gand A": NaN,
        "Salaries And Wages": 45000000.0,
        "Gross Profit": NaN,
        "Cost Of Revenue": NaN,
        "Total Revenue": NaN,
        "Operating Revenue": NaN
    },
    "2022-12-31": {
        "Tax Effect Of Unusual Items": NaN,
        "Tax Rate For Calcs": NaN,
        "Normalized EBITDA": NaN,
        "Total Unusual Items": NaN,
        "Total Unusual Items Excluding Goodwill": NaN,
        "Net Income From Continuing Operation Net Minority Interest": NaN,
        "Reconciled Depreciation": NaN,
        "Reconciled Cost Of Revenue": NaN,
        "EBITDA": NaN,
        "EBIT": NaN,
        "Net Interest Income": NaN,
        "Interest Expense": NaN,
        "Interest Income": NaN,
        "Normalized Income": NaN,
        "Net Income From Continuing And Discontinued Operation": NaN,
        "Total Expenses": NaN,
        "Total Operating Income As Reported": NaN,
        "Diluted Average Shares": NaN,
        "Basic Average Shares": NaN,
        "Diluted EPS": NaN,
        "Basic EPS": NaN,
        "Diluted NI Availto Com Stockholders": NaN,
        "Average Dilution Earnings": NaN,
        "Net Income Common Stockholders": NaN,
        "Net Income": NaN,
        "Minority Interests": NaN,
        "Net Income Including Noncontrolling Interests": NaN,
        "Net Income Continuous Operations": NaN,
        "Tax Provision": NaN,
        "Pretax Income": NaN,
        "Other Income Expense": NaN,
        "Special Income Charges": NaN,
        "Gain On Sale Of Ppe": NaN,
        "Other Special Charges": NaN,
        "Restructuring And Mergern Acquisition": NaN,
        "Earnings From Equity Interest": NaN,
        "Gain On Sale Of Security": NaN,
        "Net Non Operating Interest Income Expense": NaN,
        "Total Other Finance Cost": NaN,
        "Interest Expense Non Operating": NaN,
        "Interest Income Non Operating": NaN,
        "Operating Income": NaN,
        "Operating Expense": NaN,
        "Other Operating Expenses": NaN,
        "Depreciation Amortization Depletion Income Statement": 7000000.0,
        "Depreciation And Amortization In Income Statement": 7000000.0,
        "Selling General And Administration": NaN,
        "General And Administrative Expense": NaN,
        "Other Gand A": NaN,
        "Salaries And Wages": 43000000.0,
        "Gross Profit": NaN,
        "Cost Of Revenue": NaN,
        "Total Revenue": NaN,
        "Operating Revenue": NaN
    },
    "2022-09-30": {
        "Tax Effect Of Unusual Items": NaN,
        "Tax Rate For Calcs": NaN,
        "Normalized EBITDA": NaN,
        "Total Unusual Items": NaN,
        "Total Unusual Items Excluding Goodwill": NaN,
        "Net Income From Continuing Operation Net Minority Interest": NaN,
        "Reconciled Depreciation": NaN,
        "Reconciled Cost Of Revenue": NaN,
        "EBITDA": NaN,
        "EBIT": NaN,
        "Net Interest Income": NaN,
        "Interest Expense": NaN,
        "Interest Income": NaN,
        "Normalized Income": NaN,
        "Net Income From Continuing And Discontinued Operation": NaN,
        "Total Expenses": NaN,
        "Total Operating Income As Reported": NaN,
        "Diluted Average Shares": NaN,
        "Basic Average Shares": NaN,
        "Diluted EPS": NaN,
        "Basic EPS": NaN,
        "Diluted NI Availto Com Stockholders": NaN,
        "Average Dilution Earnings": NaN,
        "Net Income Common Stockholders": NaN,
        "Net Income": NaN,
        "Minority Interests": NaN,
        "Net Income Including Noncontrolling Interests": NaN,
        "Net Income Continuous Operations": NaN,
        "Tax Provision": NaN,
        "Pretax Income": NaN,
        "Other Income Expense": NaN,
        "Special Income Charges": NaN,
        "Gain On Sale Of Ppe": NaN,
        "Other Special Charges": NaN,
        "Restructuring And Mergern Acquisition": NaN,
        "Earnings From Equity Interest": NaN,
        "Gain On Sale Of Security": NaN,
        "Net Non Operating Interest Income Expense": NaN,
        "Total Other Finance Cost": NaN,
        "Interest Expense Non Operating": NaN,
        "Interest Income Non Operating": NaN,
        "Operating Income": NaN,
        "Operating Expense": NaN,
        "Other Operating Expenses": NaN,
        "Depreciation Amortization Depletion Income Statement": 6000000.0,
        "Depreciation And Amortization In Income Statement": 6000000.0,
        "Selling General And Administration": NaN,
        "General And Administrative Expense": NaN,
        "Other Gand A": NaN,
        "Salaries And Wages": 34000000.0,
        "Gross Profit": NaN,
        "Cost Of Revenue": NaN,
        "Total Revenue": NaN,
        "Operating Revenue": NaN
    },
    "2022-06-30": {
        "Tax Effect Of Unusual Items": 3180000.0,
        "Tax Rate For Calcs": 0.159,
        "Normalized EBITDA": 563000000.0,
        "Total Unusual Items": 20000000.0,
        "Total Unusual Items Excluding Goodwill": 20000000.0,
        "Net Income From Continuing Operation Net Minority Interest": 236000000.0,
        "Reconciled Depreciation": 48000000.0,
        "Reconciled Cost Of Revenue": 927000000.0,
        "EBITDA": 583000000.0,
        "EBIT": 535000000.0,
        "Net Interest Income": -129000000.0,
        "Interest Expense": 123000000.0,
        "Interest Income": 1000000.0,
        "Normalized Income": 219180000.0,
        "Net Income From Continuing And Discontinued Operation": 236000000.0,
        "Total Expenses": 1109000000.0,
        "Total Operating Income As Reported": 541000000.0,
        "Diluted Average Shares": 455000000.0,
        "Basic Average Shares": 308000000.0,
        "Diluted EPS": 0.76,
        "Basic EPS": 0.77,
        "Diluted NI Availto Com Stockholders": 345000000.0,
        "Average Dilution Earnings": 109000000.0,
        "Net Income Common Stockholders": 236000000.0,
        "Net Income": 236000000.0,
        "Minority Interests": -110000000.0,
        "Net Income Including Noncontrolling Interests": 346000000.0,
        "Net Income Continuous Operations": 346000000.0,
        "Tax Provision": 66000000.0,
        "Pretax Income": 412000000.0,
        "Other Income Expense": 11000000.0,
        "Special Income Charges": -11000000.0,
        "Gain On Sale Of Ppe": 1000000.0,
        "Other Special Charges": 2000000.0,
        "Restructuring And Mergern Acquisition": 10000000.0,
        "Earnings From Equity Interest": -9000000.0,
        "Gain On Sale Of Security": 31000000.0,
        "Net Non Operating Interest Income Expense": -129000000.0,
        "Total Other Finance Cost": 7000000.0,
        "Interest Expense Non Operating": 123000000.0,
        "Interest Income Non Operating": 1000000.0,
        "Operating Income": 530000000.0,
        "Operating Expense": 141000000.0,
        "Other Operating Expenses": 5000000.0,
        "Depreciation Amortization Depletion Income Statement": 7000000.0,
        "Depreciation And Amortization In Income Statement": 7000000.0,
        "Selling General And Administration": 129000000.0,
        "General And Administrative Expense": 129000000.0,
        "Other Gand A": 97000000.0,
        "Salaries And Wages": 32000000.0,
        "Gross Profit": 671000000.0,
        "Cost Of Revenue": 968000000.0,
        "Total Revenue": 1639000000.0,
        "Operating Revenue": 1639000000.0
    },
    "2022-03-31": {
        "Diluted EPS": 0.59,
        "Total Revenue": NaN,
        "Gross Profit": 827,
        "Operating Income": 450,
        "EBIT": 493,
        "Net Income": 183
    },
    "2021-12-31": {
        "Diluted EPS": 0.57,
        "Total Revenue": NaN,
        "Gross Profit": 883,
        "Operating Income": 416,
        "EBIT": 482,
        "Net Income": 179
    },
    "2021-09-30": {
        "Diluted EPS": 0.7,
        "Total Revenue": NaN,
        "Gross Profit": 884,
        "Operating Income": 533,
        "EBIT": 583,
        "Net Income": 221
    },
    "2021-06-30": {
        "Diluted EPS": 0.84,
        "Total Revenue": NaN,
        "Gross Profit": 850,
        "Operating Income": 488,
        "EBIT": 542,
        "Net Income": 259
    },
    "2021-03-31": {
        "Diluted EPS": 0.58,
        "Total Revenue": NaN,
        "Gross Profit": 743,
        "Operating Income": 442,
        "EBIT": 496,
        "Net Income": 179
    },
    "2020-12-31": {
        "Diluted EPS": 0.2,
        "Total Revenue": NaN,
        "Gross Profit": 769,
        "Operating Income": 373,
        "EBIT": 427,
        "Net Income": 34
    },
    "2020-09-30": {
        "Diluted EPS": 0.47,
        "Total Revenue": NaN,
        "Gross Profit": 794,
        "Operating Income": 417,
        "EBIT": 454,
        "Net Income": 145
    },
    "2020-06-30": {
        "Diluted EPS": 0.45,
        "Total Revenue": NaN,
        "Gross Profit": 577,
        "Operating Income": 243,
        "EBIT": 279,
        "Net Income": 163
    },
    "2020-03-31": {
        "Diluted EPS": 0.48,
        "Total Revenue": NaN,
        "Gross Profit": 703,
        "Operating Income": 389,
        "EBIT": 438,
        "Net Income": 144
    },
    "2019-12-31": {
        "Diluted EPS": 0.54,
        "Total Revenue": NaN,
        "Gross Profit": 861,
        "Operating Income": 511,
        "EBIT": 564,
        "Net Income": 165
    },
    "2019-09-30": {
        "Diluted EPS": 0.75,
        "Total Revenue": NaN,
        "Gross Profit": 850,
        "Operating Income": 571,
        "EBIT": 636,
        "Net Income": 201
    },
    "2019-06-30": {
        "Diluted EPS": 0.55,
        "Total Revenue": NaN,
        "Gross Profit": 812,
        "Operating Income": 491,
        "EBIT": 542,
        "Net Income": 142
    },
    "2019-03-31": {
        "Diluted EPS": 0.53,
        "Total Revenue": NaN,
        "Gross Profit": 727,
        "Operating Income": 434,
        "EBIT": 490,
        "Net Income": 135
    },
    "2018-12-31": {
        "Diluted EPS": 0.92,
        "Total Revenue": NaN,
        "Gross Profit": 807,
        "Operating Income": 516,
        "EBIT": 570,
        "Net Income": 163
    },
    "2018-09-30": {
        "Diluted EPS": 0.53,
        "Total Revenue": NaN,
        "Gross Profit": 798,
        "Operating Income": 478,
        "EBIT": 535,
        "Net Income": 134
    },
    "2018-06-30": {
        "Diluted EPS": 0.66,
        "Total Revenue": NaN,
        "Gross Profit": 791,
        "Operating Income": 502,
        "EBIT": 554,
        "Net Income": 167
    },
    "2018-03-31": {
        "Diluted EPS": 0.31,
        "Total Revenue": NaN,
        "Gross Profit": 721,
        "Operating Income": 421,
        "EBIT": 489,
        "Net Income": 148
    },
    "2017-12-31": {
        "Diluted EPS": 1.59,
        "Total Revenue": NaN,
        "Gross Profit": 626,
        "Operating Income": 505,
        "EBIT": 563,
        "Net Income": 395
    },
    "2017-09-30": {
        "Diluted EPS": 0.37,
        "Total Revenue": NaN,
        "Gross Profit": 597,
        "Operating Income": 479,
        "EBIT": 538,
        "Net Income": 91
    },
    "2017-06-30": {
        "Diluted EPS": 0.37,
        "Total Revenue": NaN,
        "Gross Profit": 559,
        "Operating Income": 414,
        "EBIT": 467,
        "Net Income": 90
    },
    "2017-03-31": {
        "Diluted EPS": 0.21,
        "Total Revenue": NaN,
        "Gross Profit": 466,
        "Operating Income": 336,
        "EBIT": 394,
        "Net Income": 50
    },
    "2016-12-31": {
        "Diluted EPS": 0.5,
        "Total Revenue": NaN,
        "Gross Profit": 539,
        "Operating Income": 492,
        "EBIT": 548,
        "Net Income": 118
    },
    "2016-09-30": {
        "Diluted EPS": 0.36,
        "Total Revenue": NaN,
        "Gross Profit": 509,
        "Operating Income": 421,
        "EBIT": 476,
        "Net Income": 86
    },
    "2016-06-30": {
        "Diluted EPS": 0.38,
        "Total Revenue": NaN,
        "Gross Profit": 490,
        "Operating Income": 424,
        "EBIT": 473,
        "Net Income": 91
    },
    "2016-03-31": {
        "Diluted EPS": 0.21,
        "Total Revenue": 919,
        "Gross Profit": 426,
        "Operating Income": 331,
        "EBIT": 401,
        "Net Income": 50
    },
    "2015-12-31": {
        "Diluted EPS": 0.25,
        "Total Revenue": NaN,
        "Gross Profit": 464,
        "Operating Income": 322,
        "EBIT": 378,
        "Net Income": 52
    },
    "2015-09-30": {
        "Diluted EPS": 0.24,
        "Total Revenue": NaN,
        "Gross Profit": 459,
        "Operating Income": 344,
        "EBIT": 396,
        "Net Income": 50
    },
    "2015-06-30": {
        "Diluted EPS": 0.05,
        "Total Revenue": NaN,
        "Gross Profit": 446,
        "Operating Income": 302,
        "EBIT": 350,
        "Net Income": 11
    },
    "2015-03-31": {
        "Diluted EPS": -0.04,
        "Total Revenue": 933,
        "Gross Profit": 371,
        "Operating Income": 224,
        "EBIT": 282,
        "Net Income": -8
    },
    "2014-12-31": {
        "Diluted EPS": -2.52,
        "Total Revenue": 416,
        "Gross Profit": 243,
        "Operating Income": -97,
        "EBIT": -56,
        "Net Income": 46
    },
    "2014-09-30": {
        "Diluted EPS": -0.07,
        "Total Revenue": 279,
        "Gross Profit": 221,
        "Operating Income": 1,
        "EBIT": 36,
        "Net Income": -24
    },
    "2014-06-30": {
        "Diluted EPS": 0.21,
        "Total Revenue": 261,
        "Gross Profit": 210,
        "Operating Income": 152,
        "EBIT": 176,
        "Net Income": 75
    },
    "2014-03-31": {
        "Diluted EPS": 0.17,
        "Total Revenue": 241,
        "Gross Profit": 188,
        "Operating Income": 131,
        "EBIT": 158,
        "Net Income": 60
    },
    "2013-12-31": {
        "Diluted EPS": 0.0,
        "Total Revenue": NaN,
        "Gross Profit": NaN,
        "Operating Income": NaN,
        "EBIT": NaN,
        "Net Income": NaN
    },
    "2012-12-31": {
        "Diluted EPS": 0.0,
        "Total Revenue": NaN,
        "Gross Profit": NaN,
        "Operating Income": NaN,
        "EBIT": NaN,
        "Net Income": NaN
    },
    "2023-06-30": {
        "Tax Effect Of Unusual Items": NaN,
        "Tax Rate For Calcs": NaN,
        "Normalized EBITDA": NaN,
        "Total Unusual Items": NaN,
        "Total Unusual Items Excluding Goodwill": NaN,
        "Net Income From Continuing Operation Net Minority Interest": NaN,
        "Reconciled Depreciation": NaN,
        "Reconciled Cost Of Revenue": NaN,
        "EBITDA": NaN,
        "EBIT": NaN,
        "Net Interest Income": NaN,
        "Interest Expense": NaN,
        "Interest Income": NaN,
        "Normalized Income": NaN,
        "Net Income From Continuing And Discontinued Operation": NaN,
        "Total Expenses": NaN,
        "Total Operating Income As Reported": NaN,
        "Diluted Average Shares": NaN,
        "Basic Average Shares": NaN,
        "Diluted EPS": NaN,
        "Basic EPS": NaN,
        "Diluted NI Availto Com Stockholders": NaN,
        "Average Dilution Earnings": NaN,
        "Net Income Common Stockholders": NaN,
        "Net Income": NaN,
        "Minority Interests": NaN,
        "Net Income Including Noncontrolling Interests": NaN,
        "Net Income Continuous Operations": NaN,
        "Tax Provision": NaN,
        "Pretax Income": NaN,
        "Other Income Expense": NaN,
        "Special Income Charges": NaN,
        "Gain On Sale Of Ppe": NaN,
        "Other Special Charges": NaN,
        "Restructuring And Mergern Acquisition": NaN,
        "Earnings From Equity Interest": NaN,
        "Gain On Sale Of Security": NaN,
        "Net Non Operating Interest Income Expense": NaN,
        "Total Other Finance Cost": NaN,
        "Interest Expense Non Operating": NaN,
        "Interest Income Non Operating": NaN,
        "Operating Income": NaN,
        "Operating Expense": NaN,
        "Other Operating Expenses": NaN,
        "Depreciation Amortization Depletion Income Statement": 9000000.0,
        "Depreciation And Amortization In Income Statement": 9000000.0,
        "Selling General And Administration": NaN,
        "General And Administrative Expense": NaN,
        "Other Gand A": NaN,
        "Salaries And Wages": 47000000.0,
        "Gross Profit": NaN,
        "Cost Of Revenue": NaN,
        "Total Revenue": NaN,
        "Operating Revenue": NaN
    },
    "2023-09-30": {
        "Tax Effect Of Unusual Items": NaN,
        "Tax Rate For Calcs": NaN,
        "Normalized EBITDA": NaN,
        "Total Unusual Items": NaN,
        "Total Unusual Items Excluding Goodwill": NaN,
        "Net Income From Continuing Operation Net Minority Interest": NaN,
        "Reconciled Depreciation": NaN,
        "Reconciled Cost Of Revenue": NaN,
        "EBITDA": NaN,
        "EBIT": NaN,
        "Net Interest Income": NaN,
        "Interest Expense": NaN,
        "Interest Income": NaN,
        "Normalized Income": NaN,
        "Net Income From Continuing And Discontinued Operation": NaN,
        "Total Expenses": NaN,
        "Total Operating Income As Reported": NaN,
        "Diluted Average Shares": NaN,
        "Basic Average Shares": NaN,
        "Diluted EPS": NaN,
        "Basic EPS": NaN,
        "Diluted NI Availto Com Stockholders": NaN,
        "Average Dilution Earnings": NaN,
        "Net Income Common Stockholders": NaN,
        "Net Income": NaN,
        "Minority Interests": NaN,
        "Net Income Including Noncontrolling Interests": NaN,
        "Net Income Discontinuous Operations": NaN,
        "Net Income Continuous Operations": NaN,
        "Tax Provision": NaN,
        "Pretax Income": NaN,
        "Other Income Expense": NaN,
        "Special Income Charges": NaN,
        "Gain On Sale Of Ppe": NaN,
        "Other Special Charges": NaN,
        "Restructuring And Mergern Acquisition": NaN,
        "Earnings From Equity Interest": NaN,
        "Gain On Sale Of Security": NaN,
        "Net Non Operating Interest Income Expense": NaN,
        "Total Other Finance Cost": NaN,
        "Interest Expense Non Operating": NaN,
        "Interest Income Non Operating": NaN,
        "Operating Income": NaN,
        "Operating Expense": NaN,
        "Other Operating Expenses": NaN,
        "Depreciation Amortization Depletion Income Statement": 8000000.0,
        "Depreciation And Amortization In Income Statement": 8000000.0,
        "Selling General And Administration": NaN,
        "General And Administrative Expense": NaN,
        "Other Gand A": NaN,
        "Salaries And Wages": 48000000.0,
        "Gross Profit": NaN,
        "Cost Of Revenue": NaN,
        "Total Revenue": NaN,
        "Operating Revenue": NaN
    },
    "2023-12-31": {
        "Tax Effect Of Unusual Items": NaN,
        "Tax Rate For Calcs": NaN,
        "Normalized EBITDA": NaN,
        "Total Unusual Items": NaN,
        "Total Unusual Items Excluding Goodwill": NaN,
        "Net Income From Continuing Operation Net Minority Interest": NaN,
        "Reconciled Depreciation": NaN,
        "Reconciled Cost Of Revenue": NaN,
        "EBITDA": NaN,
        "EBIT": NaN,
        "Net Interest Income": NaN,
        "Interest Expense": NaN,
        "Interest Income": NaN,
        "Normalized Income": NaN,
        "Net Income From Continuing And Discontinued Operation": NaN,
        "Total Expenses": NaN,
        "Total Operating Income As Reported": NaN,
        "Diluted Average Shares": NaN,
        "Basic Average Shares": NaN,
        "Diluted EPS": NaN,
        "Basic EPS": NaN,
        "Diluted NI Availto Com Stockholders": NaN,
        "Average Dilution Earnings": NaN,
        "Net Income Common Stockholders": NaN,
        "Net Income": NaN,
        "Minority Interests": NaN,
        "Net Income Including Noncontrolling Interests": NaN,
        "Net Income Discontinuous Operations": NaN,
        "Net Income Continuous Operations": NaN,
        "Tax Provision": NaN,
        "Pretax Income": NaN,
        "Other Income Expense": NaN,
        "Special Income Charges": NaN,
        "Gain On Sale Of Ppe": NaN,
        "Other Special Charges": 2000000.0,
        "Restructuring And Mergern Acquisition": NaN,
        "Earnings From Equity Interest": NaN,
        "Gain On Sale Of Security": NaN,
        "Net Non Operating Interest Income Expense": NaN,
        "Total Other Finance Cost": NaN,
        "Interest Expense Non Operating": NaN,
        "Interest Income Non Operating": NaN,
        "Operating Income": NaN,
        "Operating Expense": NaN,
        "Other Operating Expenses": NaN,
        "Selling General And Administration": NaN,
        "General And Administrative Expense": NaN,
        "Other Gand A": NaN,
        "Gross Profit": NaN,
        "Cost Of Revenue": NaN,
        "Total Revenue": NaN,
        "Operating Revenue": NaN
    },
    "2024-03-31": {
        "Tax Effect Of Unusual Items": NaN,
        "Tax Rate For Calcs": NaN,
        "Normalized EBITDA": NaN,
        "Total Unusual Items": NaN,
        "Total Unusual Items Excluding Goodwill": NaN,
        "Net Income From Continuing Operation Net Minority Interest": NaN,
        "Reconciled Depreciation": NaN,
        "Reconciled Cost Of Revenue": NaN,
        "EBITDA": NaN,
        "EBIT": NaN,
        "Net Interest Income": NaN,
        "Interest Expense": NaN,
        "Interest Income": NaN,
        "Normalized Income": NaN,
        "Net Income From Continuing And Discontinued Operation": NaN,
        "Total Expenses": NaN,
        "Total Operating Income As Reported": NaN,
        "Diluted Average Shares": NaN,
        "Basic Average Shares": NaN,
        "Diluted EPS": NaN,
        "Basic EPS": NaN,
        "Diluted NI Availto Com Stockholders": NaN,
        "Average Dilution Earnings": NaN,
        "Net Income Common Stockholders": NaN,
        "Net Income": NaN,
        "Minority Interests": NaN,
        "Net Income Including Noncontrolling Interests": NaN,
        "Net Income Discontinuous Operations": 0.0,
        "Net Income Continuous Operations": NaN,
        "Tax Provision": NaN,
        "Pretax Income": NaN,
        "Other Income Expense": NaN,
        "Special Income Charges": NaN,
        "Gain On Sale Of Ppe": NaN,
        "Other Special Charges": NaN,
        "Restructuring And Mergern Acquisition": NaN,
        "Earnings From Equity Interest": NaN,
        "Gain On Sale Of Security": NaN,
        "Net Non Operating Interest Income Expense": NaN,
        "Total Other Finance Cost": NaN,
        "Interest Expense Non Operating": NaN,
        "Interest Income Non Operating": NaN,
        "Operating Income": NaN,
        "Operating Expense": NaN,
        "Other Operating Expenses": NaN,
        "Selling General And Administration": NaN,
        "General And Administrative Expense": NaN,
        "Other Gand A": NaN,
        "Gross Profit": NaN,
        "Cost Of Revenue": NaN,
        "Total Revenue": NaN,
        "Operating Revenue": NaN
    },
    "2024-06-30": {
        "Tax Effect Of Unusual Items": -8780991.735537,
        "Tax Rate For Calcs": 0.17562,
        "Normalized EBITDA": 743000000.0,
        "Total Unusual Items": -50000000.0,
        "Total Unusual Items Excluding Goodwill": -50000000.0,
        "Net Income From Continuing Operation Net Minority Interest": 280000000.0,
        "Reconciled Depreciation": 59000000.0,
        "Reconciled Cost Of Revenue": 1294000000.0,
        "EBITDA": 693000000.0,
        "EBIT": 634000000.0,
        "Net Interest Income": -147000000.0,
        "Interest Expense": 150000000.0,
        "Interest Income": 9000000.0,
        "Normalized Income": 321219008.264463,
        "Net Income From Continuing And Discontinued Operation": 280000000.0,
        "Total Expenses": 1468000000.0,
        "Total Operating Income As Reported": 663000000.0,
        "Diluted Average Shares": 453000000.0,
        "Basic Average Shares": 317000000.0,
        "Diluted EPS": 0.88,
        "Basic EPS": 0.89,
        "Diluted NI Availto Com Stockholders": 399000000.0,
        "Average Dilution Earnings": 119000000.0,
        "Net Income Common Stockholders": 280000000.0,
        "Net Income": 280000000.0,
        "Minority Interests": -119000000.0,
        "Net Income Including Noncontrolling Interests": 399000000.0,
        "Net Income Discontinuous Operations": 0.0,
        "Net Income Continuous Operations": 399000000.0,
        "Tax Provision": 85000000.0,
        "Pretax Income": 484000000.0,
        "Other Income Expense": 19000000.0,
        "Special Income Charges": -56000000.0,
        "Gain On Sale Of Ppe": -8000000.0,
        "Other Special Charges": 33000000.0,
        "Restructuring And Mergern Acquisition": 15000000.0,
        "Earnings From Equity Interest": 69000000.0,
        "Gain On Sale Of Security": 6000000.0,
        "Net Non Operating Interest Income Expense": -147000000.0,
        "Total Other Finance Cost": 6000000.0,
        "Interest Expense Non Operating": 150000000.0,
        "Interest Income Non Operating": 9000000.0,
        "Operating Income": 612000000.0,
        "Operating Expense": 174000000.0,
        "Other Operating Expenses": 4000000.0,
        "Selling General And Administration": 170000000.0,
        "General And Administrative Expense": 170000000.0,
        "Other Gand A": 170000000.0,
        "Gross Profit": 786000000.0,
        "Cost Of Revenue": 1294000000.0,
        "Total Revenue": 2080000000.0,
        "Operating Revenue": 2080000000.0
    },
    "2024-09-30": {
        "Tax Effect Of Unusual Items": -8183000.0,
        "Tax Rate For Calcs": 0.167,
        "Normalized EBITDA": 706000000.0,
        "Total Unusual Items": -49000000.0,
        "Total Unusual Items Excluding Goodwill": -49000000.0,
        "Net Income From Continuing Operation Net Minority Interest": 252000000.0,
        "Reconciled Depreciation": 79000000.0,
        "Reconciled Cost Of Revenue": 1493000000.0,
        "EBITDA": 657000000.0,
        "EBIT": 578000000.0,
        "Net Interest Income": -147000000.0,
        "Interest Expense": 149000000.0,
        "Interest Income": 9000000.0,
        "Normalized Income": 292817000.0,
        "Net Income From Continuing And Discontinued Operation": 252000000.0,
        "Total Expenses": 1663000000.0,
        "Total Operating Income As Reported": 577000000.0,
        "Diluted Average Shares": 454000000.0,
        "Basic Average Shares": 319000000.0,
        "Diluted EPS": 0.79,
        "Basic EPS": 0.79,
        "Diluted NI Availto Com Stockholders": 356000000.0,
        "Average Dilution Earnings": 104000000.0,
        "Net Income Common Stockholders": 252000000.0,
        "Net Income": 252000000.0,
        "Minority Interests": -105000000.0,
        "Net Income Including Noncontrolling Interests": 357000000.0,
        "Net Income Discontinuous Operations": NaN,
        "Net Income Continuous Operations": 357000000.0,
        "Tax Provision": 72000000.0,
        "Pretax Income": 429000000.0,
        "Other Income Expense": -52000000.0,
        "Special Income Charges": -5000000.0,
        "Gain On Sale Of Ppe": 4000000.0,
        "Other Special Charges": 2000000.0,
        "Restructuring And Mergern Acquisition": 7000000.0,
        "Earnings From Equity Interest": -3000000.0,
        "Gain On Sale Of Security": -44000000.0,
        "Net Non Operating Interest Income Expense": -147000000.0,
        "Total Other Finance Cost": 7000000.0,
        "Interest Expense Non Operating": 149000000.0,
        "Interest Income Non Operating": 9000000.0,
        "Operating Income": 628000000.0,
        "Operating Expense": 170000000.0,
        "Other Operating Expenses": 1000000.0,
        "Selling General And Administration": 169000000.0,
        "General And Administrative Expense": 169000000.0,
        "Other Gand A": 169000000.0,
        "Gross Profit": 798000000.0,
        "Cost Of Revenue": 1493000000.0,
        "Total Revenue": 2291000000.0,
        "Operating Revenue": 2291000000.0
    },
    "2024-12-31": {
        "Tax Effect Of Unusual Items": 21406000.0,
        "Tax Rate For Calcs": 0.278,
        "Normalized EBITDA": 639000000.0,
        "Total Unusual Items": 77000000.0,
        "Total Unusual Items Excluding Goodwill": 77000000.0,
        "Net Income From Continuing Operation Net Minority Interest": 259000000.0,
        "Reconciled Depreciation": 77000000.0,
        "Reconciled Cost Of Revenue": 1552000000.0,
        "EBITDA": 716000000.0,
        "EBIT": 639000000.0,
        "Net Interest Income": -135000000.0,
        "Interest Expense": 139000000.0,
        "Interest Income": 10000000.0,
        "Normalized Income": 203406000.0,
        "Net Income From Continuing And Discontinued Operation": 259000000.0,
        "Total Expenses": 1738000000.0,
        "Total Operating Income As Reported": 635000000.0,
        "Diluted Average Shares": 455000000.0,
        "Basic Average Shares": 324000000.0,
        "Diluted EPS": 0.79,
        "Basic EPS": 0.8,
        "Diluted NI Availto Com Stockholders": 360000000.0,
        "Average Dilution Earnings": 101000000.0,
        "Net Income Common Stockholders": 259000000.0,
        "Net Income": 259000000.0,
        "Minority Interests": -102000000.0,
        "Net Income Including Noncontrolling Interests": 361000000.0,
        "Net Income Discontinuous Operations": NaN,
        "Net Income Continuous Operations": 361000000.0,
        "Tax Provision": 139000000.0,
        "Pretax Income": 500000000.0,
        "Other Income Expense": 77000000.0,
        "Special Income Charges": -9000000.0,
        "Gain On Sale Of Ppe": 3000000.0,
        "Other Special Charges": -2000000.0,
        "Restructuring And Mergern Acquisition": 14000000.0,
        "Earnings From Equity Interest": 0.0,
        "Gain On Sale Of Security": 86000000.0,
        "Net Non Operating Interest Income Expense": -135000000.0,
        "Total Other Finance Cost": 6000000.0,
        "Interest Expense Non Operating": 139000000.0,
        "Interest Income Non Operating": 10000000.0,
        "Operating Income": 558000000.0,
        "Operating Expense": 186000000.0,
        "Other Operating Expenses": 1000000.0,
        "Selling General And Administration": 185000000.0,
        "General And Administrative Expense": 185000000.0,
        "Other Gand A": 185000000.0,
        "Gross Profit": 744000000.0,
        "Cost Of Revenue": 1552000000.0,
        "Total Revenue": 2296000000.0,
        "Operating Revenue": 2296000000.0
    },
    "2025-03-31": {
        "Tax Effect Of Unusual Items": -23403000.0,
        "Tax Rate For Calcs": 0.269,
        "Normalized EBITDA": 595000000.0,
        "Total Unusual Items": -87000000.0,
        "Total Unusual Items Excluding Goodwill": -87000000.0,
        "Net Income From Continuing Operation Net Minority Interest": 161000000.0,
        "Reconciled Depreciation": 71000000.0,
        "Reconciled Cost Of Revenue": 1405000000.0,
        "EBITDA": 508000000.0,
        "EBIT": 437000000.0,
        "Net Interest Income": -130000000.0,
        "Interest Expense": 132000000.0,
        "Interest Income": 8000000.0,
        "Normalized Income": 224597000.0,
        "Net Income From Continuing And Discontinued Operation": 159000000.0,
        "Total Expenses": 1592000000.0,
        "Total Operating Income As Reported": 435000000.0,
        "Diluted Average Shares": 456000000.0,
        "Basic Average Shares": 326000000.0,
        "Diluted EPS": 0.49,
        "Basic EPS": 0.49,
        "Diluted NI Availto Com Stockholders": 223000000.0,
        "Average Dilution Earnings": 63000000.0,
        "Net Income Common Stockholders": 159000000.0,
        "Net Income": 159000000.0,
        "Minority Interests": -62000000.0,
        "Net Income Including Noncontrolling Interests": 221000000.0,
        "Net Income Discontinuous Operations": -2000000.0,
        "Net Income Continuous Operations": 223000000.0,
        "Tax Provision": 82000000.0,
        "Pretax Income": 305000000.0,
        "Other Income Expense": -82000000.0,
        "Special Income Charges": -12000000.0,
        "Gain On Sale Of Ppe": -2000000.0,
        "Other Special Charges": 3000000.0,
        "Restructuring And Mergern Acquisition": 7000000.0,
        "Earnings From Equity Interest": 5000000.0,
        "Gain On Sale Of Security": -75000000.0,
        "Net Non Operating Interest Income Expense": -130000000.0,
        "Total Other Finance Cost": 6000000.0,
        "Interest Expense Non Operating": 132000000.0,
        "Interest Income Non Operating": 8000000.0,
        "Operating Income": 517000000.0,
        "Operating Expense": 187000000.0,
        "Other Operating Expenses": 3000000.0,
        "Selling General And Administration": 184000000.0,
        "General And Administrative Expense": 184000000.0,
        "Other Gand A": 184000000.0,
        "Gross Profit": 704000000.0,
        "Cost Of Revenue": 1405000000.0,
        "Total Revenue": 2109000000.0,
        "Operating Revenue": 2109000000.0
    },
    "2025-06-30": {
        "Tax Effect Of Unusual Items": -41393162.393162,
        "Tax Rate For Calcs": 0.247863,
        "Normalized EBITDA": 726000000.0,
        "Total Unusual Items": -167000000.0,
        "Total Unusual Items Excluding Goodwill": -167000000.0,
        "Net Income From Continuing Operation Net Minority Interest": 190000000.0,
        "Reconciled Depreciation": 77000000.0,
        "Reconciled Cost Of Revenue": 1595000000.0,
        "EBITDA": 559000000.0,
        "EBIT": 482000000.0,
        "Net Interest Income": -132000000.0,
        "Interest Expense": 131000000.0,
        "Interest Income": 6000000.0,
        "Normalized Income": 315606837.606838,
        "Net Income From Continuing And Discontinued Operation": 189000000.0,
        "Total Expenses": 1765000000.0,
        "Total Operating Income As Reported": 483000000.0,
        "Diluted Average Shares": 457000000.0,
        "Basic Average Shares": 328000000.0,
        "Diluted EPS": 0.57,
        "Basic EPS": 0.58,
        "Diluted NI Availto Com Stockholders": 263000000.0,
        "Average Dilution Earnings": 74000000.0,
        "Net Income Common Stockholders": 189000000.0,
        "Net Income": 189000000.0,
        "Minority Interests": -74000000.0,
        "Net Income Including Noncontrolling Interests": 263000000.0,
        "Net Income Discontinuous Operations": -1000000.0,
        "Net Income Continuous Operations": 264000000.0,
        "Tax Provision": 87000000.0,
        "Pretax Income": 351000000.0,
        "Other Income Expense": -162000000.0,
        "Special Income Charges": -35000000.0,
        "Gain On Sale Of Ppe": -13000000.0,
        "Other Special Charges": 1000000.0,
        "Restructuring And Mergern Acquisition": 21000000.0,
        "Earnings From Equity Interest": 5000000.0,
        "Gain On Sale Of Security": -132000000.0,
        "Net Non Operating Interest Income Expense": -132000000.0,
        "Total Other Finance Cost": 7000000.0,
        "Interest Expense Non Operating": 131000000.0,
        "Interest Income Non Operating": 6000000.0,
        "Operating Income": 645000000.0,
        "Operating Expense": 170000000.0,
        "Other Operating Expenses": 3000000.0,
        "Selling General And Administration": 167000000.0,
        "General And Administrative Expense": 167000000.0,
        "Other Gand A": 167000000.0,
        "Gross Profit": 815000000.0,
        "Cost Of Revenue": 1595000000.0,
        "Total Revenue": 2410000000.0,
        "Operating Revenue": 2410000000.0
    }
}