{
    "2022-12-31": {
        "Tax Effect Of Unusual Items": NaN,
        "Tax Rate For Calcs": NaN,
        "Normalized EBITDA": NaN,
        "Total Unusual Items": -1405000.0,
        "Total Unusual Items Excluding Goodwill": -1405000.0,
        "Net Income From Continuing Operation Net Minority Interest": NaN,
        "Reconciled Depreciation": NaN,
        "EBITDA": NaN,
        "EBIT": NaN,
        "Normalized Income": NaN,
        "Net Income From Continuing And Discontinued Operation": NaN,
        "Total Expenses": NaN,
        "Total Operating Income As Reported": NaN,
        "Diluted Average Shares": NaN,
        "Basic Average Shares": NaN,
        "Diluted EPS": NaN,
        "Basic EPS": NaN,
        "Diluted NI Availto Com Stockholders": NaN,
        "Net Income Common Stockholders": NaN,
        "Net Income": NaN,
        "Net Income Including Noncontrolling Interests": NaN,
        "Net Income Continuous Operations": NaN,
        "Earnings From Equity Interest Net Of Tax": NaN,
        "Tax Provision": 17000.0,
        "Pretax Income": NaN,
        "Other Income Expense": NaN,
        "Other Non Operating Income Expenses": NaN,
        "Earnings From Equity Interest": NaN,
        "Gain On Sale Of Security": -1405000.0,
        "Operating Income": NaN,
        "Operating Expense": NaN,
        "Research And Development": NaN,
        "Selling General And Administration": NaN,
        "General And Administrative Expense": NaN,
        "Other Gand A": NaN,
        "Total Revenue": NaN,
        "Operating Revenue": NaN
    },
    "2024-03-31": {
        "Tax Effect Of Unusual Items": 0.0,
        "Tax Rate For Calcs": 0.0,
        "Normalized EBITDA": -30610000.0,
        "Total Unusual Items": 15890000.0,
        "Total Unusual Items Excluding Goodwill": 15890000.0,
        "Net Income From Continuing Operation Net Minority Interest": 1029000.0,
        "Reconciled Depreciation": 123000.0,
        "EBITDA": -14720000.0,
        "EBIT": -14843000.0,
        "Net Interest Income": NaN,
        "Interest Expense": NaN,
        "Interest Income": NaN,
        "Normalized Income": -14861000.0,
        "Net Income From Continuing And Discontinued Operation": 1029000.0,
        "Total Expenses": 14843000.0,
        "Total Operating Income As Reported": -14843000.0,
        "Diluted Average Shares": 11929520.0,
        "Basic Average Shares": 11929520.0,
        "Diluted EPS": 0.086257,
        "Basic EPS": 0.086257,
        "Diluted NI Availto Com Stockholders": 1029000.0,
        "Net Income Common Stockholders": 1029000.0,
        "Net Income": 1029000.0,
        "Net Income Including Noncontrolling Interests": 1029000.0,
        "Net Income Continuous Operations": 1029000.0,
        "Earnings From Equity Interest Net Of Tax": -176000.0,
        "Tax Provision": 0.0,
        "Pretax Income": 1205000.0,
        "Other Income Expense": 16048000.0,
        "Other Non Operating Income Expenses": 158000.0,
        "Special Income Charges": NaN,
        "Write Off": NaN,
        "Earnings From Equity Interest": NaN,
        "Gain On Sale Of Security": 15890000.0,
        "Net Non Operating Interest Income Expense": NaN,
        "Interest Expense Non Operating": NaN,
        "Interest Income Non Operating": NaN,
        "Operating Income": -14843000.0,
        "Operating Expense": 14843000.0,
        "Research And Development": 9841000.0,
        "Selling General And Administration": 5002000.0,
        "General And Administrative Expense": 5002000.0,
        "Other Gand A": 5002000.0,
        "Total Revenue": 0.0,
        "Operating Revenue": 0.0
    },
    "2023-03-31": {
        "Tax Effect Of Unusual Items": NaN,
        "Tax Rate For Calcs": NaN,
        "Normalized EBITDA": NaN,
        "Total Unusual Items": -43000.0,
        "Total Unusual Items Excluding Goodwill": -43000.0,
        "Net Income From Continuing Operation Net Minority Interest": NaN,
        "Reconciled Depreciation": NaN,
        "EBITDA": NaN,
        "EBIT": NaN,
        "Normalized Income": NaN,
        "Net Income From Continuing And Discontinued Operation": NaN,
        "Total Expenses": NaN,
        "Total Operating Income As Reported": NaN,
        "Diluted Average Shares": NaN,
        "Basic Average Shares": NaN,
        "Diluted EPS": NaN,
        "Basic EPS": NaN,
        "Diluted NI Availto Com Stockholders": NaN,
        "Net Income Common Stockholders": NaN,
        "Net Income": NaN,
        "Net Income Including Noncontrolling Interests": NaN,
        "Net Income Continuous Operations": NaN,
        "Earnings From Equity Interest Net Of Tax": 0.0,
        "Tax Provision": NaN,
        "Pretax Income": NaN,
        "Other Income Expense": NaN,
        "Other Non Operating Income Expenses": NaN,
        "Earnings From Equity Interest": NaN,
        "Gain On Sale Of Security": -43000.0,
        "Operating Income": NaN,
        "Operating Expense": NaN,
        "Research And Development": NaN,
        "Selling General And Administration": NaN,
        "General And Administrative Expense": NaN,
        "Other Gand A": NaN,
        "Total Revenue": NaN,
        "Operating Revenue": NaN
    },
    "2024-06-30": {
        "Tax Effect Of Unusual Items": 0.0,
        "Tax Rate For Calcs": 0.0,
        "Normalized EBITDA": -17798000.0,
        "Total Unusual Items": NaN,
        "Total Unusual Items Excluding Goodwill": NaN,
        "Net Income From Continuing Operation Net Minority Interest": -16978000.0,
        "Reconciled Depreciation": 121000.0,
        "EBITDA": -17798000.0,
        "EBIT": -17919000.0,
        "Net Interest Income": NaN,
        "Interest Expense": NaN,
        "Interest Income": NaN,
        "Normalized Income": -16978000.0,
        "Net Income From Continuing And Discontinued Operation": -16978000.0,
        "Total Expenses": 17919000.0,
        "Total Operating Income As Reported": -17919000.0,
        "Diluted Average Shares": 11964224.0,
        "Basic Average Shares": 11964224.0,
        "Diluted EPS": -1.42,
        "Basic EPS": -1.42,
        "Diluted NI Availto Com Stockholders": -16978000.0,
        "Net Income Common Stockholders": -16978000.0,
        "Net Income": -16978000.0,
        "Net Income Including Noncontrolling Interests": -16978000.0,
        "Net Income Continuous Operations": -16978000.0,
        "Earnings From Equity Interest Net Of Tax": NaN,
        "Tax Provision": NaN,
        "Pretax Income": -16978000.0,
        "Other Income Expense": 941000.0,
        "Other Non Operating Income Expenses": 2390000.0,
        "Special Income Charges": NaN,
        "Write Off": NaN,
        "Earnings From Equity Interest": -1449000.0,
        "Gain On Sale Of Security": NaN,
        "Net Non Operating Interest Income Expense": NaN,
        "Interest Expense Non Operating": NaN,
        "Interest Income Non Operating": NaN,
        "Operating Income": -17919000.0,
        "Operating Expense": 17919000.0,
        "Research And Development": 13411000.0,
        "Selling General And Administration": 4508000.0,
        "General And Administrative Expense": 4508000.0,
        "Other Gand A": 4508000.0,
        "Total Revenue": 0.0,
        "Operating Revenue": 0.0
    },
    "2023-09-30": {
        "Tax Effect Of Unusual Items": NaN,
        "Tax Rate For Calcs": NaN,
        "Normalized EBITDA": NaN,
        "Total Unusual Items": -6252000.0,
        "Total Unusual Items Excluding Goodwill": -6252000.0,
        "Net Income From Continuing Operation Net Minority Interest": NaN,
        "Reconciled Depreciation": NaN,
        "EBITDA": NaN,
        "EBIT": NaN,
        "Net Interest Income": NaN,
        "Interest Expense": NaN,
        "Interest Income": NaN,
        "Normalized Income": NaN,
        "Net Income From Continuing And Discontinued Operation": NaN,
        "Total Expenses": NaN,
        "Total Operating Income As Reported": NaN,
        "Diluted Average Shares": 11929528.0,
        "Basic Average Shares": 11929528.0,
        "Diluted EPS": -1.176157,
        "Basic EPS": -1.176157,
        "Diluted NI Availto Com Stockholders": NaN,
        "Net Income Common Stockholders": NaN,
        "Net Income": NaN,
        "Net Income Including Noncontrolling Interests": NaN,
        "Net Income Continuous Operations": NaN,
        "Earnings From Equity Interest Net Of Tax": 0.0,
        "Tax Provision": NaN,
        "Pretax Income": NaN,
        "Other Income Expense": NaN,
        "Other Non Operating Income Expenses": NaN,
        "Special Income Charges": NaN,
        "Write Off": NaN,
        "Earnings From Equity Interest": NaN,
        "Gain On Sale Of Security": -6252000.0,
        "Net Non Operating Interest Income Expense": NaN,
        "Interest Expense Non Operating": NaN,
        "Interest Income Non Operating": NaN,
        "Operating Income": NaN,
        "Operating Expense": NaN,
        "Research And Development": NaN,
        "Selling General And Administration": NaN,
        "General And Administrative Expense": NaN,
        "Other Gand A": NaN,
        "Total Revenue": NaN,
        "Operating Revenue": NaN
    },
    "2023-06-30": {
        "Tax Effect Of Unusual Items": NaN,
        "Tax Rate For Calcs": NaN,
        "Normalized EBITDA": NaN,
        "Total Unusual Items": 1303000.0,
        "Total Unusual Items Excluding Goodwill": 1303000.0,
        "Net Income From Continuing Operation Net Minority Interest": NaN,
        "Reconciled Depreciation": NaN,
        "EBITDA": NaN,
        "EBIT": NaN,
        "Normalized Income": NaN,
        "Net Income From Continuing And Discontinued Operation": NaN,
        "Total Expenses": NaN,
        "Total Operating Income As Reported": NaN,
        "Diluted Average Shares": 11929528.0,
        "Basic Average Shares": 11929528.0,
        "Diluted EPS": -0.486775,
        "Basic EPS": -0.486775,
        "Diluted NI Availto Com Stockholders": NaN,
        "Net Income Common Stockholders": NaN,
        "Net Income": NaN,
        "Net Income Including Noncontrolling Interests": NaN,
        "Net Income Continuous Operations": NaN,
        "Earnings From Equity Interest Net Of Tax": NaN,
        "Tax Provision": NaN,
        "Pretax Income": NaN,
        "Other Income Expense": NaN,
        "Other Non Operating Income Expenses": NaN,
        "Earnings From Equity Interest": 0.0,
        "Gain On Sale Of Security": 1303000.0,
        "Operating Income": NaN,
        "Operating Expense": NaN,
        "Research And Development": NaN,
        "Selling General And Administration": NaN,
        "General And Administrative Expense": NaN,
        "Other Gand A": NaN,
        "Total Revenue": NaN,
        "Operating Revenue": NaN
    },
    "2024-09-30": {
        "Tax Effect Of Unusual Items": 0.0,
        "Tax Rate For Calcs": 0.0,
        "Normalized EBITDA": -18691000.0,
        "Total Unusual Items": NaN,
        "Total Unusual Items Excluding Goodwill": NaN,
        "Net Income From Continuing Operation Net Minority Interest": -17595000.0,
        "Reconciled Depreciation": 123000.0,
        "EBITDA": -18691000.0,
        "EBIT": -18814000.0,
        "Net Interest Income": NaN,
        "Interest Expense": NaN,
        "Interest Income": NaN,
        "Normalized Income": -17595000.0,
        "Net Income From Continuing And Discontinued Operation": -17595000.0,
        "Total Expenses": 18814000.0,
        "Total Operating Income As Reported": -18814000.0,
        "Diluted Average Shares": 12076412.0,
        "Basic Average Shares": 12076412.0,
        "Diluted EPS": -1.46,
        "Basic EPS": -1.46,
        "Diluted NI Availto Com Stockholders": -17595000.0,
        "Net Income Common Stockholders": -17595000.0,
        "Net Income": -17595000.0,
        "Net Income Including Noncontrolling Interests": -17595000.0,
        "Net Income Continuous Operations": -17595000.0,
        "Earnings From Equity Interest Net Of Tax": 0.0,
        "Tax Provision": 0.0,
        "Pretax Income": -17595000.0,
        "Other Income Expense": 1219000.0,
        "Other Non Operating Income Expenses": 1219000.0,
        "Special Income Charges": NaN,
        "Write Off": NaN,
        "Earnings From Equity Interest": NaN,
        "Gain On Sale Of Security": NaN,
        "Net Non Operating Interest Income Expense": NaN,
        "Interest Expense Non Operating": NaN,
        "Interest Income Non Operating": NaN,
        "Operating Income": -18814000.0,
        "Operating Expense": 18814000.0,
        "Research And Development": 14346000.0,
        "Selling General And Administration": 4468000.0,
        "General And Administrative Expense": 4468000.0,
        "Other Gand A": 4468000.0,
        "Total Revenue": 0.0,
        "Operating Revenue": 0.0
    },
    "2024-12-31": {
        "Tax Effect Of Unusual Items": -147000.0,
        "Tax Rate For Calcs": 0.21,
        "Normalized EBITDA": 7409000.0,
        "Total Unusual Items": -700000.0,
        "Total Unusual Items Excluding Goodwill": -700000.0,
        "Net Income From Continuing Operation Net Minority Interest": -14189000.0,
        "Reconciled Depreciation": 120000.0,
        "EBITDA": 6709000.0,
        "EBIT": 6589000.0,
        "Net Interest Income": NaN,
        "Interest Expense": NaN,
        "Interest Income": NaN,
        "Normalized Income": -13636000.0,
        "Net Income From Continuing And Discontinued Operation": -14189000.0,
        "Total Expenses": 14526000.0,
        "Total Operating Income As Reported": -14526000.0,
        "Diluted Average Shares": NaN,
        "Basic Average Shares": NaN,
        "Diluted EPS": NaN,
        "Basic EPS": NaN,
        "Diluted NI Availto Com Stockholders": -29989000.0,
        "Net Income Common Stockholders": -14189000.0,
        "Net Income": -14189000.0,
        "Net Income Including Noncontrolling Interests": -14189000.0,
        "Net Income Continuous Operations": -14189000.0,
        "Earnings From Equity Interest Net Of Tax": 0.0,
        "Tax Provision": 21000.0,
        "Pretax Income": -14168000.0,
        "Other Income Expense": -2442000.0,
        "Other Non Operating Income Expenses": -1742000.0,
        "Special Income Charges": NaN,
        "Write Off": NaN,
        "Earnings From Equity Interest": NaN,
        "Gain On Sale Of Security": 0.0,
        "Net Non Operating Interest Income Expense": NaN,
        "Interest Expense Non Operating": NaN,
        "Interest Income Non Operating": NaN,
        "Operating Income": -14526000.0,
        "Operating Expense": 14526000.0,
        "Research And Development": 10545000.0,
        "Selling General And Administration": 3981000.0,
        "General And Administrative Expense": 3981000.0,
        "Other Gand A": 3981000.0,
        "Total Revenue": 0.0,
        "Operating Revenue": 0.0
    },
    "2023-12-31": {
        "Tax Effect Of Unusual Items": NaN,
        "Tax Rate For Calcs": NaN,
        "Normalized EBITDA": NaN,
        "Total Unusual Items": -1201000.0,
        "Total Unusual Items Excluding Goodwill": -1201000.0,
        "Net Income From Continuing Operation Net Minority Interest": NaN,
        "Reconciled Depreciation": NaN,
        "EBITDA": NaN,
        "EBIT": NaN,
        "Net Interest Income": NaN,
        "Interest Expense": NaN,
        "Interest Income": NaN,
        "Normalized Income": NaN,
        "Net Income From Continuing And Discontinued Operation": NaN,
        "Total Expenses": NaN,
        "Total Operating Income As Reported": NaN,
        "Diluted Average Shares": NaN,
        "Basic Average Shares": NaN,
        "Diluted EPS": NaN,
        "Basic EPS": NaN,
        "Diluted NI Availto Com Stockholders": NaN,
        "Net Income Common Stockholders": NaN,
        "Net Income": NaN,
        "Net Income Including Noncontrolling Interests": NaN,
        "Net Income Continuous Operations": NaN,
        "Earnings From Equity Interest Net Of Tax": NaN,
        "Tax Provision": 253000.0,
        "Pretax Income": NaN,
        "Other Income Expense": NaN,
        "Other Non Operating Income Expenses": NaN,
        "Special Income Charges": NaN,
        "Write Off": NaN,
        "Earnings From Equity Interest": NaN,
        "Gain On Sale Of Security": -1201000.0,
        "Net Non Operating Interest Income Expense": NaN,
        "Interest Expense Non Operating": NaN,
        "Interest Income Non Operating": NaN,
        "Operating Income": NaN,
        "Operating Expense": NaN,
        "Research And Development": NaN,
        "Selling General And Administration": NaN,
        "General And Administrative Expense": NaN,
        "Other Gand A": NaN,
        "Total Revenue": NaN,
        "Operating Revenue": NaN
    },
    "2025-03-31": {
        "Tax Effect Of Unusual Items": 0.0,
        "Tax Rate For Calcs": 0.0,
        "Normalized EBITDA": -10512000.0,
        "Total Unusual Items": -100000.0,
        "Total Unusual Items Excluding Goodwill": -100000.0,
        "Net Income From Continuing Operation Net Minority Interest": -11031000.0,
        "Reconciled Depreciation": 119000.0,
        "EBITDA": -10612000.0,
        "EBIT": -10731000.0,
        "Net Interest Income": 400000.0,
        "Interest Expense": 300000.0,
        "Interest Income": 700000.0,
        "Normalized Income": -10931000.0,
        "Net Income From Continuing And Discontinued Operation": -11031000.0,
        "Total Expenses": 12228000.0,
        "Total Operating Income As Reported": -12228000.0,
        "Diluted Average Shares": 12197615.0,
        "Basic Average Shares": 12197615.0,
        "Diluted EPS": -0.9,
        "Basic EPS": -0.9,
        "Diluted NI Availto Com Stockholders": -11031000.0,
        "Net Income Common Stockholders": -11031000.0,
        "Net Income": -11031000.0,
        "Net Income Including Noncontrolling Interests": -11031000.0,
        "Net Income Continuous Operations": -11031000.0,
        "Earnings From Equity Interest Net Of Tax": 0.0,
        "Tax Provision": 0.0,
        "Pretax Income": -11031000.0,
        "Other Income Expense": 900000.0,
        "Other Non Operating Income Expenses": 1000000.0,
        "Special Income Charges": -100000.0,
        "Write Off": 100000.0,
        "Earnings From Equity Interest": NaN,
        "Gain On Sale Of Security": NaN,
        "Net Non Operating Interest Income Expense": 400000.0,
        "Interest Expense Non Operating": 300000.0,
        "Interest Income Non Operating": 700000.0,
        "Operating Income": -12228000.0,
        "Operating Expense": 12228000.0,
        "Research And Development": 7124000.0,
        "Selling General And Administration": 5104000.0,
        "General And Administrative Expense": 5104000.0,
        "Other Gand A": 5104000.0,
        "Total Revenue": 0.0,
        "Operating Revenue": 0.0
    }
}