{
    "2023-03-31": {
        "Tax Effect Of Unusual Items": NaN,
        "Tax Rate For Calcs": NaN,
        "Normalized EBITDA": NaN,
        "Total Unusual Items": 353000.0,
        "Total Unusual Items Excluding Goodwill": 353000.0,
        "Net Income From Continuing Operation Net Minority Interest": NaN,
        "Reconciled Depreciation": NaN,
        "Reconciled Cost Of Revenue": NaN,
        "EBITDA": NaN,
        "EBIT": NaN,
        "Net Interest Income": NaN,
        "Interest Expense": NaN,
        "Interest Income": NaN,
        "Normalized Income": NaN,
        "Net Income From Continuing And Discontinued Operation": NaN,
        "Total Expenses": NaN,
        "Total Operating Income As Reported": NaN,
        "Diluted Average Shares": NaN,
        "Basic Average Shares": NaN,
        "Diluted EPS": NaN,
        "Basic EPS": NaN,
        "Diluted NI Availto Com Stockholders": NaN,
        "Net Income Common Stockholders": NaN,
        "Preferred Stock Dividends": 216000.0,
        "Net Income": NaN,
        "Net Income Including Noncontrolling Interests": NaN,
        "Net Income Continuous Operations": NaN,
        "Tax Provision": NaN,
        "Pretax Income": NaN,
        "Other Income Expense": 353000.0,
        "Gain On Sale Of Security": 353000.0,
        "Net Non Operating Interest Income Expense": NaN,
        "Interest Expense Non Operating": NaN,
        "Interest Income Non Operating": NaN,
        "Operating Income": NaN,
        "Operating Expense": NaN,
        "Research And Development": NaN,
        "Selling General And Administration": NaN,
        "Selling And Marketing Expense": NaN,
        "General And Administrative Expense": NaN,
        "Other Gand A": NaN,
        "Salaries And Wages": 3422448.0,
        "Gross Profit": NaN,
        "Cost Of Revenue": NaN,
        "Total Revenue": NaN,
        "Operating Revenue": NaN
    },
    "2022-12-31": {
        "Tax Effect Of Unusual Items": 0.0,
        "Tax Rate For Calcs": 0.0,
        "Normalized EBITDA": -16696415.0,
        "Net Income From Continuing Operation Net Minority Interest": -18786154.0,
        "Reconciled Depreciation": 1529935.0,
        "Reconciled Cost Of Revenue": 19242.0,
        "EBITDA": -16696415.0,
        "EBIT": -18226350.0,
        "Net Interest Income": -558100.0,
        "Interest Expense": 559804.0,
        "Interest Income": 1704.0,
        "Normalized Income": -18786154.0,
        "Net Income From Continuing And Discontinued Operation": -18786154.0,
        "Total Expenses": 18229332.0,
        "Total Operating Income As Reported": -18228054.0,
        "Diluted Average Shares": NaN,
        "Basic Average Shares": NaN,
        "Diluted EPS": NaN,
        "Basic EPS": NaN,
        "Diluted NI Availto Com Stockholders": -18786154.0,
        "Net Income Common Stockholders": -18786154.0,
        "Net Income": -18786154.0,
        "Net Income Including Noncontrolling Interests": -18786154.0,
        "Net Income Continuous Operations": -18786154.0,
        "Tax Provision": 0.0,
        "Pretax Income": -18786154.0,
        "Net Non Operating Interest Income Expense": -558100.0,
        "Interest Expense Non Operating": 559804.0,
        "Interest Income Non Operating": 1704.0,
        "Operating Income": -18228054.0,
        "Operating Expense": 18210090.0,
        "Research And Development": 1420274.0,
        "Selling General And Administration": 16789816.0,
        "General And Administrative Expense": 16789816.0,
        "Other Gand A": 3143571.0,
        "Salaries And Wages": 13646245.0,
        "Gross Profit": -17964.0,
        "Cost Of Revenue": 19242.0,
        "Total Revenue": 1278.0,
        "Operating Revenue": 1278.0
    },
    "2022-09-30": {
        "Tax Effect Of Unusual Items": NaN,
        "Tax Rate For Calcs": NaN,
        "Normalized EBITDA": NaN,
        "Net Income From Continuing Operation Net Minority Interest": NaN,
        "Reconciled Depreciation": NaN,
        "Reconciled Cost Of Revenue": NaN,
        "EBITDA": NaN,
        "EBIT": NaN,
        "Net Interest Income": NaN,
        "Interest Expense": NaN,
        "Interest Income": NaN,
        "Normalized Income": NaN,
        "Net Income From Continuing And Discontinued Operation": NaN,
        "Total Expenses": NaN,
        "Total Operating Income As Reported": NaN,
        "Diluted Average Shares": 68903577.0,
        "Basic Average Shares": 33904329.0,
        "Diluted EPS": -0.22,
        "Basic EPS": -0.22,
        "Diluted NI Availto Com Stockholders": NaN,
        "Net Income Common Stockholders": NaN,
        "Net Income": NaN,
        "Net Income Including Noncontrolling Interests": NaN,
        "Net Income Continuous Operations": NaN,
        "Tax Provision": NaN,
        "Pretax Income": NaN,
        "Net Non Operating Interest Income Expense": NaN,
        "Interest Expense Non Operating": NaN,
        "Interest Income Non Operating": NaN,
        "Operating Income": NaN,
        "Operating Expense": NaN,
        "Research And Development": NaN,
        "Selling General And Administration": NaN,
        "General And Administrative Expense": NaN,
        "Other Gand A": NaN,
        "Salaries And Wages": NaN,
        "Gross Profit": NaN,
        "Cost Of Revenue": NaN,
        "Total Revenue": NaN,
        "Operating Revenue": NaN
    },
    "2022-06-30": {
        "Tax Effect Of Unusual Items": 0.0,
        "Tax Rate For Calcs": 0.0,
        "Normalized EBITDA": -4521017.0,
        "Net Income From Continuing Operation Net Minority Interest": -5104576.0,
        "Reconciled Depreciation": 254184.0,
        "Reconciled Cost Of Revenue": 5233.0,
        "EBITDA": -4521017.0,
        "EBIT": -4775201.0,
        "Net Interest Income": -296212.0,
        "Interest Expense": 329375.0,
        "Interest Income": 33163.0,
        "Normalized Income": -5104576.0,
        "Net Income From Continuing And Discontinued Operation": -5104576.0,
        "Total Expenses": 4873848.0,
        "Total Operating Income As Reported": -4808364.0,
        "Diluted Average Shares": 44949871.0,
        "Basic Average Shares": 29204543.0,
        "Diluted EPS": -0.17,
        "Basic EPS": -0.17,
        "Diluted NI Availto Com Stockholders": -5104576.0,
        "Net Income Common Stockholders": -5104576.0,
        "Net Income": -5104576.0,
        "Net Income Including Noncontrolling Interests": -5104576.0,
        "Net Income Continuous Operations": -5104576.0,
        "Tax Provision": 0.0,
        "Pretax Income": -5104576.0,
        "Net Non Operating Interest Income Expense": -296212.0,
        "Interest Expense Non Operating": 329375.0,
        "Interest Income Non Operating": 33163.0,
        "Operating Income": -4808364.0,
        "Operating Expense": 4868615.0,
        "Research And Development": 850444.0,
        "Selling General And Administration": 4018171.0,
        "General And Administrative Expense": 4018171.0,
        "Other Gand A": 2335906.0,
        "Salaries And Wages": 1682265.0,
        "Gross Profit": 60251.0,
        "Cost Of Revenue": 5233.0,
        "Total Revenue": 65484.0,
        "Operating Revenue": 65484.0
    },
    "2023-06-30": {
        "Tax Effect Of Unusual Items": NaN,
        "Tax Rate For Calcs": NaN,
        "Normalized EBITDA": NaN,
        "Total Unusual Items": 17000.0,
        "Total Unusual Items Excluding Goodwill": 17000.0,
        "Net Income From Continuing Operation Net Minority Interest": NaN,
        "Reconciled Depreciation": NaN,
        "Reconciled Cost Of Revenue": NaN,
        "EBITDA": NaN,
        "EBIT": NaN,
        "Net Interest Income": NaN,
        "Interest Expense": NaN,
        "Interest Income": NaN,
        "Normalized Income": NaN,
        "Net Income From Continuing And Discontinued Operation": NaN,
        "Total Expenses": NaN,
        "Total Operating Income As Reported": NaN,
        "Diluted Average Shares": 62667000.0,
        "Basic Average Shares": 62667000.0,
        "Diluted EPS": -0.12,
        "Basic EPS": -0.12,
        "Diluted NI Availto Com Stockholders": NaN,
        "Net Income Common Stockholders": NaN,
        "Preferred Stock Dividends": 215000.0,
        "Net Income": NaN,
        "Net Income Including Noncontrolling Interests": NaN,
        "Net Income Continuous Operations": NaN,
        "Tax Provision": NaN,
        "Pretax Income": NaN,
        "Other Income Expense": 17000.0,
        "Gain On Sale Of Security": 17000.0,
        "Net Non Operating Interest Income Expense": NaN,
        "Interest Expense Non Operating": NaN,
        "Interest Income Non Operating": NaN,
        "Operating Income": NaN,
        "Operating Expense": NaN,
        "Research And Development": NaN,
        "Selling General And Administration": NaN,
        "Selling And Marketing Expense": NaN,
        "General And Administrative Expense": NaN,
        "Other Gand A": NaN,
        "Salaries And Wages": 2477500.0,
        "Gross Profit": NaN,
        "Cost Of Revenue": NaN,
        "Total Revenue": NaN,
        "Operating Revenue": NaN
    },
    "2023-09-30": {
        "Tax Effect Of Unusual Items": NaN,
        "Tax Rate For Calcs": NaN,
        "Normalized EBITDA": NaN,
        "Total Unusual Items": 13000.0,
        "Total Unusual Items Excluding Goodwill": 13000.0,
        "Net Income From Continuing Operation Net Minority Interest": NaN,
        "Reconciled Depreciation": NaN,
        "Reconciled Cost Of Revenue": NaN,
        "EBITDA": NaN,
        "EBIT": NaN,
        "Net Interest Income": NaN,
        "Interest Expense": NaN,
        "Interest Income": NaN,
        "Normalized Income": NaN,
        "Net Income From Continuing And Discontinued Operation": NaN,
        "Total Expenses": NaN,
        "Total Operating Income As Reported": NaN,
        "Diluted Average Shares": 71588000.0,
        "Basic Average Shares": 71588000.0,
        "Diluted EPS": -0.1,
        "Basic EPS": -0.1,
        "Diluted NI Availto Com Stockholders": NaN,
        "Net Income Common Stockholders": NaN,
        "Preferred Stock Dividends": 215000.0,
        "Net Income": NaN,
        "Net Income Including Noncontrolling Interests": NaN,
        "Net Income Continuous Operations": NaN,
        "Tax Provision": NaN,
        "Pretax Income": NaN,
        "Other Income Expense": 13000.0,
        "Gain On Sale Of Security": 13000.0,
        "Net Non Operating Interest Income Expense": NaN,
        "Interest Expense Non Operating": NaN,
        "Interest Income Non Operating": NaN,
        "Operating Income": NaN,
        "Operating Expense": NaN,
        "Research And Development": NaN,
        "Selling General And Administration": NaN,
        "Selling And Marketing Expense": NaN,
        "General And Administrative Expense": NaN,
        "Other Gand A": NaN,
        "Salaries And Wages": 3434441.0,
        "Gross Profit": NaN,
        "Cost Of Revenue": NaN,
        "Total Revenue": NaN,
        "Operating Revenue": NaN
    },
    "2023-12-31": {
        "Tax Effect Of Unusual Items": NaN,
        "Tax Rate For Calcs": NaN,
        "Normalized EBITDA": NaN,
        "Total Unusual Items": NaN,
        "Total Unusual Items Excluding Goodwill": NaN,
        "Net Income From Continuing Operation Net Minority Interest": NaN,
        "Reconciled Depreciation": NaN,
        "Reconciled Cost Of Revenue": NaN,
        "EBITDA": NaN,
        "EBIT": NaN,
        "Net Interest Income": NaN,
        "Interest Expense": NaN,
        "Interest Income": NaN,
        "Normalized Income": NaN,
        "Net Income From Continuing And Discontinued Operation": NaN,
        "Total Expenses": NaN,
        "Total Operating Income As Reported": NaN,
        "Diluted Average Shares": NaN,
        "Basic Average Shares": NaN,
        "Diluted EPS": NaN,
        "Basic EPS": NaN,
        "Diluted NI Availto Com Stockholders": NaN,
        "Net Income Common Stockholders": NaN,
        "Net Income": NaN,
        "Net Income Including Noncontrolling Interests": NaN,
        "Net Income Continuous Operations": NaN,
        "Tax Provision": NaN,
        "Pretax Income": NaN,
        "Other Income Expense": NaN,
        "Gain On Sale Of Security": NaN,
        "Net Non Operating Interest Income Expense": NaN,
        "Interest Expense Non Operating": NaN,
        "Interest Income Non Operating": NaN,
        "Operating Income": NaN,
        "Operating Expense": NaN,
        "Research And Development": NaN,
        "Selling General And Administration": NaN,
        "Selling And Marketing Expense": NaN,
        "General And Administrative Expense": NaN,
        "Other Gand A": NaN,
        "Salaries And Wages": 3436288.0,
        "Gross Profit": NaN,
        "Cost Of Revenue": NaN,
        "Total Revenue": NaN,
        "Operating Revenue": NaN
    },
    "2024-03-31": {
        "Tax Effect Of Unusual Items": 0.0,
        "Tax Rate For Calcs": 0.0,
        "Normalized EBITDA": -5437000.0,
        "Total Unusual Items": NaN,
        "Total Unusual Items Excluding Goodwill": NaN,
        "Net Income From Continuing Operation Net Minority Interest": -6436000.0,
        "Reconciled Depreciation": 844000.0,
        "Reconciled Cost Of Revenue": 16000.0,
        "EBITDA": -5437000.0,
        "EBIT": -6281000.0,
        "Net Interest Income": -117000.0,
        "Interest Expense": 155000.0,
        "Interest Income": 38000.0,
        "Normalized Income": -6436000.0,
        "Net Income From Continuing And Discontinued Operation": -6436000.0,
        "Total Expenses": 6346000.0,
        "Total Operating Income As Reported": -6319000.0,
        "Diluted Average Shares": 82478590.0,
        "Basic Average Shares": 82478590.0,
        "Diluted EPS": -0.08,
        "Basic EPS": -0.08,
        "Diluted NI Availto Com Stockholders": -6436000.0,
        "Net Income Common Stockholders": -6436000.0,
        "Net Income": -6436000.0,
        "Net Income Including Noncontrolling Interests": -6436000.0,
        "Net Income Continuous Operations": -6436000.0,
        "Tax Provision": 0.0,
        "Pretax Income": -6436000.0,
        "Other Income Expense": NaN,
        "Gain On Sale Of Security": NaN,
        "Net Non Operating Interest Income Expense": -117000.0,
        "Interest Expense Non Operating": 155000.0,
        "Interest Income Non Operating": 38000.0,
        "Operating Income": -6319000.0,
        "Operating Expense": 6330000.0,
        "Research And Development": 2220000.0,
        "Selling General And Administration": 4110000.0,
        "Selling And Marketing Expense": 451000.0,
        "General And Administrative Expense": 3659000.0,
        "Other Gand A": 3659000.0,
        "Salaries And Wages": NaN,
        "Gross Profit": 11000.0,
        "Cost Of Revenue": 16000.0,
        "Total Revenue": 27000.0,
        "Operating Revenue": 27000.0
    },
    "2024-06-30": {
        "Tax Effect Of Unusual Items": 0.0,
        "Tax Rate For Calcs": 0.0,
        "Normalized EBITDA": -4347000.0,
        "Total Unusual Items": NaN,
        "Total Unusual Items Excluding Goodwill": NaN,
        "Net Income From Continuing Operation Net Minority Interest": -5194000.0,
        "Reconciled Depreciation": 847000.0,
        "Reconciled Cost Of Revenue": 125000.0,
        "EBITDA": -4347000.0,
        "EBIT": -5194000.0,
        "Net Interest Income": 73000.0,
        "Interest Expense": 0.0,
        "Interest Income": 73000.0,
        "Normalized Income": -5194000.0,
        "Net Income From Continuing And Discontinued Operation": -5194000.0,
        "Total Expenses": 5450000.0,
        "Total Operating Income As Reported": -5267000.0,
        "Diluted Average Shares": 93550000.0,
        "Basic Average Shares": 93550000.0,
        "Diluted EPS": -0.06,
        "Basic EPS": -0.06,
        "Diluted NI Availto Com Stockholders": -5194000.0,
        "Net Income Common Stockholders": -5194000.0,
        "Net Income": -5194000.0,
        "Net Income Including Noncontrolling Interests": -5194000.0,
        "Net Income Continuous Operations": -5194000.0,
        "Tax Provision": 0.0,
        "Pretax Income": -5194000.0,
        "Other Income Expense": NaN,
        "Gain On Sale Of Security": NaN,
        "Net Non Operating Interest Income Expense": 73000.0,
        "Interest Expense Non Operating": 0.0,
        "Interest Income Non Operating": 73000.0,
        "Operating Income": -5267000.0,
        "Operating Expense": 5325000.0,
        "Research And Development": 2094000.0,
        "Selling General And Administration": 3231000.0,
        "Selling And Marketing Expense": 429000.0,
        "General And Administrative Expense": 2802000.0,
        "Other Gand A": 2802000.0,
        "Salaries And Wages": NaN,
        "Gross Profit": 58000.0,
        "Cost Of Revenue": 125000.0,
        "Total Revenue": 183000.0,
        "Operating Revenue": 183000.0
    },
    "2024-09-30": {
        "Tax Effect Of Unusual Items": 0.0,
        "Tax Rate For Calcs": 0.0,
        "Normalized EBITDA": -4517000.0,
        "Total Unusual Items": NaN,
        "Total Unusual Items Excluding Goodwill": NaN,
        "Net Income From Continuing Operation Net Minority Interest": -5675000.0,
        "Reconciled Depreciation": 851000.0,
        "Reconciled Cost Of Revenue": 92000.0,
        "EBITDA": -4517000.0,
        "EBIT": -5368000.0,
        "Net Interest Income": -237000.0,
        "Interest Expense": 307000.0,
        "Interest Income": 70000.0,
        "Normalized Income": -5675000.0,
        "Net Income From Continuing And Discontinued Operation": -5675000.0,
        "Total Expenses": 5539000.0,
        "Total Operating Income As Reported": -5438000.0,
        "Diluted Average Shares": 93048000.0,
        "Basic Average Shares": 93048000.0,
        "Diluted EPS": -0.06,
        "Basic EPS": -0.06,
        "Diluted NI Availto Com Stockholders": -5675000.0,
        "Net Income Common Stockholders": -5675000.0,
        "Net Income": -5675000.0,
        "Net Income Including Noncontrolling Interests": -5675000.0,
        "Net Income Continuous Operations": -5675000.0,
        "Tax Provision": 0.0,
        "Pretax Income": -5675000.0,
        "Other Income Expense": NaN,
        "Gain On Sale Of Security": NaN,
        "Net Non Operating Interest Income Expense": -237000.0,
        "Interest Expense Non Operating": 307000.0,
        "Interest Income Non Operating": 70000.0,
        "Operating Income": -5438000.0,
        "Operating Expense": 5447000.0,
        "Research And Development": 2244000.0,
        "Selling General And Administration": 3203000.0,
        "Selling And Marketing Expense": 363000.0,
        "General And Administrative Expense": 2840000.0,
        "Other Gand A": 2840000.0,
        "Salaries And Wages": NaN,
        "Gross Profit": 9000.0,
        "Cost Of Revenue": 92000.0,
        "Total Revenue": 101000.0,
        "Operating Revenue": 101000.0
    },
    "2024-12-31": {
        "Tax Effect Of Unusual Items": 0.0,
        "Tax Rate For Calcs": 0.0,
        "Normalized EBITDA": -47947000.0,
        "Total Unusual Items": NaN,
        "Total Unusual Items Excluding Goodwill": NaN,
        "Net Income From Continuing Operation Net Minority Interest": -51237000.0,
        "Reconciled Depreciation": 1256000.0,
        "Reconciled Cost Of Revenue": 28000.0,
        "EBITDA": -47947000.0,
        "EBIT": -49203000.0,
        "Net Interest Income": -1791000.0,
        "Interest Expense": 2034000.0,
        "Interest Income": 243000.0,
        "Normalized Income": -51237000.0,
        "Net Income From Continuing And Discontinued Operation": -51237000.0,
        "Total Expenses": 8976000.0,
        "Total Operating Income As Reported": -8914000.0,
        "Diluted Average Shares": NaN,
        "Basic Average Shares": NaN,
        "Diluted EPS": NaN,
        "Basic EPS": NaN,
        "Diluted NI Availto Com Stockholders": -51237000.0,
        "Net Income Common Stockholders": -51237000.0,
        "Net Income": -51237000.0,
        "Net Income Including Noncontrolling Interests": -51237000.0,
        "Net Income Continuous Operations": -51237000.0,
        "Tax Provision": 0.0,
        "Pretax Income": -51237000.0,
        "Other Income Expense": NaN,
        "Gain On Sale Of Security": NaN,
        "Net Non Operating Interest Income Expense": -1791000.0,
        "Interest Expense Non Operating": 2034000.0,
        "Interest Income Non Operating": 243000.0,
        "Operating Income": -8914000.0,
        "Operating Expense": 8948000.0,
        "Research And Development": 4758000.0,
        "Selling General And Administration": 4190000.0,
        "Selling And Marketing Expense": 575000.0,
        "General And Administrative Expense": 3615000.0,
        "Other Gand A": 3615000.0,
        "Salaries And Wages": NaN,
        "Gross Profit": 34000.0,
        "Cost Of Revenue": 28000.0,
        "Total Revenue": 62000.0,
        "Operating Revenue": 62000.0
    },
    "2025-03-31": {
        "Tax Effect Of Unusual Items": 0.0,
        "Tax Rate For Calcs": 0.0,
        "Normalized EBITDA": -5615000.0,
        "Total Unusual Items": 23630000.0,
        "Total Unusual Items Excluding Goodwill": 23630000.0,
        "Net Income From Continuing Operation Net Minority Interest": 16982000.0,
        "Reconciled Depreciation": 975000.0,
        "Reconciled Cost Of Revenue": 26000.0,
        "EBITDA": 18015000.0,
        "EBIT": 17040000.0,
        "Net Interest Income": 1638000.0,
        "Interest Expense": 58000.0,
        "Interest Income": 1696000.0,
        "Normalized Income": -6648000.0,
        "Net Income From Continuing And Discontinued Operation": 16982000.0,
        "Total Expenses": 8325000.0,
        "Total Operating Income As Reported": -8286000.0,
        "Diluted Average Shares": 153006000.0,
        "Basic Average Shares": 135217000.0,
        "Diluted EPS": 0.11,
        "Basic EPS": 0.13,
        "Diluted NI Availto Com Stockholders": 16982000.0,
        "Net Income Common Stockholders": 16982000.0,
        "Net Income": 16982000.0,
        "Net Income Including Noncontrolling Interests": 16982000.0,
        "Net Income Continuous Operations": 16982000.0,
        "Tax Provision": 0.0,
        "Pretax Income": 16982000.0,
        "Other Income Expense": 23630000.0,
        "Gain On Sale Of Security": 23630000.0,
        "Net Non Operating Interest Income Expense": 1638000.0,
        "Interest Expense Non Operating": 58000.0,
        "Interest Income Non Operating": 1696000.0,
        "Operating Income": -8286000.0,
        "Operating Expense": 8299000.0,
        "Research And Development": 2985000.0,
        "Selling General And Administration": 5314000.0,
        "Selling And Marketing Expense": 672000.0,
        "General And Administrative Expense": 4642000.0,
        "Other Gand A": 4642000.0,
        "Salaries And Wages": NaN,
        "Gross Profit": 13000.0,
        "Cost Of Revenue": 26000.0,
        "Total Revenue": 39000.0,
        "Operating Revenue": 39000.0
    }
}