{
    "2023-03-31": {
        "Tax Effect Of Unusual Items": NaN,
        "Tax Rate For Calcs": NaN,
        "Normalized EBITDA": NaN,
        "Total Unusual Items": NaN,
        "Total Unusual Items Excluding Goodwill": NaN,
        "Net Income From Continuing Operation Net Minority Interest": NaN,
        "Reconciled Depreciation": NaN,
        "Reconciled Cost Of Revenue": NaN,
        "EBITDA": NaN,
        "EBIT": NaN,
        "Net Interest Income": NaN,
        "Interest Expense": NaN,
        "Interest Income": NaN,
        "Normalized Income": NaN,
        "Net Income From Continuing And Discontinued Operation": NaN,
        "Total Expenses": NaN,
        "Total Operating Income As Reported": NaN,
        "Diluted Average Shares": 47436335.0,
        "Basic Average Shares": 47436335.0,
        "Diluted EPS": -1.63,
        "Basic EPS": -1.63,
        "Diluted NI Availto Com Stockholders": NaN,
        "Net Income Common Stockholders": NaN,
        "Net Income": NaN,
        "Net Income Including Noncontrolling Interests": NaN,
        "Net Income Continuous Operations": NaN,
        "Tax Provision": NaN,
        "Pretax Income": NaN,
        "Other Income Expense": NaN,
        "Gain On Sale Of Security": NaN,
        "Net Non Operating Interest Income Expense": NaN,
        "Interest Expense Non Operating": NaN,
        "Interest Income Non Operating": NaN,
        "Operating Income": NaN,
        "Operating Expense": NaN,
        "Other Operating Expenses": NaN,
        "Research And Development": NaN,
        "Selling General And Administration": NaN,
        "Gross Profit": NaN,
        "Cost Of Revenue": NaN,
        "Total Revenue": NaN,
        "Operating Revenue": NaN
    },
    "2022-12-31": {
        "Tax Effect Of Unusual Items": -4213914.0,
        "Tax Rate For Calcs": 0.258,
        "Normalized EBITDA": 28689000.0,
        "Total Unusual Items": -16333000.0,
        "Total Unusual Items Excluding Goodwill": -16333000.0,
        "Net Income From Continuing Operation Net Minority Interest": 6807000.0,
        "Reconciled Depreciation": 2331000.0,
        "Reconciled Cost Of Revenue": 1650000.0,
        "EBITDA": 12356000.0,
        "EBIT": 10025000.0,
        "Net Interest Income": -2933000.0,
        "Interest Expense": 3425000.0,
        "Interest Income": 492000.0,
        "Normalized Income": 18926086.0,
        "Net Income From Continuing And Discontinued Operation": 6807000.0,
        "Total Expenses": 76244000.0,
        "Total Operating Income As Reported": 26501000.0,
        "Diluted Average Shares": NaN,
        "Basic Average Shares": NaN,
        "Diluted EPS": NaN,
        "Basic EPS": NaN,
        "Diluted NI Availto Com Stockholders": 6807000.0,
        "Net Income Common Stockholders": 6807000.0,
        "Net Income": 6807000.0,
        "Net Income Including Noncontrolling Interests": 6807000.0,
        "Net Income Continuous Operations": 6807000.0,
        "Tax Provision": -207000.0,
        "Pretax Income": 6600000.0,
        "Other Income Expense": -16968000.0,
        "Gain On Sale Of Security": -16333000.0,
        "Net Non Operating Interest Income Expense": -2933000.0,
        "Interest Expense Non Operating": 3425000.0,
        "Interest Income Non Operating": 492000.0,
        "Operating Income": 26501000.0,
        "Operating Expense": 74594000.0,
        "Other Operating Expenses": -1991000.0,
        "Research And Development": 58328000.0,
        "Selling General And Administration": 18257000.0,
        "Gross Profit": 101095000.0,
        "Cost Of Revenue": 1650000.0,
        "Total Revenue": 102745000.0,
        "Operating Revenue": 102745000.0
    },
    "2022-09-30": {
        "Tax Effect Of Unusual Items": NaN,
        "Tax Rate For Calcs": NaN,
        "Normalized EBITDA": NaN,
        "Total Unusual Items": NaN,
        "Total Unusual Items Excluding Goodwill": NaN,
        "Net Income From Continuing Operation Net Minority Interest": NaN,
        "Reconciled Depreciation": NaN,
        "Reconciled Cost Of Revenue": NaN,
        "EBITDA": NaN,
        "EBIT": NaN,
        "Net Interest Income": NaN,
        "Interest Expense": NaN,
        "Interest Income": NaN,
        "Normalized Income": NaN,
        "Net Income From Continuing And Discontinued Operation": NaN,
        "Total Expenses": NaN,
        "Total Operating Income As Reported": NaN,
        "Diluted Average Shares": 46772430.0,
        "Basic Average Shares": 46772430.0,
        "Diluted EPS": -1.02,
        "Basic EPS": -1.02,
        "Diluted NI Availto Com Stockholders": NaN,
        "Net Income Common Stockholders": NaN,
        "Net Income": NaN,
        "Net Income Including Noncontrolling Interests": NaN,
        "Net Income Continuous Operations": NaN,
        "Tax Provision": NaN,
        "Pretax Income": NaN,
        "Other Income Expense": NaN,
        "Gain On Sale Of Security": NaN,
        "Net Non Operating Interest Income Expense": NaN,
        "Interest Expense Non Operating": NaN,
        "Interest Income Non Operating": NaN,
        "Operating Income": NaN,
        "Operating Expense": NaN,
        "Other Operating Expenses": NaN,
        "Research And Development": NaN,
        "Selling General And Administration": NaN,
        "Gross Profit": NaN,
        "Cost Of Revenue": NaN,
        "Total Revenue": NaN,
        "Operating Revenue": NaN
    },
    "2022-06-30": {
        "Tax Effect Of Unusual Items": 0.0,
        "Tax Rate For Calcs": 0.008075,
        "Normalized EBITDA": -56061000.0,
        "Total Unusual Items": 19398000.0,
        "Total Unusual Items Excluding Goodwill": 19398000.0,
        "Net Income From Continuing Operation Net Minority Interest": -39061000.0,
        "Reconciled Depreciation": 1981000.0,
        "Reconciled Cost Of Revenue": 832000.0,
        "EBITDA": -56061000.0,
        "EBIT": -56061000.0,
        "Net Interest Income": -2659000.0,
        "Interest Expense": 2694000.0,
        "Interest Income": 35000.0,
        "Normalized Income": -39061000.0,
        "Net Income From Continuing And Discontinued Operation": -39061000.0,
        "Total Expenses": 56558000.0,
        "Total Operating Income As Reported": -56061000.0,
        "Diluted Average Shares": 46668554.0,
        "Basic Average Shares": 46668554.0,
        "Diluted EPS": -0.84,
        "Basic EPS": -0.84,
        "Diluted NI Availto Com Stockholders": -39061000.0,
        "Net Income Common Stockholders": -39061000.0,
        "Net Income": -39061000.0,
        "Net Income Including Noncontrolling Interests": -39061000.0,
        "Net Income Continuous Operations": -39061000.0,
        "Tax Provision": -318000.0,
        "Pretax Income": -39379000.0,
        "Other Income Expense": 16682000.0,
        "Other Non Operating Income Expenses": 16682000.0,
        "Gain On Sale Of Security": 19398000.0,
        "Net Non Operating Interest Income Expense": -2659000.0,
        "Interest Expense Non Operating": 2694000.0,
        "Interest Income Non Operating": 35000.0,
        "Operating Income": -56061000.0,
        "Operating Expense": 55726000.0,
        "Other Operating Expenses": -2957000.0,
        "Research And Development": 46192000.0,
        "Selling General And Administration": 12491000.0,
        "Gross Profit": -335000.0,
        "Cost Of Revenue": 832000.0,
        "Total Revenue": 497000.0,
        "Operating Revenue": 497000.0
    },
    "2023-06-30": {
        "Tax Effect Of Unusual Items": NaN,
        "Tax Rate For Calcs": NaN,
        "Normalized EBITDA": NaN,
        "Total Unusual Items": NaN,
        "Total Unusual Items Excluding Goodwill": NaN,
        "Net Income From Continuing Operation Net Minority Interest": NaN,
        "Reconciled Depreciation": NaN,
        "Reconciled Cost Of Revenue": NaN,
        "EBITDA": NaN,
        "EBIT": NaN,
        "Net Interest Income": NaN,
        "Interest Expense": NaN,
        "Interest Income": NaN,
        "Normalized Income": NaN,
        "Net Income From Continuing And Discontinued Operation": NaN,
        "Total Expenses": NaN,
        "Total Operating Income As Reported": NaN,
        "Diluted Average Shares": 47649520.0,
        "Basic Average Shares": 47649520.0,
        "Diluted EPS": -1.44,
        "Basic EPS": -1.44,
        "Diluted NI Availto Com Stockholders": NaN,
        "Net Income Common Stockholders": NaN,
        "Net Income": NaN,
        "Net Income Including Noncontrolling Interests": NaN,
        "Net Income Continuous Operations": NaN,
        "Tax Provision": NaN,
        "Pretax Income": NaN,
        "Other Income Expense": NaN,
        "Gain On Sale Of Security": NaN,
        "Net Non Operating Interest Income Expense": NaN,
        "Interest Expense Non Operating": NaN,
        "Interest Income Non Operating": NaN,
        "Operating Income": NaN,
        "Operating Expense": NaN,
        "Other Operating Expenses": NaN,
        "Research And Development": NaN,
        "Selling General And Administration": NaN,
        "Gross Profit": NaN,
        "Cost Of Revenue": NaN,
        "Total Revenue": NaN,
        "Operating Revenue": NaN
    },
    "2022-03-31": {
        "Diluted EPS": -1.0,
        "Total Revenue": 2,
        "Gross Profit": 2,
        "Operating Income": -54,
        "EBIT": -52,
        "Net Income": -47
    },
    "2021-12-31": {
        "Diluted EPS": 0.23,
        "Total Revenue": 58,
        "Gross Profit": 58,
        "Operating Income": 2,
        "EBIT": 4,
        "Net Income": 8
    },
    "2021-09-30": {
        "Diluted EPS": -0.79,
        "Total Revenue": 2,
        "Gross Profit": 2,
        "Operating Income": -45,
        "EBIT": -43,
        "Net Income": -37
    },
    "2021-06-30": {
        "Diluted EPS": 8.51,
        "Total Revenue": 464,
        "Gross Profit": 441,
        "Operating Income": 398,
        "EBIT": 400,
        "Net Income": 399
    },
    "2021-03-31": {
        "Diluted EPS": -0.91,
        "Total Revenue": 0,
        "Gross Profit": 0,
        "Operating Income": -44,
        "EBIT": -43,
        "Net Income": -42
    },
    "2020-12-31": {
        "Diluted EPS": -0.01,
        "Total Revenue": 34,
        "Gross Profit": 34,
        "Operating Income": -8,
        "EBIT": -6,
        "Net Income": -1
    },
    "2020-09-30": {
        "Diluted EPS": -1.21,
        "Total Revenue": 2,
        "Gross Profit": 2,
        "Operating Income": -44,
        "EBIT": -40,
        "Net Income": -54
    },
    "2020-06-30": {
        "Diluted EPS": -0.96,
        "Total Revenue": 2,
        "Gross Profit": 2,
        "Operating Income": -38,
        "EBIT": -36,
        "Net Income": -43
    },
    "2020-03-31": {
        "Diluted EPS": -0.63,
        "Total Revenue": 0,
        "Gross Profit": 0,
        "Operating Income": -34,
        "EBIT": -33,
        "Net Income": -28
    },
    "2019-12-31": {
        "Diluted EPS": -0.96,
        "Total Revenue": 3,
        "Gross Profit": 3,
        "Operating Income": -33,
        "EBIT": -31,
        "Net Income": -41
    },
    "2019-09-30": {
        "Diluted EPS": -0.58,
        "Total Revenue": 1,
        "Gross Profit": 1,
        "Operating Income": -31,
        "EBIT": -30,
        "Net Income": -24
    },
    "2019-06-30": {
        "Diluted EPS": -0.83,
        "Total Revenue": 2,
        "Gross Profit": 2,
        "Operating Income": -29,
        "EBIT": -28,
        "Net Income": -31
    },
    "2019-03-31": {
        "Diluted EPS": -0.74,
        "Total Revenue": 1,
        "Gross Profit": 1,
        "Operating Income": -28,
        "EBIT": -26,
        "Net Income": -28
    },
    "2018-12-31": {
        "Diluted EPS": -0.59,
        "Total Revenue": 2,
        "Gross Profit": 2,
        "Operating Income": -24,
        "EBIT": -22,
        "Net Income": -22
    },
    "2018-09-30": {
        "Diluted EPS": -0.59,
        "Total Revenue": 3,
        "Gross Profit": 3,
        "Operating Income": -23,
        "EBIT": -16,
        "Net Income": -22
    },
    "2018-06-30": {
        "Diluted EPS": -0.57,
        "Total Revenue": 3,
        "Gross Profit": 3,
        "Operating Income": -21,
        "EBIT": -20,
        "Net Income": -21
    },
    "2018-03-31": {
        "Diluted EPS": -0.59,
        "Total Revenue": 3,
        "Gross Profit": 3,
        "Operating Income": -20,
        "EBIT": -18,
        "Net Income": -19
    },
    "2017-12-31": {
        "Diluted EPS": -0.91,
        "Total Revenue": 3,
        "Gross Profit": 3,
        "Operating Income": -23,
        "EBIT": -21,
        "Net Income": -27
    },
    "2017-09-30": {
        "Diluted EPS": -0.4,
        "Total Revenue": 2,
        "Gross Profit": 2,
        "Operating Income": -9,
        "EBIT": -7,
        "Net Income": -10
    },
    "2017-06-30": {
        "Diluted EPS": -0.83,
        "Total Revenue": 5,
        "Gross Profit": 5,
        "Operating Income": -20,
        "EBIT": -17,
        "Net Income": -21
    },
    "2017-03-31": {
        "Diluted EPS": -0.8,
        "Total Revenue": 3,
        "Gross Profit": 3,
        "Operating Income": -20,
        "EBIT": -18,
        "Net Income": -20
    },
    "2016-12-31": {
        "Diluted EPS": -0.58,
        "Total Revenue": 9,
        "Gross Profit": 9,
        "Operating Income": -16,
        "EBIT": -15,
        "Net Income": -15
    },
    "2016-09-30": {
        "Diluted EPS": -0.61,
        "Total Revenue": 7,
        "Gross Profit": 7,
        "Operating Income": -14,
        "EBIT": -13,
        "Net Income": -15
    },
    "2016-06-30": {
        "Diluted EPS": -0.84,
        "Total Revenue": 4,
        "Gross Profit": 4,
        "Operating Income": -22,
        "EBIT": -21,
        "Net Income": -21
    },
    "2016-03-31": {
        "Diluted EPS": -0.9,
        "Total Revenue": 4,
        "Gross Profit": 4,
        "Operating Income": -19,
        "EBIT": -18,
        "Net Income": -22
    },
    "2015-12-31": {
        "Diluted EPS": -0.81,
        "Total Revenue": 4,
        "Gross Profit": 4,
        "Operating Income": -5,
        "EBIT": -3,
        "Net Income": -19
    },
    "2015-09-30": {
        "Diluted EPS": -1.2,
        "Total Revenue": 4,
        "Gross Profit": 3,
        "Operating Income": -30,
        "EBIT": -29,
        "Net Income": -29
    },
    "2015-06-30": {
        "Diluted EPS": -0.96,
        "Total Revenue": 2,
        "Gross Profit": 2,
        "Operating Income": -21,
        "EBIT": -20,
        "Net Income": -21
    },
    "2015-03-31": {
        "Diluted EPS": -0.75,
        "Total Revenue": 1,
        "Gross Profit": 1,
        "Operating Income": -15,
        "EBIT": -14,
        "Net Income": -14
    },
    "2014-12-31": {
        "Diluted EPS": 0.0,
        "Total Revenue": 2,
        "Gross Profit": 2,
        "Operating Income": -17,
        "EBIT": -16,
        "Net Income": 0
    },
    "2014-09-30": {
        "Diluted EPS": -0.63,
        "Total Revenue": 1,
        "Gross Profit": 1,
        "Operating Income": -16,
        "EBIT": -15,
        "Net Income": -11
    },
    "2014-06-30": {
        "Diluted EPS": -0.67,
        "Total Revenue": 1,
        "Gross Profit": 1,
        "Operating Income": -13,
        "EBIT": -13,
        "Net Income": -12
    },
    "2014-03-31": {
        "Diluted EPS": -0.71,
        "Total Revenue": 2,
        "Gross Profit": 2,
        "Operating Income": -10,
        "EBIT": -10,
        "Net Income": -11
    },
    "2013-12-31": {
        "Diluted EPS": 0.0,
        "Total Revenue": NaN,
        "Gross Profit": NaN,
        "Operating Income": NaN,
        "EBIT": NaN,
        "Net Income": NaN
    },
    "2013-09-30": {
        "Diluted EPS": 0.0,
        "Total Revenue": NaN,
        "Gross Profit": NaN,
        "Operating Income": NaN,
        "EBIT": NaN,
        "Net Income": NaN
    },
    "2012-12-31": {
        "Diluted EPS": 0.0,
        "Total Revenue": NaN,
        "Gross Profit": NaN,
        "Operating Income": NaN,
        "EBIT": NaN,
        "Net Income": NaN
    },
    "2023-09-30": {
        "Tax Effect Of Unusual Items": NaN,
        "Tax Rate For Calcs": NaN,
        "Normalized EBITDA": NaN,
        "Total Unusual Items": NaN,
        "Total Unusual Items Excluding Goodwill": NaN,
        "Net Income From Continuing Operation Net Minority Interest": NaN,
        "Reconciled Depreciation": NaN,
        "Reconciled Cost Of Revenue": NaN,
        "EBITDA": NaN,
        "EBIT": NaN,
        "Net Interest Income": NaN,
        "Interest Expense": NaN,
        "Interest Income": NaN,
        "Normalized Income": NaN,
        "Net Income From Continuing And Discontinued Operation": NaN,
        "Total Expenses": NaN,
        "Total Operating Income As Reported": NaN,
        "Diluted Average Shares": 47770101.0,
        "Basic Average Shares": 47770101.0,
        "Diluted EPS": -1.88,
        "Basic EPS": -1.88,
        "Diluted NI Availto Com Stockholders": NaN,
        "Net Income Common Stockholders": NaN,
        "Net Income": NaN,
        "Net Income Including Noncontrolling Interests": NaN,
        "Net Income Continuous Operations": NaN,
        "Tax Provision": NaN,
        "Pretax Income": NaN,
        "Other Income Expense": NaN,
        "Gain On Sale Of Security": NaN,
        "Net Non Operating Interest Income Expense": NaN,
        "Interest Expense Non Operating": NaN,
        "Interest Income Non Operating": NaN,
        "Operating Income": NaN,
        "Operating Expense": NaN,
        "Other Operating Expenses": NaN,
        "Research And Development": NaN,
        "Selling General And Administration": NaN,
        "Gross Profit": NaN,
        "Cost Of Revenue": NaN,
        "Total Revenue": NaN,
        "Operating Revenue": NaN
    },
    "2023-12-31": {
        "Tax Effect Of Unusual Items": 30444.0,
        "Tax Rate For Calcs": 0.258,
        "Normalized EBITDA": -50391000.0,
        "Total Unusual Items": 118000.0,
        "Total Unusual Items Excluding Goodwill": 118000.0,
        "Net Income From Continuing Operation Net Minority Interest": -73206000.0,
        "Reconciled Depreciation": 4188000.0,
        "Reconciled Cost Of Revenue": 8835000.0,
        "EBITDA": -50273000.0,
        "EBIT": -54461000.0,
        "Net Interest Income": -8542000.0,
        "Interest Expense": 15711000.0,
        "Interest Income": 7169000.0,
        "Normalized Income": -73293556.0,
        "Net Income From Continuing And Discontinued Operation": -73206000.0,
        "Total Expenses": 68437000.0,
        "Total Operating Income As Reported": -61748000.0,
        "Diluted Average Shares": NaN,
        "Basic Average Shares": NaN,
        "Diluted EPS": NaN,
        "Basic EPS": NaN,
        "Diluted NI Availto Com Stockholders": -73206000.0,
        "Net Income Common Stockholders": -73206000.0,
        "Net Income": -73206000.0,
        "Net Income Including Noncontrolling Interests": -73206000.0,
        "Net Income Continuous Operations": -73206000.0,
        "Tax Provision": 3034000.0,
        "Pretax Income": -70172000.0,
        "Other Income Expense": 118000.0,
        "Gain On Sale Of Security": 118000.0,
        "Net Non Operating Interest Income Expense": -8542000.0,
        "Interest Expense Non Operating": 15711000.0,
        "Interest Income Non Operating": 7169000.0,
        "Operating Income": -61748000.0,
        "Operating Expense": 59602000.0,
        "Other Operating Expenses": -505000.0,
        "Research And Development": 42619000.0,
        "Selling General And Administration": 17488000.0,
        "Gross Profit": -2146000.0,
        "Cost Of Revenue": 8835000.0,
        "Total Revenue": 6689000.0,
        "Operating Revenue": 6689000.0
    },
    "2024-03-31": {
        "Tax Effect Of Unusual Items": NaN,
        "Tax Rate For Calcs": NaN,
        "Normalized EBITDA": NaN,
        "Total Unusual Items": NaN,
        "Total Unusual Items Excluding Goodwill": NaN,
        "Net Income From Continuing Operation Net Minority Interest": NaN,
        "Reconciled Depreciation": NaN,
        "Reconciled Cost Of Revenue": NaN,
        "EBITDA": NaN,
        "EBIT": NaN,
        "Net Interest Income": NaN,
        "Interest Expense": NaN,
        "Interest Income": NaN,
        "Normalized Income": NaN,
        "Net Income From Continuing And Discontinued Operation": NaN,
        "Total Expenses": NaN,
        "Total Operating Income As Reported": NaN,
        "Diluted Average Shares": 48384510.0,
        "Basic Average Shares": 48384510.0,
        "Diluted EPS": -1.36,
        "Basic EPS": -1.36,
        "Diluted NI Availto Com Stockholders": NaN,
        "Net Income Common Stockholders": NaN,
        "Net Income": NaN,
        "Net Income Including Noncontrolling Interests": NaN,
        "Net Income Continuous Operations": NaN,
        "Tax Provision": NaN,
        "Pretax Income": NaN,
        "Other Income Expense": NaN,
        "Other Non Operating Income Expenses": NaN,
        "Special Income Charges": NaN,
        "Gain On Sale Of Ppe": NaN,
        "Gain On Sale Of Security": NaN,
        "Net Non Operating Interest Income Expense": NaN,
        "Interest Expense Non Operating": NaN,
        "Interest Income Non Operating": NaN,
        "Operating Income": NaN,
        "Operating Expense": NaN,
        "Other Operating Expenses": NaN,
        "Research And Development": NaN,
        "Selling General And Administration": NaN,
        "Gross Profit": NaN,
        "Cost Of Revenue": NaN,
        "Total Revenue": NaN,
        "Operating Revenue": NaN
    },
    "2024-06-30": {
        "Tax Effect Of Unusual Items": NaN,
        "Tax Rate For Calcs": NaN,
        "Normalized EBITDA": NaN,
        "Total Unusual Items": NaN,
        "Total Unusual Items Excluding Goodwill": NaN,
        "Net Income From Continuing Operation Net Minority Interest": NaN,
        "Reconciled Depreciation": NaN,
        "Reconciled Cost Of Revenue": NaN,
        "EBITDA": NaN,
        "EBIT": NaN,
        "Net Interest Income": NaN,
        "Interest Expense": NaN,
        "Interest Income": NaN,
        "Normalized Income": NaN,
        "Net Income From Continuing And Discontinued Operation": NaN,
        "Total Expenses": NaN,
        "Rent Expense Supplemental": NaN,
        "Total Operating Income As Reported": NaN,
        "Diluted Average Shares": 48622440.0,
        "Basic Average Shares": 48622440.0,
        "Diluted EPS": -1.16,
        "Basic EPS": -1.16,
        "Diluted NI Availto Com Stockholders": NaN,
        "Net Income Common Stockholders": NaN,
        "Net Income": NaN,
        "Net Income Including Noncontrolling Interests": NaN,
        "Net Income Continuous Operations": NaN,
        "Tax Provision": NaN,
        "Pretax Income": NaN,
        "Other Income Expense": NaN,
        "Other Non Operating Income Expenses": NaN,
        "Special Income Charges": 0.0,
        "Gain On Sale Of Ppe": 0.0,
        "Gain On Sale Of Business": NaN,
        "Gain On Sale Of Security": NaN,
        "Net Non Operating Interest Income Expense": NaN,
        "Total Other Finance Cost": NaN,
        "Interest Expense Non Operating": NaN,
        "Interest Income Non Operating": NaN,
        "Operating Income": NaN,
        "Operating Expense": NaN,
        "Other Operating Expenses": NaN,
        "Research And Development": NaN,
        "Selling General And Administration": NaN,
        "General And Administrative Expense": NaN,
        "Other Gand A": NaN,
        "Rent And Landing Fees": NaN,
        "Gross Profit": NaN,
        "Cost Of Revenue": NaN,
        "Total Revenue": NaN,
        "Operating Revenue": NaN
    },
    "2024-09-30": {
        "Tax Effect Of Unusual Items": 8735.0,
        "Tax Rate For Calcs": 0.001,
        "Normalized EBITDA": -33547000.0,
        "Total Unusual Items": 8735000.0,
        "Total Unusual Items Excluding Goodwill": 8735000.0,
        "Net Income From Continuing Operation Net Minority Interest": -44378000.0,
        "Reconciled Depreciation": 2986000.0,
        "Reconciled Cost Of Revenue": 1021000.0,
        "EBITDA": -24812000.0,
        "EBIT": -27798000.0,
        "Net Interest Income": -11745000.0,
        "Interest Expense": 16611000.0,
        "Interest Income": 4866000.0,
        "Normalized Income": -53104265.0,
        "Net Income From Continuing And Discontinued Operation": -44378000.0,
        "Total Expenses": 42235000.0,
        "Rent Expense Supplemental": 115000.0,
        "Total Operating Income As Reported": -40228000.0,
        "Diluted Average Shares": 48718533.0,
        "Basic Average Shares": 48718533.0,
        "Diluted EPS": -0.91,
        "Basic EPS": -0.91,
        "Diluted NI Availto Com Stockholders": -44378000.0,
        "Net Income Common Stockholders": -44378000.0,
        "Net Income": -44378000.0,
        "Net Income Including Noncontrolling Interests": -44378000.0,
        "Net Income Continuous Operations": -44378000.0,
        "Tax Provision": -31000.0,
        "Pretax Income": -44409000.0,
        "Other Income Expense": 7284000.0,
        "Other Non Operating Income Expenses": -1451000.0,
        "Special Income Charges": 1171000.0,
        "Gain On Sale Of Ppe": NaN,
        "Gain On Sale Of Business": 1171000.0,
        "Gain On Sale Of Security": 7564000.0,
        "Net Non Operating Interest Income Expense": -11745000.0,
        "Total Other Finance Cost": NaN,
        "Interest Expense Non Operating": 16611000.0,
        "Interest Income Non Operating": 4866000.0,
        "Operating Income": -39948000.0,
        "Operating Expense": 41214000.0,
        "Other Operating Expenses": -1071000.0,
        "Research And Development": 30595000.0,
        "Selling General And Administration": 11690000.0,
        "General And Administrative Expense": 11690000.0,
        "Other Gand A": 11575000.0,
        "Rent And Landing Fees": 115000.0,
        "Gross Profit": 1266000.0,
        "Cost Of Revenue": 1021000.0,
        "Total Revenue": 2287000.0,
        "Operating Revenue": 2287000.0
    },
    "2024-12-31": {
        "Tax Effect Of Unusual Items": -4130580.0,
        "Tax Rate For Calcs": 0.258,
        "Normalized EBITDA": -37163000.0,
        "Total Unusual Items": -16010000.0,
        "Total Unusual Items Excluding Goodwill": -16010000.0,
        "Net Income From Continuing Operation Net Minority Interest": -73261000.0,
        "Reconciled Depreciation": 4356000.0,
        "Reconciled Cost Of Revenue": 619000.0,
        "EBITDA": -53173000.0,
        "EBIT": -57529000.0,
        "Net Interest Income": -10640000.0,
        "Interest Expense": 14876000.0,
        "Interest Income": 4236000.0,
        "Normalized Income": -61381580.0,
        "Net Income From Continuing And Discontinued Operation": -73261000.0,
        "Total Expenses": 51320000.0,
        "Rent Expense Supplemental": NaN,
        "Total Operating Income As Reported": -45828000.0,
        "Diluted Average Shares": NaN,
        "Basic Average Shares": NaN,
        "Diluted EPS": NaN,
        "Basic EPS": NaN,
        "Diluted NI Availto Com Stockholders": -73261000.0,
        "Net Income Common Stockholders": -73261000.0,
        "Net Income": -73261000.0,
        "Net Income Including Noncontrolling Interests": -73261000.0,
        "Net Income Continuous Operations": -73261000.0,
        "Tax Provision": 856000.0,
        "Pretax Income": -72405000.0,
        "Other Income Expense": -15666000.0,
        "Other Non Operating Income Expenses": 344000.0,
        "Special Income Charges": NaN,
        "Gain On Sale Of Ppe": NaN,
        "Gain On Sale Of Business": NaN,
        "Gain On Sale Of Security": -15937000.0,
        "Net Non Operating Interest Income Expense": -10640000.0,
        "Total Other Finance Cost": NaN,
        "Interest Expense Non Operating": 14876000.0,
        "Interest Income Non Operating": 4236000.0,
        "Operating Income": -46099000.0,
        "Operating Expense": 50701000.0,
        "Other Operating Expenses": 348000.0,
        "Research And Development": 38840000.0,
        "Selling General And Administration": 9403000.0,
        "General And Administrative Expense": NaN,
        "Other Gand A": NaN,
        "Rent And Landing Fees": NaN,
        "Gross Profit": 4602000.0,
        "Cost Of Revenue": 619000.0,
        "Total Revenue": 5221000.0,
        "Operating Revenue": 5221000.0
    },
    "2025-03-31": {
        "Tax Effect Of Unusual Items": 1850376.0,
        "Tax Rate For Calcs": 0.258,
        "Normalized EBITDA": -30677000.0,
        "Total Unusual Items": 7172000.0,
        "Total Unusual Items Excluding Goodwill": 7172000.0,
        "Net Income From Continuing Operation Net Minority Interest": -43637000.0,
        "Reconciled Depreciation": 4527000.0,
        "Reconciled Cost Of Revenue": 197000.0,
        "EBITDA": -23505000.0,
        "EBIT": -28032000.0,
        "Net Interest Income": -10982000.0,
        "Interest Expense": 15109000.0,
        "Interest Income": 4127000.0,
        "Normalized Income": -48958624.0,
        "Net Income From Continuing And Discontinued Operation": -43637000.0,
        "Total Expenses": 38939000.0,
        "Rent Expense Supplemental": NaN,
        "Total Operating Income As Reported": -39331000.0,
        "Diluted Average Shares": 54807967.0,
        "Basic Average Shares": 54807967.0,
        "Diluted EPS": -0.69,
        "Basic EPS": -0.69,
        "Diluted NI Availto Com Stockholders": -43637000.0,
        "Net Income Common Stockholders": -43637000.0,
        "Net Income": -43637000.0,
        "Net Income Including Noncontrolling Interests": -43637000.0,
        "Net Income Continuous Operations": -43637000.0,
        "Tax Provision": 496000.0,
        "Pretax Income": -43141000.0,
        "Other Income Expense": 5213000.0,
        "Other Non Operating Income Expenses": -1959000.0,
        "Special Income Charges": NaN,
        "Gain On Sale Of Ppe": NaN,
        "Gain On Sale Of Business": NaN,
        "Gain On Sale Of Security": 7172000.0,
        "Net Non Operating Interest Income Expense": -10982000.0,
        "Total Other Finance Cost": NaN,
        "Interest Expense Non Operating": 15109000.0,
        "Interest Income Non Operating": 4127000.0,
        "Operating Income": -37372000.0,
        "Operating Expense": 38742000.0,
        "Other Operating Expenses": -8306000.0,
        "Research And Development": 36140000.0,
        "Selling General And Administration": 10908000.0,
        "General And Administrative Expense": NaN,
        "Other Gand A": NaN,
        "Rent And Landing Fees": NaN,
        "Gross Profit": 1370000.0,
        "Cost Of Revenue": 197000.0,
        "Total Revenue": 1567000.0,
        "Operating Revenue": 1567000.0
    },
    "2025-06-30": {
        "Tax Effect Of Unusual Items": 4808604.0,
        "Tax Rate For Calcs": 0.258,
        "Normalized EBITDA": -36711000.0,
        "Total Unusual Items": 18638000.0,
        "Total Unusual Items Excluding Goodwill": 18638000.0,
        "Net Income From Continuing Operation Net Minority Interest": -37719000.0,
        "Reconciled Depreciation": 3630000.0,
        "Reconciled Cost Of Revenue": 656000.0,
        "EBITDA": -18073000.0,
        "EBIT": -21703000.0,
        "Net Interest Income": -12067000.0,
        "Interest Expense": 15591000.0,
        "Interest Income": 3524000.0,
        "Normalized Income": -51548396.0,
        "Net Income From Continuing And Discontinued Operation": -37719000.0,
        "Total Expenses": 48147000.0,
        "Rent Expense Supplemental": NaN,
        "Total Operating Income As Reported": -43865000.0,
        "Diluted Average Shares": 54807967.0,
        "Basic Average Shares": 54807967.0,
        "Diluted EPS": -0.69,
        "Basic EPS": -0.69,
        "Diluted NI Availto Com Stockholders": -37719000.0,
        "Net Income Common Stockholders": -37719000.0,
        "Net Income": -37719000.0,
        "Net Income Including Noncontrolling Interests": -37719000.0,
        "Net Income Continuous Operations": -37719000.0,
        "Tax Provision": 425000.0,
        "Pretax Income": -37294000.0,
        "Other Income Expense": 17658000.0,
        "Other Non Operating Income Expenses": -980000.0,
        "Special Income Charges": 0.0,
        "Gain On Sale Of Ppe": 0.0,
        "Gain On Sale Of Business": NaN,
        "Gain On Sale Of Security": 18638000.0,
        "Net Non Operating Interest Income Expense": -12067000.0,
        "Total Other Finance Cost": NaN,
        "Interest Expense Non Operating": 15591000.0,
        "Interest Income Non Operating": 3524000.0,
        "Operating Income": -42885000.0,
        "Operating Expense": 47491000.0,
        "Other Operating Expenses": -1392000.0,
        "Research And Development": 35383000.0,
        "Selling General And Administration": 13500000.0,
        "General And Administrative Expense": NaN,
        "Other Gand A": NaN,
        "Rent And Landing Fees": NaN,
        "Gross Profit": 4606000.0,
        "Cost Of Revenue": 656000.0,
        "Total Revenue": 5262000.0,
        "Operating Revenue": 5262000.0
    },
    "2025-09-30": {
        "Tax Effect Of Unusual Items": -738000.0,
        "Tax Rate For Calcs": 0.12,
        "Normalized EBITDA": -45400000.0,
        "Total Unusual Items": -6150000.0,
        "Total Unusual Items Excluding Goodwill": -6150000.0,
        "Net Income From Continuing Operation Net Minority Interest": -80529000.0,
        "Reconciled Depreciation": 3632000.0,
        "Reconciled Cost Of Revenue": 398000.0,
        "EBITDA": -51550000.0,
        "EBIT": -55182000.0,
        "Net Interest Income": -14718000.0,
        "Interest Expense": 16721000.0,
        "Interest Income": 3503000.0,
        "Normalized Income": -75117000.0,
        "Net Income From Continuing And Discontinued Operation": -80529000.0,
        "Total Expenses": 53190000.0,
        "Rent Expense Supplemental": NaN,
        "Total Operating Income As Reported": -51035000.0,
        "Diluted Average Shares": 58516415.0,
        "Basic Average Shares": 58516415.0,
        "Diluted EPS": -1.38,
        "Basic EPS": -1.38,
        "Diluted NI Availto Com Stockholders": -80529000.0,
        "Net Income Common Stockholders": -80529000.0,
        "Net Income": -80529000.0,
        "Net Income Including Noncontrolling Interests": -80529000.0,
        "Net Income Continuous Operations": -80529000.0,
        "Tax Provision": 8626000.0,
        "Pretax Income": -71903000.0,
        "Other Income Expense": -7696000.0,
        "Other Non Operating Income Expenses": -1546000.0,
        "Special Income Charges": 0.0,
        "Gain On Sale Of Ppe": NaN,
        "Gain On Sale Of Business": 0.0,
        "Gain On Sale Of Security": -6150000.0,
        "Net Non Operating Interest Income Expense": -14718000.0,
        "Total Other Finance Cost": 1500000.0,
        "Interest Expense Non Operating": 16721000.0,
        "Interest Income Non Operating": 3503000.0,
        "Operating Income": -49489000.0,
        "Operating Expense": 52792000.0,
        "Other Operating Expenses": -1012000.0,
        "Research And Development": 34366000.0,
        "Selling General And Administration": 19438000.0,
        "General And Administrative Expense": NaN,
        "Other Gand A": NaN,
        "Rent And Landing Fees": NaN,
        "Gross Profit": 3303000.0,
        "Cost Of Revenue": 398000.0,
        "Total Revenue": 3701000.0,
        "Operating Revenue": 3701000.0
    }
}