{
    "2024-09-30": {
        "Tax Effect Of Unusual Items": 0.0,
        "Tax Rate For Calcs": 0.0,
        "Normalized EBITDA": 234000000.0,
        "Total Unusual Items": -22000000.0,
        "Total Unusual Items Excluding Goodwill": -22000000.0,
        "Net Income From Continuing Operation Net Minority Interest": -23000000.0,
        "Reconciled Depreciation": 95000000.0,
        "Reconciled Cost Of Revenue": 1517000000.0,
        "EBITDA": 212000000.0,
        "EBIT": 117000000.0,
        "Net Interest Income": -117000000.0,
        "Interest Expense": 117000000.0,
        "Interest Income": NaN,
        "Normalized Income": -1000000.0,
        "Net Income From Continuing And Discontinued Operation": -23000000.0,
        "Total Expenses": 2192000000.0,
        "Total Operating Income As Reported": 152000000.0,
        "Diluted Average Shares": 7940000.0,
        "Basic Average Shares": 396000000.0,
        "Diluted EPS": -0.06,
        "Basic EPS": -0.06,
        "Diluted NI Availto Com Stockholders": -23000000.0,
        "Net Income Common Stockholders": -23000000.0,
        "Net Income": -23000000.0,
        "Minority Interests": -8000000.0,
        "Net Income Including Noncontrolling Interests": -15000000.0,
        "Net Income Continuous Operations": -15000000.0,
        "Tax Provision": 15000000.0,
        "Pretax Income": 0.0,
        "Other Income Expense": -35000000.0,
        "Other Non Operating Income Expenses": -13000000.0,
        "Special Income Charges": 0.0,
        "Gain On Sale Of Ppe": 0.0,
        "Gain On Sale Of Business": 0.0,
        "Other Special Charges": NaN,
        "Impairment Of Capital Assets": NaN,
        "Restructuring And Mergern Acquisition": 0.0,
        "Gain On Sale Of Security": -22000000.0,
        "Net Non Operating Interest Income Expense": -117000000.0,
        "Interest Expense Non Operating": 117000000.0,
        "Interest Income Non Operating": NaN,
        "Operating Income": 152000000.0,
        "Operating Expense": 675000000.0,
        "Other Operating Expenses": 175000000.0,
        "Depreciation Amortization Depletion Income Statement": 95000000.0,
        "Depreciation And Amortization In Income Statement": 95000000.0,
        "Selling General And Administration": 405000000.0,
        "Gross Profit": 827000000.0,
        "Cost Of Revenue": 1517000000.0,
        "Total Revenue": 2344000000.0,
        "Operating Revenue": 2344000000.0
    },
    "2024-06-30": {
        "Tax Effect Of Unusual Items": -4160000.0,
        "Tax Rate For Calcs": 0.32,
        "Normalized EBITDA": 275000000.0,
        "Total Unusual Items": -13000000.0,
        "Total Unusual Items Excluding Goodwill": -13000000.0,
        "Net Income From Continuing Operation Net Minority Interest": 20000000.0,
        "Reconciled Depreciation": 96000000.0,
        "Reconciled Cost Of Revenue": 1532000000.0,
        "EBITDA": 262000000.0,
        "EBIT": 166000000.0,
        "Net Interest Income": -119000000.0,
        "Interest Expense": 119000000.0,
        "Interest Income": NaN,
        "Normalized Income": 28840000.0,
        "Net Income From Continuing And Discontinued Operation": 20000000.0,
        "Total Expenses": 2224000000.0,
        "Total Operating Income As Reported": 165000000.0,
        "Diluted Average Shares": 7940000.0,
        "Basic Average Shares": 396000000.0,
        "Diluted EPS": 2.5,
        "Basic EPS": 2.5,
        "Diluted NI Availto Com Stockholders": 20000000.0,
        "Net Income Common Stockholders": 20000000.0,
        "Net Income": 20000000.0,
        "Minority Interests": -12000000.0,
        "Net Income Including Noncontrolling Interests": 32000000.0,
        "Net Income Continuous Operations": 32000000.0,
        "Tax Provision": 15000000.0,
        "Pretax Income": 47000000.0,
        "Other Income Expense": -17000000.0,
        "Other Non Operating Income Expenses": -4000000.0,
        "Special Income Charges": -18000000.0,
        "Gain On Sale Of Ppe": 0.0,
        "Gain On Sale Of Business": 0.0,
        "Other Special Charges": NaN,
        "Impairment Of Capital Assets": NaN,
        "Restructuring And Mergern Acquisition": 18000000.0,
        "Gain On Sale Of Security": 5000000.0,
        "Net Non Operating Interest Income Expense": -119000000.0,
        "Interest Expense Non Operating": 119000000.0,
        "Interest Income Non Operating": NaN,
        "Operating Income": 183000000.0,
        "Operating Expense": 692000000.0,
        "Other Operating Expenses": 178000000.0,
        "Depreciation Amortization Depletion Income Statement": 96000000.0,
        "Depreciation And Amortization In Income Statement": 96000000.0,
        "Selling General And Administration": 418000000.0,
        "Gross Profit": 875000000.0,
        "Cost Of Revenue": 1532000000.0,
        "Total Revenue": 2407000000.0,
        "Operating Revenue": 2407000000.0
    },
    "2024-03-31": {
        "Tax Effect Of Unusual Items": 1260000.0,
        "Tax Rate For Calcs": 0.21,
        "Normalized EBITDA": 241000000.0,
        "Total Unusual Items": 6000000.0,
        "Total Unusual Items Excluding Goodwill": 6000000.0,
        "Net Income From Continuing Operation Net Minority Interest": -1000000.0,
        "Reconciled Depreciation": 99000000.0,
        "Reconciled Cost Of Revenue": 1511000000.0,
        "EBITDA": 247000000.0,
        "EBIT": 148000000.0,
        "Net Interest Income": -117000000.0,
        "Interest Expense": 117000000.0,
        "Interest Income": NaN,
        "Normalized Income": -5740000.0,
        "Net Income From Continuing And Discontinued Operation": -1000000.0,
        "Total Expenses": 2198000000.0,
        "Total Operating Income As Reported": 145000000.0,
        "Diluted Average Shares": 393000000.0,
        "Basic Average Shares": 7840000.0,
        "Diluted EPS": 0.0,
        "Basic EPS": 0.0,
        "Diluted NI Availto Com Stockholders": -1000000.0,
        "Net Income Common Stockholders": -1000000.0,
        "Net Income": -1000000.0,
        "Minority Interests": -9000000.0,
        "Net Income Including Noncontrolling Interests": 8000000.0,
        "Net Income Continuous Operations": 8000000.0,
        "Tax Provision": 23000000.0,
        "Pretax Income": 31000000.0,
        "Other Income Expense": 4000000.0,
        "Other Non Operating Income Expenses": -2000000.0,
        "Special Income Charges": 1000000.0,
        "Gain On Sale Of Ppe": 1000000.0,
        "Gain On Sale Of Business": NaN,
        "Other Special Charges": NaN,
        "Impairment Of Capital Assets": NaN,
        "Restructuring And Mergern Acquisition": 0.0,
        "Gain On Sale Of Security": 5000000.0,
        "Net Non Operating Interest Income Expense": -117000000.0,
        "Interest Expense Non Operating": 117000000.0,
        "Interest Income Non Operating": NaN,
        "Operating Income": 144000000.0,
        "Operating Expense": 687000000.0,
        "Other Operating Expenses": 180000000.0,
        "Depreciation Amortization Depletion Income Statement": 99000000.0,
        "Depreciation And Amortization In Income Statement": 99000000.0,
        "Selling General And Administration": 408000000.0,
        "Gross Profit": 831000000.0,
        "Cost Of Revenue": 1511000000.0,
        "Total Revenue": 2342000000.0,
        "Operating Revenue": 2342000000.0
    },
    "2023-12-31": {
        "Tax Effect Of Unusual Items": NaN,
        "Tax Rate For Calcs": NaN,
        "Normalized EBITDA": NaN,
        "Total Unusual Items": NaN,
        "Total Unusual Items Excluding Goodwill": NaN,
        "Net Income From Continuing Operation Net Minority Interest": NaN,
        "Reconciled Depreciation": NaN,
        "Reconciled Cost Of Revenue": NaN,
        "EBITDA": NaN,
        "EBIT": NaN,
        "Net Interest Income": NaN,
        "Interest Expense": NaN,
        "Interest Income": NaN,
        "Normalized Income": NaN,
        "Net Income From Continuing And Discontinued Operation": NaN,
        "Total Expenses": NaN,
        "Total Operating Income As Reported": NaN,
        "Diluted Average Shares": NaN,
        "Basic Average Shares": NaN,
        "Diluted EPS": NaN,
        "Basic EPS": NaN,
        "Diluted NI Availto Com Stockholders": NaN,
        "Net Income Common Stockholders": NaN,
        "Net Income": NaN,
        "Minority Interests": NaN,
        "Net Income Including Noncontrolling Interests": NaN,
        "Net Income Continuous Operations": NaN,
        "Tax Provision": NaN,
        "Pretax Income": NaN,
        "Other Income Expense": NaN,
        "Other Non Operating Income Expenses": NaN,
        "Special Income Charges": NaN,
        "Gain On Sale Of Ppe": NaN,
        "Gain On Sale Of Business": 0.0,
        "Other Special Charges": NaN,
        "Impairment Of Capital Assets": 326000000.0,
        "Restructuring And Mergern Acquisition": NaN,
        "Gain On Sale Of Security": NaN,
        "Net Non Operating Interest Income Expense": NaN,
        "Interest Expense Non Operating": NaN,
        "Interest Income Non Operating": NaN,
        "Operating Income": NaN,
        "Operating Expense": NaN,
        "Other Operating Expenses": NaN,
        "Depreciation Amortization Depletion Income Statement": NaN,
        "Depreciation And Amortization In Income Statement": NaN,
        "Selling General And Administration": NaN,
        "Gross Profit": NaN,
        "Cost Of Revenue": NaN,
        "Total Revenue": NaN,
        "Operating Revenue": NaN
    },
    "2023-09-30": {
        "Tax Effect Of Unusual Items": NaN,
        "Tax Rate For Calcs": NaN,
        "Normalized EBITDA": NaN,
        "Total Unusual Items": NaN,
        "Total Unusual Items Excluding Goodwill": NaN,
        "Net Income From Continuing Operation Net Minority Interest": NaN,
        "Reconciled Depreciation": NaN,
        "Reconciled Cost Of Revenue": NaN,
        "EBITDA": NaN,
        "EBIT": NaN,
        "Net Interest Income": NaN,
        "Interest Expense": NaN,
        "Interest Income": 14000000.0,
        "Normalized Income": NaN,
        "Net Income From Continuing And Discontinued Operation": NaN,
        "Total Expenses": NaN,
        "Total Operating Income As Reported": NaN,
        "Diluted Average Shares": 389000000.0,
        "Basic Average Shares": 388000000.0,
        "Diluted EPS": 0.128535,
        "Basic EPS": 0.002577,
        "Diluted NI Availto Com Stockholders": NaN,
        "Net Income Common Stockholders": NaN,
        "Net Income": NaN,
        "Minority Interests": NaN,
        "Net Income Including Noncontrolling Interests": NaN,
        "Net Income Continuous Operations": NaN,
        "Tax Provision": NaN,
        "Pretax Income": NaN,
        "Other Income Expense": NaN,
        "Other Non Operating Income Expenses": NaN,
        "Special Income Charges": NaN,
        "Gain On Sale Of Ppe": NaN,
        "Gain On Sale Of Business": 0.0,
        "Other Special Charges": -1000000.0,
        "Impairment Of Capital Assets": 0.0,
        "Restructuring And Mergern Acquisition": NaN,
        "Gain On Sale Of Security": NaN,
        "Net Non Operating Interest Income Expense": NaN,
        "Interest Expense Non Operating": NaN,
        "Interest Income Non Operating": 14000000.0,
        "Operating Income": NaN,
        "Operating Expense": NaN,
        "Other Operating Expenses": NaN,
        "Depreciation Amortization Depletion Income Statement": NaN,
        "Depreciation And Amortization In Income Statement": NaN,
        "Selling General And Administration": NaN,
        "Gross Profit": NaN,
        "Cost Of Revenue": NaN,
        "Total Revenue": NaN,
        "Operating Revenue": NaN
    },
    "2023-06-30": {
        "Tax Effect Of Unusual Items": NaN,
        "Tax Rate For Calcs": NaN,
        "Normalized EBITDA": NaN,
        "Total Unusual Items": NaN,
        "Total Unusual Items Excluding Goodwill": NaN,
        "Net Income From Continuing Operation Net Minority Interest": NaN,
        "Reconciled Depreciation": NaN,
        "Reconciled Cost Of Revenue": NaN,
        "EBITDA": NaN,
        "EBIT": NaN,
        "Net Interest Income": NaN,
        "Interest Expense": NaN,
        "Interest Income": NaN,
        "Normalized Income": NaN,
        "Net Income From Continuing And Discontinued Operation": NaN,
        "Total Expenses": NaN,
        "Total Operating Income As Reported": NaN,
        "Diluted Average Shares": 389000000.0,
        "Basic Average Shares": 388000000.0,
        "Diluted EPS": 0.28,
        "Basic EPS": 0.28,
        "Diluted NI Availto Com Stockholders": NaN,
        "Net Income Common Stockholders": NaN,
        "Net Income": NaN,
        "Minority Interests": NaN,
        "Net Income Including Noncontrolling Interests": NaN,
        "Net Income Continuous Operations": NaN,
        "Tax Provision": NaN,
        "Pretax Income": NaN,
        "Other Income Expense": NaN,
        "Other Non Operating Income Expenses": NaN,
        "Special Income Charges": NaN,
        "Gain On Sale Of Ppe": NaN,
        "Gain On Sale Of Business": NaN,
        "Other Special Charges": -29000000.0,
        "Impairment Of Capital Assets": NaN,
        "Restructuring And Mergern Acquisition": NaN,
        "Gain On Sale Of Security": NaN,
        "Net Non Operating Interest Income Expense": NaN,
        "Interest Expense Non Operating": NaN,
        "Interest Income Non Operating": NaN,
        "Operating Income": NaN,
        "Operating Expense": NaN,
        "Other Operating Expenses": NaN,
        "Depreciation Amortization Depletion Income Statement": NaN,
        "Depreciation And Amortization In Income Statement": NaN,
        "Selling General And Administration": NaN,
        "Gross Profit": NaN,
        "Cost Of Revenue": NaN,
        "Total Revenue": NaN,
        "Operating Revenue": NaN
    },
    "2024-12-31": {
        "Tax Effect Of Unusual Items": -101484295.105917,
        "Tax Rate For Calcs": 0.068663,
        "Normalized EBITDA": 317000000.0,
        "Total Unusual Items": -1478000000.0,
        "Total Unusual Items Excluding Goodwill": -1478000000.0,
        "Net Income From Continuing Operation Net Minority Interest": -1286000000.0,
        "Reconciled Depreciation": 93000000.0,
        "Reconciled Cost Of Revenue": 1964000000.0,
        "EBITDA": -1161000000.0,
        "EBIT": -1254000000.0,
        "Net Interest Income": -115000000.0,
        "Interest Expense": 115000000.0,
        "Interest Income": NaN,
        "Normalized Income": 90515704.894083,
        "Net Income From Continuing And Discontinued Operation": -1286000000.0,
        "Total Expenses": 2735000000.0,
        "Total Operating Income As Reported": -1271000000.0,
        "Diluted Average Shares": NaN,
        "Basic Average Shares": NaN,
        "Diluted EPS": NaN,
        "Basic EPS": NaN,
        "Diluted NI Availto Com Stockholders": -1286000000.0,
        "Net Income Common Stockholders": -1286000000.0,
        "Net Income": -1286000000.0,
        "Minority Interests": -11000000.0,
        "Net Income Including Noncontrolling Interests": -1275000000.0,
        "Net Income Continuous Operations": -1275000000.0,
        "Tax Provision": -94000000.0,
        "Pretax Income": -1369000000.0,
        "Other Income Expense": -1463000000.0,
        "Other Non Operating Income Expenses": 15000000.0,
        "Special Income Charges": -1480000000.0,
        "Gain On Sale Of Ppe": 0.0,
        "Gain On Sale Of Business": 0.0,
        "Other Special Charges": NaN,
        "Impairment Of Capital Assets": NaN,
        "Restructuring And Mergern Acquisition": 0.0,
        "Gain On Sale Of Security": 2000000.0,
        "Net Non Operating Interest Income Expense": -115000000.0,
        "Interest Expense Non Operating": 115000000.0,
        "Interest Income Non Operating": NaN,
        "Operating Income": 209000000.0,
        "Operating Expense": 771000000.0,
        "Other Operating Expenses": 201000000.0,
        "Depreciation Amortization Depletion Income Statement": 93000000.0,
        "Depreciation And Amortization In Income Statement": 93000000.0,
        "Selling General And Administration": 477000000.0,
        "Gross Profit": 980000000.0,
        "Cost Of Revenue": 1964000000.0,
        "Total Revenue": 2944000000.0,
        "Operating Revenue": 2944000000.0
    },
    "2025-03-31": {
        "Tax Effect Of Unusual Items": -7456310.679612,
        "Tax Rate For Calcs": 0.116505,
        "Normalized EBITDA": 175000000.0,
        "Total Unusual Items": -64000000.0,
        "Total Unusual Items Excluding Goodwill": -64000000.0,
        "Net Income From Continuing Operation Net Minority Interest": -100000000.0,
        "Reconciled Depreciation": 102000000.0,
        "Reconciled Cost Of Revenue": 1386000000.0,
        "EBITDA": 111000000.0,
        "EBIT": 9000000.0,
        "Net Interest Income": -112000000.0,
        "Interest Expense": 112000000.0,
        "Interest Income": NaN,
        "Normalized Income": -43456310.679612,
        "Net Income From Continuing And Discontinued Operation": -100000000.0,
        "Total Expenses": 2034000000.0,
        "Total Operating Income As Reported": 14000000.0,
        "Diluted Average Shares": 8020000.0,
        "Basic Average Shares": 400000000.0,
        "Diluted EPS": -0.25,
        "Basic EPS": -12.5,
        "Diluted NI Availto Com Stockholders": -100000000.0,
        "Net Income Common Stockholders": -100000000.0,
        "Net Income": -100000000.0,
        "Minority Interests": -9000000.0,
        "Net Income Including Noncontrolling Interests": -91000000.0,
        "Net Income Continuous Operations": -91000000.0,
        "Tax Provision": -12000000.0,
        "Pretax Income": -103000000.0,
        "Other Income Expense": -62000000.0,
        "Other Non Operating Income Expenses": 2000000.0,
        "Special Income Charges": -57000000.0,
        "Gain On Sale Of Ppe": 0.0,
        "Gain On Sale Of Business": NaN,
        "Other Special Charges": NaN,
        "Impairment Of Capital Assets": NaN,
        "Restructuring And Mergern Acquisition": 57000000.0,
        "Gain On Sale Of Security": -7000000.0,
        "Net Non Operating Interest Income Expense": -112000000.0,
        "Interest Expense Non Operating": 112000000.0,
        "Interest Income Non Operating": NaN,
        "Operating Income": 71000000.0,
        "Operating Expense": 648000000.0,
        "Other Operating Expenses": 163000000.0,
        "Depreciation Amortization Depletion Income Statement": 102000000.0,
        "Depreciation And Amortization In Income Statement": 102000000.0,
        "Selling General And Administration": 383000000.0,
        "Gross Profit": 719000000.0,
        "Cost Of Revenue": 1386000000.0,
        "Total Revenue": 2105000000.0,
        "Operating Revenue": 2105000000.0
    }
}