{
    "2023-06-30": {
        "Tax Effect Of Unusual Items": NaN,
        "Tax Rate For Calcs": NaN,
        "Normalized EBITDA": NaN,
        "Total Unusual Items": NaN,
        "Total Unusual Items Excluding Goodwill": NaN,
        "Net Income From Continuing Operation Net Minority Interest": NaN,
        "Reconciled Depreciation": NaN,
        "Reconciled Cost Of Revenue": NaN,
        "EBITDA": NaN,
        "EBIT": NaN,
        "Net Interest Income": NaN,
        "Interest Expense": NaN,
        "Normalized Income": NaN,
        "Net Income From Continuing And Discontinued Operation": NaN,
        "Total Expenses": NaN,
        "Rent Expense Supplemental": 661000000.0,
        "Diluted Average Shares": NaN,
        "Basic Average Shares": NaN,
        "Diluted EPS": NaN,
        "Basic EPS": NaN,
        "Diluted NI Availto Com Stockholders": NaN,
        "Net Income Common Stockholders": NaN,
        "Net Income": NaN,
        "Net Income Including Noncontrolling Interests": NaN,
        "Net Income Discontinuous Operations": NaN,
        "Net Income Continuous Operations": NaN,
        "Tax Provision": NaN,
        "Pretax Income": NaN,
        "Other Income Expense": NaN,
        "Other Non Operating Income Expenses": NaN,
        "Special Income Charges": NaN,
        "Gain On Sale Of Ppe": 55000000.0,
        "Restructuring And Mergern Acquisition": NaN,
        "Gain On Sale Of Security": -188000000.0,
        "Net Non Operating Interest Income Expense": NaN,
        "Interest Expense Non Operating": NaN,
        "Operating Income": NaN,
        "Operating Expense": NaN,
        "Selling General And Administration": NaN,
        "Gross Profit": NaN,
        "Cost Of Revenue": NaN,
        "Total Revenue": NaN,
        "Operating Revenue": NaN
    },
    "2023-03-31": {
        "Tax Effect Of Unusual Items": NaN,
        "Tax Rate For Calcs": NaN,
        "Normalized EBITDA": NaN,
        "Total Unusual Items": NaN,
        "Total Unusual Items Excluding Goodwill": NaN,
        "Net Income From Continuing Operation Net Minority Interest": NaN,
        "Reconciled Depreciation": NaN,
        "Reconciled Cost Of Revenue": NaN,
        "EBITDA": NaN,
        "EBIT": NaN,
        "Net Interest Income": NaN,
        "Interest Expense": NaN,
        "Normalized Income": NaN,
        "Net Income From Continuing And Discontinued Operation": NaN,
        "Total Expenses": NaN,
        "Rent Expense Supplemental": 674000000.0,
        "Diluted Average Shares": NaN,
        "Basic Average Shares": NaN,
        "Diluted EPS": NaN,
        "Basic EPS": NaN,
        "Diluted NI Availto Com Stockholders": NaN,
        "Net Income Common Stockholders": NaN,
        "Net Income": NaN,
        "Net Income Including Noncontrolling Interests": NaN,
        "Net Income Discontinuous Operations": NaN,
        "Net Income Continuous Operations": NaN,
        "Tax Provision": NaN,
        "Pretax Income": NaN,
        "Other Income Expense": NaN,
        "Other Non Operating Income Expenses": NaN,
        "Special Income Charges": NaN,
        "Gain On Sale Of Ppe": 72000000.0,
        "Restructuring And Mergern Acquisition": NaN,
        "Gain On Sale Of Security": NaN,
        "Net Non Operating Interest Income Expense": NaN,
        "Interest Expense Non Operating": NaN,
        "Operating Income": NaN,
        "Operating Expense": NaN,
        "Selling General And Administration": NaN,
        "Gross Profit": NaN,
        "Cost Of Revenue": NaN,
        "Total Revenue": NaN,
        "Operating Revenue": NaN
    },
    "2022-12-31": {
        "Tax Effect Of Unusual Items": NaN,
        "Tax Rate For Calcs": NaN,
        "Normalized EBITDA": NaN,
        "Total Unusual Items": NaN,
        "Total Unusual Items Excluding Goodwill": NaN,
        "Net Income From Continuing Operation Net Minority Interest": NaN,
        "Reconciled Depreciation": NaN,
        "Reconciled Cost Of Revenue": NaN,
        "EBITDA": NaN,
        "EBIT": NaN,
        "Net Interest Income": NaN,
        "Interest Expense": NaN,
        "Normalized Income": NaN,
        "Net Income From Continuing And Discontinued Operation": NaN,
        "Total Expenses": NaN,
        "Rent Expense Supplemental": NaN,
        "Diluted Average Shares": NaN,
        "Basic Average Shares": NaN,
        "Diluted EPS": NaN,
        "Basic EPS": NaN,
        "Diluted NI Availto Com Stockholders": NaN,
        "Net Income Common Stockholders": NaN,
        "Net Income": NaN,
        "Net Income Including Noncontrolling Interests": NaN,
        "Net Income Discontinuous Operations": NaN,
        "Net Income Continuous Operations": NaN,
        "Tax Provision": NaN,
        "Pretax Income": NaN,
        "Other Income Expense": NaN,
        "Other Non Operating Income Expenses": NaN,
        "Special Income Charges": NaN,
        "Gain On Sale Of Ppe": NaN,
        "Restructuring And Mergern Acquisition": NaN,
        "Gain On Sale Of Security": NaN,
        "Net Non Operating Interest Income Expense": NaN,
        "Interest Expense Non Operating": NaN,
        "Operating Income": NaN,
        "Operating Expense": NaN,
        "Other Operating Expenses": -93955000.0,
        "Selling General And Administration": NaN,
        "Gross Profit": NaN,
        "Cost Of Revenue": NaN,
        "Total Revenue": NaN,
        "Operating Revenue": NaN
    },
    "2022-09-30": {
        "Tax Effect Of Unusual Items": NaN,
        "Tax Rate For Calcs": NaN,
        "Normalized EBITDA": NaN,
        "Total Unusual Items": NaN,
        "Total Unusual Items Excluding Goodwill": NaN,
        "Net Income From Continuing Operation Net Minority Interest": NaN,
        "Reconciled Depreciation": NaN,
        "Reconciled Cost Of Revenue": NaN,
        "EBITDA": NaN,
        "EBIT": NaN,
        "Net Interest Income": NaN,
        "Interest Expense": NaN,
        "Normalized Income": NaN,
        "Net Income From Continuing And Discontinued Operation": NaN,
        "Total Expenses": NaN,
        "Rent Expense Supplemental": NaN,
        "Diluted Average Shares": NaN,
        "Basic Average Shares": NaN,
        "Diluted EPS": NaN,
        "Basic EPS": NaN,
        "Diluted NI Availto Com Stockholders": NaN,
        "Net Income Common Stockholders": NaN,
        "Net Income": NaN,
        "Net Income Including Noncontrolling Interests": NaN,
        "Net Income Discontinuous Operations": NaN,
        "Net Income Continuous Operations": NaN,
        "Tax Provision": NaN,
        "Pretax Income": NaN,
        "Other Income Expense": NaN,
        "Other Non Operating Income Expenses": NaN,
        "Special Income Charges": NaN,
        "Gain On Sale Of Ppe": NaN,
        "Restructuring And Mergern Acquisition": NaN,
        "Gain On Sale Of Security": NaN,
        "Net Non Operating Interest Income Expense": NaN,
        "Interest Expense Non Operating": NaN,
        "Operating Income": NaN,
        "Operating Expense": NaN,
        "Other Operating Expenses": -113485000.0,
        "Selling General And Administration": NaN,
        "Gross Profit": NaN,
        "Cost Of Revenue": NaN,
        "Total Revenue": NaN,
        "Operating Revenue": NaN
    },
    "2022-06-30": {
        "Tax Effect Of Unusual Items": 34597000.0,
        "Tax Rate For Calcs": 0.29,
        "Normalized EBITDA": 274400000.0,
        "Total Unusual Items": 119300000.0,
        "Total Unusual Items Excluding Goodwill": 119300000.0,
        "Net Income From Continuing Operation Net Minority Interest": 240300000.0,
        "Reconciled Depreciation": 443453000.0,
        "Reconciled Cost Of Revenue": 2410500000.0,
        "EBITDA": 393700000.0,
        "EBIT": 393700000.0,
        "Net Interest Income": -55300000.0,
        "Interest Expense": 55300000.0,
        "Normalized Income": 155597000.0,
        "Net Income From Continuing And Discontinued Operation": 239400000.0,
        "Total Expenses": 2771200000.0,
        "Rent Expense Supplemental": 687900000.0,
        "Diluted Average Shares": 50925000.0,
        "Basic Average Shares": 49852000.0,
        "Diluted EPS": 4.7,
        "Basic EPS": 4.78,
        "Diluted NI Availto Com Stockholders": 239400000.0,
        "Net Income Common Stockholders": 239400000.0,
        "Net Income": 239400000.0,
        "Net Income Including Noncontrolling Interests": 239400000.0,
        "Net Income Discontinuous Operations": -900000.0,
        "Net Income Continuous Operations": 240300000.0,
        "Tax Provision": 98000000.0,
        "Pretax Income": 338400000.0,
        "Other Income Expense": 131300000.0,
        "Other Non Operating Income Expenses": 12000000.0,
        "Special Income Charges": 119300000.0,
        "Gain On Sale Of Ppe": 129600000.0,
        "Restructuring And Mergern Acquisition": 10300000.0,
        "Gain On Sale Of Security": NaN,
        "Net Non Operating Interest Income Expense": -55300000.0,
        "Interest Expense Non Operating": 55300000.0,
        "Operating Income": 262500000.0,
        "Operating Expense": 360700000.0,
        "Other Operating Expenses": -129600000.0,
        "Selling General And Administration": 360700000.0,
        "Gross Profit": 623200000.0,
        "Cost Of Revenue": 2410500000.0,
        "Total Revenue": 3033700000.0,
        "Operating Revenue": 3033700000.0
    },
    "2023-09-30": {
        "Tax Effect Of Unusual Items": NaN,
        "Tax Rate For Calcs": NaN,
        "Normalized EBITDA": NaN,
        "Total Unusual Items": NaN,
        "Total Unusual Items Excluding Goodwill": NaN,
        "Net Income From Continuing Operation Net Minority Interest": NaN,
        "Reconciled Depreciation": NaN,
        "Reconciled Cost Of Revenue": NaN,
        "EBITDA": NaN,
        "EBIT": NaN,
        "Net Interest Income": NaN,
        "Interest Expense": NaN,
        "Normalized Income": NaN,
        "Net Income From Continuing And Discontinued Operation": NaN,
        "Total Expenses": NaN,
        "Rent Expense Supplemental": 666000000.0,
        "Diluted Average Shares": NaN,
        "Basic Average Shares": NaN,
        "Diluted EPS": NaN,
        "Basic EPS": NaN,
        "Diluted NI Availto Com Stockholders": NaN,
        "Net Income Common Stockholders": NaN,
        "Net Income": NaN,
        "Net Income Including Noncontrolling Interests": NaN,
        "Net Income Discontinuous Operations": NaN,
        "Net Income Continuous Operations": NaN,
        "Tax Provision": NaN,
        "Pretax Income": NaN,
        "Other Income Expense": NaN,
        "Other Non Operating Income Expenses": NaN,
        "Special Income Charges": NaN,
        "Gain On Sale Of Ppe": 47000000.0,
        "Restructuring And Mergern Acquisition": NaN,
        "Gain On Sale Of Security": NaN,
        "Net Non Operating Interest Income Expense": NaN,
        "Interest Expense Non Operating": NaN,
        "Operating Income": NaN,
        "Operating Expense": NaN,
        "Selling General And Administration": NaN,
        "Gross Profit": NaN,
        "Cost Of Revenue": NaN,
        "Total Revenue": NaN,
        "Operating Revenue": NaN
    },
    "2023-12-31": {
        "Tax Effect Of Unusual Items": NaN,
        "Tax Rate For Calcs": NaN,
        "Normalized EBITDA": NaN,
        "Total Unusual Items": NaN,
        "Total Unusual Items Excluding Goodwill": NaN,
        "Net Income From Continuing Operation Net Minority Interest": NaN,
        "Reconciled Depreciation": NaN,
        "Reconciled Cost Of Revenue": NaN,
        "EBITDA": NaN,
        "EBIT": NaN,
        "Net Interest Income": NaN,
        "Interest Expense": NaN,
        "Normalized Income": NaN,
        "Net Income From Continuing And Discontinued Operation": NaN,
        "Total Expenses": NaN,
        "Rent Expense Supplemental": 683000000.0,
        "Diluted Average Shares": NaN,
        "Basic Average Shares": NaN,
        "Diluted EPS": NaN,
        "Basic EPS": NaN,
        "Diluted NI Availto Com Stockholders": NaN,
        "Net Income Common Stockholders": NaN,
        "Net Income": NaN,
        "Net Income Including Noncontrolling Interests": NaN,
        "Net Income Discontinuous Operations": NaN,
        "Net Income Continuous Operations": NaN,
        "Tax Provision": NaN,
        "Pretax Income": NaN,
        "Other Income Expense": NaN,
        "Other Non Operating Income Expenses": NaN,
        "Special Income Charges": NaN,
        "Gain On Sale Of Ppe": 22000000.0,
        "Restructuring And Mergern Acquisition": NaN,
        "Gain On Sale Of Security": 0.0,
        "Net Non Operating Interest Income Expense": NaN,
        "Interest Expense Non Operating": NaN,
        "Operating Income": NaN,
        "Operating Expense": NaN,
        "Selling General And Administration": NaN,
        "Gross Profit": NaN,
        "Cost Of Revenue": NaN,
        "Total Revenue": NaN,
        "Operating Revenue": NaN
    },
    "2024-03-31": {
        "Tax Effect Of Unusual Items": NaN,
        "Tax Rate For Calcs": NaN,
        "Normalized EBITDA": NaN,
        "Total Unusual Items": NaN,
        "Total Unusual Items Excluding Goodwill": NaN,
        "Net Income From Continuing Operation Net Minority Interest": NaN,
        "Reconciled Depreciation": NaN,
        "Reconciled Cost Of Revenue": NaN,
        "EBITDA": NaN,
        "EBIT": NaN,
        "Net Interest Income": NaN,
        "Interest Expense": NaN,
        "Normalized Income": NaN,
        "Net Income From Continuing And Discontinued Operation": NaN,
        "Total Expenses": NaN,
        "Rent Expense Supplemental": 669000000.0,
        "Diluted Average Shares": NaN,
        "Basic Average Shares": NaN,
        "Diluted EPS": NaN,
        "Basic EPS": NaN,
        "Diluted NI Availto Com Stockholders": NaN,
        "Net Income Common Stockholders": NaN,
        "Net Income": NaN,
        "Net Income Including Noncontrolling Interests": NaN,
        "Net Income Discontinuous Operations": NaN,
        "Net Income Continuous Operations": NaN,
        "Tax Provision": NaN,
        "Pretax Income": NaN,
        "Other Income Expense": NaN,
        "Other Non Operating Income Expenses": 4000000.0,
        "Special Income Charges": NaN,
        "Gain On Sale Of Ppe": 20000000.0,
        "Restructuring And Mergern Acquisition": NaN,
        "Gain On Sale Of Security": NaN,
        "Net Non Operating Interest Income Expense": NaN,
        "Interest Expense Non Operating": NaN,
        "Operating Income": NaN,
        "Operating Expense": NaN,
        "Selling General And Administration": NaN,
        "Gross Profit": NaN,
        "Cost Of Revenue": NaN,
        "Total Revenue": NaN,
        "Operating Revenue": NaN
    },
    "2024-06-30": {
        "Tax Effect Of Unusual Items": 0.0,
        "Tax Rate For Calcs": 0.291,
        "Normalized EBITDA": 927000000.0,
        "Total Unusual Items": 0.0,
        "Total Unusual Items Excluding Goodwill": 0.0,
        "Net Income From Continuing Operation Net Minority Interest": 126000000.0,
        "Reconciled Depreciation": 653000000.0,
        "Reconciled Cost Of Revenue": 2553000000.0,
        "EBITDA": 927000000.0,
        "EBIT": 274000000.0,
        "Net Interest Income": -96000000.0,
        "Interest Expense": 96000000.0,
        "Normalized Income": 126000000.0,
        "Net Income From Continuing And Discontinued Operation": 127000000.0,
        "Total Expenses": 2921000000.0,
        "Rent Expense Supplemental": NaN,
        "Diluted Average Shares": 44600000.0,
        "Basic Average Shares": 43283183.0,
        "Diluted EPS": 2.84,
        "Basic EPS": 2.934165,
        "Diluted NI Availto Com Stockholders": 127000000.0,
        "Net Income Common Stockholders": 127000000.0,
        "Net Income": 127000000.0,
        "Net Income Including Noncontrolling Interests": 127000000.0,
        "Net Income Discontinuous Operations": 1000000.0,
        "Net Income Continuous Operations": 126000000.0,
        "Tax Provision": 52000000.0,
        "Pretax Income": 178000000.0,
        "Other Income Expense": -6000000.0,
        "Other Non Operating Income Expenses": -6000000.0,
        "Special Income Charges": 0.0,
        "Gain On Sale Of Ppe": NaN,
        "Restructuring And Mergern Acquisition": 0.0,
        "Gain On Sale Of Security": NaN,
        "Net Non Operating Interest Income Expense": -96000000.0,
        "Interest Expense Non Operating": 96000000.0,
        "Operating Income": 280000000.0,
        "Operating Expense": 368000000.0,
        "Selling General And Administration": 368000000.0,
        "Gross Profit": 648000000.0,
        "Cost Of Revenue": 2553000000.0,
        "Total Revenue": 3201000000.0,
        "Operating Revenue": 3182000000.0
    },
    "2024-09-30": {
        "Tax Effect Of Unusual Items": -240000.0,
        "Tax Rate For Calcs": 0.24,
        "Normalized EBITDA": 556000000.0,
        "Total Unusual Items": -1000000.0,
        "Total Unusual Items Excluding Goodwill": -1000000.0,
        "Net Income From Continuing Operation Net Minority Interest": 143000000.0,
        "Reconciled Depreciation": 269000000.0,
        "Reconciled Cost Of Revenue": 2528000000.0,
        "EBITDA": 555000000.0,
        "EBIT": 286000000.0,
        "Net Interest Income": -98000000.0,
        "Interest Expense": 98000000.0,
        "Normalized Income": 143760000.0,
        "Net Income From Continuing And Discontinued Operation": 142000000.0,
        "Total Expenses": 2896000000.0,
        "Rent Expense Supplemental": NaN,
        "Diluted Average Shares": 43900000.0,
        "Basic Average Shares": 42290213.0,
        "Diluted EPS": 3.24,
        "Basic EPS": 3.357751,
        "Diluted NI Availto Com Stockholders": 142000000.0,
        "Net Income Common Stockholders": 142000000.0,
        "Net Income": 142000000.0,
        "Net Income Including Noncontrolling Interests": 142000000.0,
        "Net Income Discontinuous Operations": -1000000.0,
        "Net Income Continuous Operations": 143000000.0,
        "Tax Provision": 45000000.0,
        "Pretax Income": 188000000.0,
        "Other Income Expense": -1000000.0,
        "Other Non Operating Income Expenses": NaN,
        "Special Income Charges": -1000000.0,
        "Gain On Sale Of Ppe": NaN,
        "Restructuring And Mergern Acquisition": 1000000.0,
        "Gain On Sale Of Security": NaN,
        "Net Non Operating Interest Income Expense": -98000000.0,
        "Interest Expense Non Operating": 98000000.0,
        "Operating Income": 287000000.0,
        "Operating Expense": 368000000.0,
        "Selling General And Administration": 368000000.0,
        "Gross Profit": 655000000.0,
        "Cost Of Revenue": 2528000000.0,
        "Total Revenue": 3183000000.0,
        "Operating Revenue": 3168000000.0
    },
    "2024-12-31": {
        "Tax Effect Of Unusual Items": -2033149.171271,
        "Tax Rate For Calcs": 0.254144,
        "Normalized EBITDA": 758000000.0,
        "Total Unusual Items": -8000000.0,
        "Total Unusual Items Excluding Goodwill": -8000000.0,
        "Net Income From Continuing Operation Net Minority Interest": 135000000.0,
        "Reconciled Depreciation": 469000000.0,
        "Reconciled Cost Of Revenue": 2548000000.0,
        "EBITDA": 750000000.0,
        "EBIT": 281000000.0,
        "Net Interest Income": -100000000.0,
        "Interest Expense": 100000000.0,
        "Normalized Income": 140966850.828729,
        "Net Income From Continuing And Discontinued Operation": 135000000.0,
        "Total Expenses": 2913000000.0,
        "Rent Expense Supplemental": NaN,
        "Diluted Average Shares": 43400000.0,
        "Basic Average Shares": 42080039.0,
        "Diluted EPS": 3.12,
        "Basic EPS": 3.208172,
        "Diluted NI Availto Com Stockholders": 135000000.0,
        "Net Income Common Stockholders": 135000000.0,
        "Net Income": 135000000.0,
        "Net Income Including Noncontrolling Interests": 135000000.0,
        "Net Income Discontinuous Operations": 0.0,
        "Net Income Continuous Operations": 135000000.0,
        "Tax Provision": 46000000.0,
        "Pretax Income": 181000000.0,
        "Other Income Expense": -13000000.0,
        "Other Non Operating Income Expenses": -5000000.0,
        "Special Income Charges": -8000000.0,
        "Gain On Sale Of Ppe": NaN,
        "Restructuring And Mergern Acquisition": 8000000.0,
        "Gain On Sale Of Security": NaN,
        "Net Non Operating Interest Income Expense": -100000000.0,
        "Interest Expense Non Operating": 100000000.0,
        "Operating Income": 294000000.0,
        "Operating Expense": 365000000.0,
        "Selling General And Administration": 365000000.0,
        "Gross Profit": 659000000.0,
        "Cost Of Revenue": 2548000000.0,
        "Total Revenue": 3207000000.0,
        "Operating Revenue": 3189000000.0
    },
    "2025-03-31": {
        "Tax Effect Of Unusual Items": 268000.0,
        "Tax Rate For Calcs": 0.268,
        "Normalized EBITDA": 698000000.0,
        "Total Unusual Items": 1000000.0,
        "Total Unusual Items Excluding Goodwill": 1000000.0,
        "Net Income From Continuing Operation Net Minority Interest": 98000000.0,
        "Reconciled Depreciation": 465000000.0,
        "Reconciled Cost Of Revenue": 2524000000.0,
        "EBITDA": 699000000.0,
        "EBIT": 234000000.0,
        "Net Interest Income": -100000000.0,
        "Interest Expense": 100000000.0,
        "Normalized Income": 97268000.0,
        "Net Income From Continuing And Discontinued Operation": 98000000.0,
        "Total Expenses": 2892000000.0,
        "Rent Expense Supplemental": NaN,
        "Diluted Average Shares": 42900000.0,
        "Basic Average Shares": 41340792.0,
        "Diluted EPS": 2.27,
        "Basic EPS": 2.37054,
        "Diluted NI Availto Com Stockholders": 98000000.0,
        "Net Income Common Stockholders": 98000000.0,
        "Net Income": 98000000.0,
        "Net Income Including Noncontrolling Interests": 98000000.0,
        "Net Income Discontinuous Operations": 0.0,
        "Net Income Continuous Operations": 98000000.0,
        "Tax Provision": 36000000.0,
        "Pretax Income": 134000000.0,
        "Other Income Expense": -14000000.0,
        "Other Non Operating Income Expenses": -15000000.0,
        "Special Income Charges": 1000000.0,
        "Gain On Sale Of Ppe": NaN,
        "Restructuring And Mergern Acquisition": -1000000.0,
        "Gain On Sale Of Security": NaN,
        "Net Non Operating Interest Income Expense": -100000000.0,
        "Interest Expense Non Operating": 100000000.0,
        "Operating Income": 248000000.0,
        "Operating Expense": 368000000.0,
        "Selling General And Administration": 368000000.0,
        "Gross Profit": 616000000.0,
        "Cost Of Revenue": 2524000000.0,
        "Total Revenue": 3140000000.0,
        "Operating Revenue": 3131000000.0
    },
    "2025-06-30": {
        "Tax Effect Of Unusual Items": 0.0,
        "Tax Rate For Calcs": 0.283,
        "Normalized EBITDA": 936000000.0,
        "Total Unusual Items": 0.0,
        "Total Unusual Items Excluding Goodwill": 0.0,
        "Net Income From Continuing Operation Net Minority Interest": 132000000.0,
        "Reconciled Depreciation": 650000000.0,
        "Reconciled Cost Of Revenue": 2527000000.0,
        "EBITDA": 936000000.0,
        "EBIT": 286000000.0,
        "Net Interest Income": -102000000.0,
        "Interest Expense": 102000000.0,
        "Normalized Income": 132000000.0,
        "Net Income From Continuing And Discontinued Operation": 131000000.0,
        "Total Expenses": 2905000000.0,
        "Rent Expense Supplemental": NaN,
        "Diluted Average Shares": 41800000.0,
        "Basic Average Shares": 40790636.0,
        "Diluted EPS": 3.13,
        "Basic EPS": 3.211521,
        "Diluted NI Availto Com Stockholders": 131000000.0,
        "Net Income Common Stockholders": 131000000.0,
        "Net Income": 131000000.0,
        "Net Income Including Noncontrolling Interests": 131000000.0,
        "Net Income Discontinuous Operations": -1000000.0,
        "Net Income Continuous Operations": 132000000.0,
        "Tax Provision": 52000000.0,
        "Pretax Income": 184000000.0,
        "Other Income Expense": 4000000.0,
        "Other Non Operating Income Expenses": 4000000.0,
        "Special Income Charges": 0.0,
        "Gain On Sale Of Ppe": NaN,
        "Restructuring And Mergern Acquisition": 0.0,
        "Gain On Sale Of Security": NaN,
        "Net Non Operating Interest Income Expense": -102000000.0,
        "Interest Expense Non Operating": 102000000.0,
        "Operating Income": 282000000.0,
        "Operating Expense": 378000000.0,
        "Selling General And Administration": 378000000.0,
        "Gross Profit": 660000000.0,
        "Cost Of Revenue": 2527000000.0,
        "Total Revenue": 3187000000.0,
        "Operating Revenue": 3189000000.0
    }
}