{
    "2023-03-31": {
        "Tax Effect Of Unusual Items": NaN,
        "Tax Rate For Calcs": NaN,
        "Normalized EBITDA": NaN,
        "Total Unusual Items": NaN,
        "Total Unusual Items Excluding Goodwill": NaN,
        "Net Income From Continuing Operation Net Minority Interest": NaN,
        "Reconciled Depreciation": NaN,
        "Reconciled Cost Of Revenue": NaN,
        "EBITDA": NaN,
        "EBIT": NaN,
        "Net Interest Income": NaN,
        "Interest Expense": NaN,
        "Interest Income": NaN,
        "Normalized Income": NaN,
        "Net Income From Continuing And Discontinued Operation": NaN,
        "Total Expenses": NaN,
        "Total Operating Income As Reported": NaN,
        "Diluted Average Shares": NaN,
        "Basic Average Shares": NaN,
        "Diluted EPS": NaN,
        "Basic EPS": NaN,
        "Diluted NI Availto Com Stockholders": NaN,
        "Net Income Common Stockholders": NaN,
        "Net Income": NaN,
        "Minority Interests": NaN,
        "Net Income Including Noncontrolling Interests": NaN,
        "Net Income Continuous Operations": NaN,
        "Tax Provision": NaN,
        "Pretax Income": NaN,
        "Other Income Expense": NaN,
        "Other Non Operating Income Expenses": -6462000.0,
        "Earnings From Equity Interest": NaN,
        "Gain On Sale Of Security": NaN,
        "Net Non Operating Interest Income Expense": NaN,
        "Total Other Finance Cost": NaN,
        "Interest Expense Non Operating": NaN,
        "Interest Income Non Operating": NaN,
        "Operating Income": NaN,
        "Operating Expense": NaN,
        "Other Operating Expenses": NaN,
        "Research And Development": NaN,
        "Selling General And Administration": NaN,
        "Selling And Marketing Expense": NaN,
        "General And Administrative Expense": NaN,
        "Other Gand A": NaN,
        "Gross Profit": NaN,
        "Cost Of Revenue": NaN,
        "Total Revenue": NaN,
        "Operating Revenue": NaN
    },
    "2022-12-31": {
        "Tax Effect Of Unusual Items": NaN,
        "Tax Rate For Calcs": NaN,
        "Normalized EBITDA": NaN,
        "Total Unusual Items": NaN,
        "Total Unusual Items Excluding Goodwill": NaN,
        "Net Income From Continuing Operation Net Minority Interest": NaN,
        "Reconciled Depreciation": NaN,
        "Reconciled Cost Of Revenue": NaN,
        "EBITDA": NaN,
        "EBIT": NaN,
        "Net Interest Income": NaN,
        "Interest Expense": NaN,
        "Interest Income": NaN,
        "Normalized Income": NaN,
        "Net Income From Continuing And Discontinued Operation": NaN,
        "Total Expenses": NaN,
        "Diluted Average Shares": NaN,
        "Basic Average Shares": NaN,
        "Diluted EPS": NaN,
        "Basic EPS": NaN,
        "Diluted NI Availto Com Stockholders": NaN,
        "Net Income Common Stockholders": NaN,
        "Net Income": NaN,
        "Minority Interests": NaN,
        "Net Income Including Noncontrolling Interests": NaN,
        "Net Income Continuous Operations": NaN,
        "Tax Provision": NaN,
        "Pretax Income": NaN,
        "Other Income Expense": NaN,
        "Other Non Operating Income Expenses": -3327000.0,
        "Earnings From Equity Interest": NaN,
        "Gain On Sale Of Security": NaN,
        "Net Non Operating Interest Income Expense": NaN,
        "Total Other Finance Cost": NaN,
        "Interest Expense Non Operating": NaN,
        "Interest Income Non Operating": NaN,
        "Operating Income": NaN,
        "Operating Expense": NaN,
        "Other Operating Expenses": NaN,
        "Research And Development": NaN,
        "Selling General And Administration": NaN,
        "Selling And Marketing Expense": NaN,
        "General And Administrative Expense": NaN,
        "Other Gand A": NaN,
        "Gross Profit": NaN,
        "Cost Of Revenue": NaN,
        "Total Revenue": NaN,
        "Operating Revenue": NaN
    },
    "2022-09-30": {
        "Tax Effect Of Unusual Items": 0.0,
        "Tax Rate For Calcs": 0.2,
        "Normalized EBITDA": 461571000.0,
        "Net Income From Continuing Operation Net Minority Interest": 225767000.0,
        "Reconciled Depreciation": 136015000.0,
        "Reconciled Cost Of Revenue": 655264000.0,
        "EBITDA": 461571000.0,
        "EBIT": 325556000.0,
        "Net Interest Income": -14268000.0,
        "Interest Expense": 41062000.0,
        "Interest Income": 26794000.0,
        "Normalized Income": 225767000.0,
        "Net Income From Continuing And Discontinued Operation": 225767000.0,
        "Total Expenses": 943850000.0,
        "Diluted Average Shares": 182992000.0,
        "Basic Average Shares": 182688000.0,
        "Diluted EPS": 1.23,
        "Basic EPS": 1.24,
        "Diluted NI Availto Com Stockholders": 225767000.0,
        "Net Income Common Stockholders": 225767000.0,
        "Net Income": 225767000.0,
        "Minority Interests": -1828000.0,
        "Net Income Including Noncontrolling Interests": 227595000.0,
        "Net Income Continuous Operations": 227595000.0,
        "Tax Provision": 56899000.0,
        "Pretax Income": 284494000.0,
        "Other Income Expense": -7202000.0,
        "Other Non Operating Income Expenses": -8661000.0,
        "Earnings From Equity Interest": 1459000.0,
        "Net Non Operating Interest Income Expense": -14268000.0,
        "Interest Expense Non Operating": 41062000.0,
        "Interest Income Non Operating": 26794000.0,
        "Operating Income": 305964000.0,
        "Operating Expense": 288586000.0,
        "Research And Development": 182294000.0,
        "Selling General And Administration": 106292000.0,
        "Selling And Marketing Expense": 63058000.0,
        "General And Administrative Expense": 43234000.0,
        "Other Gand A": 43234000.0,
        "Gross Profit": 594550000.0,
        "Cost Of Revenue": 655264000.0,
        "Total Revenue": 1249814000.0,
        "Operating Revenue": 1220543000.0
    },
    "2022-06-30": {
        "Tax Effect Of Unusual Items": 0.0,
        "Tax Rate For Calcs": 0.2,
        "Normalized EBITDA": 473697000.0,
        "Net Income From Continuing Operation Net Minority Interest": 249015000.0,
        "Reconciled Depreciation": 123702000.0,
        "Reconciled Cost Of Revenue": 678894000.0,
        "EBITDA": 473697000.0,
        "EBIT": 349995000.0,
        "Net Interest Income": -9427000.0,
        "Interest Expense": 36780000.0,
        "Interest Income": 27353000.0,
        "Normalized Income": 249015000.0,
        "Net Income From Continuing And Discontinued Operation": 249015000.0,
        "Total Expenses": 966052000.0,
        "Diluted Average Shares": 183300000.0,
        "Basic Average Shares": 182996000.0,
        "Diluted EPS": 1.36,
        "Basic EPS": 1.36,
        "Diluted NI Availto Com Stockholders": 249015000.0,
        "Net Income Common Stockholders": 249015000.0,
        "Net Income": 249015000.0,
        "Minority Interests": -1557000.0,
        "Net Income Including Noncontrolling Interests": 250572000.0,
        "Net Income Continuous Operations": 250572000.0,
        "Tax Provision": 62643000.0,
        "Pretax Income": 313215000.0,
        "Other Income Expense": -2797000.0,
        "Other Non Operating Income Expenses": -4576000.0,
        "Earnings From Equity Interest": 1779000.0,
        "Net Non Operating Interest Income Expense": -9427000.0,
        "Interest Expense Non Operating": 36780000.0,
        "Interest Income Non Operating": 27353000.0,
        "Operating Income": 325439000.0,
        "Operating Expense": 287158000.0,
        "Research And Development": 183675000.0,
        "Selling General And Administration": 103483000.0,
        "Selling And Marketing Expense": 58464000.0,
        "General And Administrative Expense": 45019000.0,
        "Other Gand A": 45019000.0,
        "Gross Profit": 612597000.0,
        "Cost Of Revenue": 678894000.0,
        "Total Revenue": 1291491000.0,
        "Operating Revenue": 1258915000.0
    },
    "2023-06-30": {
        "Tax Effect Of Unusual Items": NaN,
        "Tax Rate For Calcs": NaN,
        "Normalized EBITDA": NaN,
        "Total Unusual Items": NaN,
        "Total Unusual Items Excluding Goodwill": NaN,
        "Net Income From Continuing Operation Net Minority Interest": NaN,
        "Reconciled Depreciation": NaN,
        "Reconciled Cost Of Revenue": NaN,
        "EBITDA": NaN,
        "EBIT": NaN,
        "Net Interest Income": NaN,
        "Interest Expense": NaN,
        "Interest Income": NaN,
        "Normalized Income": NaN,
        "Net Income From Continuing And Discontinued Operation": NaN,
        "Total Expenses": NaN,
        "Total Operating Income As Reported": NaN,
        "Diluted Average Shares": NaN,
        "Basic Average Shares": NaN,
        "Diluted EPS": NaN,
        "Basic EPS": NaN,
        "Diluted NI Availto Com Stockholders": NaN,
        "Net Income Common Stockholders": NaN,
        "Net Income": NaN,
        "Minority Interests": NaN,
        "Net Income Including Noncontrolling Interests": NaN,
        "Net Income Continuous Operations": NaN,
        "Tax Provision": NaN,
        "Pretax Income": NaN,
        "Other Income Expense": NaN,
        "Other Non Operating Income Expenses": -4614000.0,
        "Earnings From Equity Interest": NaN,
        "Gain On Sale Of Security": NaN,
        "Net Non Operating Interest Income Expense": NaN,
        "Total Other Finance Cost": NaN,
        "Interest Expense Non Operating": NaN,
        "Interest Income Non Operating": NaN,
        "Operating Income": NaN,
        "Operating Expense": NaN,
        "Other Operating Expenses": 4614000.0,
        "Research And Development": NaN,
        "Selling General And Administration": NaN,
        "Selling And Marketing Expense": NaN,
        "General And Administrative Expense": NaN,
        "Other Gand A": NaN,
        "Gross Profit": NaN,
        "Cost Of Revenue": NaN,
        "Total Revenue": NaN,
        "Operating Revenue": NaN
    },
    "2023-09-30": {
        "Tax Effect Of Unusual Items": NaN,
        "Tax Rate For Calcs": NaN,
        "Normalized EBITDA": NaN,
        "Total Unusual Items": NaN,
        "Total Unusual Items Excluding Goodwill": NaN,
        "Net Income From Continuing Operation Net Minority Interest": NaN,
        "Reconciled Depreciation": NaN,
        "Reconciled Cost Of Revenue": NaN,
        "EBITDA": NaN,
        "EBIT": NaN,
        "Net Interest Income": NaN,
        "Interest Expense": NaN,
        "Interest Income": NaN,
        "Normalized Income": NaN,
        "Net Income From Continuing And Discontinued Operation": NaN,
        "Total Expenses": NaN,
        "Total Operating Income As Reported": 423116000.0,
        "Diluted Average Shares": NaN,
        "Basic Average Shares": NaN,
        "Diluted EPS": NaN,
        "Basic EPS": NaN,
        "Diluted NI Availto Com Stockholders": NaN,
        "Net Income Common Stockholders": NaN,
        "Net Income": NaN,
        "Minority Interests": NaN,
        "Net Income Including Noncontrolling Interests": NaN,
        "Net Income Continuous Operations": NaN,
        "Tax Provision": NaN,
        "Pretax Income": NaN,
        "Other Income Expense": NaN,
        "Other Non Operating Income Expenses": -3861000.0,
        "Earnings From Equity Interest": NaN,
        "Gain On Sale Of Security": NaN,
        "Net Non Operating Interest Income Expense": NaN,
        "Total Other Finance Cost": NaN,
        "Interest Expense Non Operating": NaN,
        "Interest Income Non Operating": NaN,
        "Operating Income": NaN,
        "Operating Expense": NaN,
        "Other Operating Expenses": 3861000.0,
        "Research And Development": NaN,
        "Selling General And Administration": NaN,
        "Selling And Marketing Expense": NaN,
        "General And Administrative Expense": NaN,
        "Other Gand A": NaN,
        "Gross Profit": NaN,
        "Cost Of Revenue": NaN,
        "Total Revenue": NaN,
        "Operating Revenue": NaN
    },
    "2023-12-31": {
        "Tax Effect Of Unusual Items": NaN,
        "Tax Rate For Calcs": NaN,
        "Normalized EBITDA": NaN,
        "Total Unusual Items": NaN,
        "Total Unusual Items Excluding Goodwill": NaN,
        "Net Income From Continuing Operation Net Minority Interest": NaN,
        "Reconciled Depreciation": NaN,
        "Reconciled Cost Of Revenue": NaN,
        "EBITDA": NaN,
        "EBIT": NaN,
        "Net Interest Income": NaN,
        "Interest Expense": NaN,
        "Interest Income": NaN,
        "Normalized Income": NaN,
        "Net Income From Continuing And Discontinued Operation": NaN,
        "Total Expenses": NaN,
        "Total Operating Income As Reported": NaN,
        "Diluted Average Shares": 180883000.0,
        "Basic Average Shares": 180592000.0,
        "Diluted EPS": 1.62,
        "Basic EPS": 1.63,
        "Diluted NI Availto Com Stockholders": NaN,
        "Net Income Common Stockholders": NaN,
        "Net Income": NaN,
        "Minority Interests": NaN,
        "Net Income Including Noncontrolling Interests": NaN,
        "Net Income Continuous Operations": NaN,
        "Tax Provision": NaN,
        "Pretax Income": NaN,
        "Other Income Expense": NaN,
        "Other Non Operating Income Expenses": NaN,
        "Earnings From Equity Interest": NaN,
        "Gain On Sale Of Security": NaN,
        "Net Non Operating Interest Income Expense": NaN,
        "Total Other Finance Cost": NaN,
        "Interest Expense Non Operating": NaN,
        "Interest Income Non Operating": NaN,
        "Operating Income": NaN,
        "Operating Expense": NaN,
        "Other Operating Expenses": NaN,
        "Research And Development": NaN,
        "Selling General And Administration": NaN,
        "Selling And Marketing Expense": NaN,
        "General And Administrative Expense": NaN,
        "Other Gand A": NaN,
        "Gross Profit": NaN,
        "Cost Of Revenue": NaN,
        "Total Revenue": NaN,
        "Operating Revenue": NaN
    },
    "2024-03-31": {
        "Tax Effect Of Unusual Items": NaN,
        "Tax Rate For Calcs": NaN,
        "Normalized EBITDA": NaN,
        "Total Unusual Items": NaN,
        "Total Unusual Items Excluding Goodwill": NaN,
        "Net Income From Continuing Operation Net Minority Interest": NaN,
        "Reconciled Depreciation": NaN,
        "Reconciled Cost Of Revenue": NaN,
        "EBITDA": NaN,
        "EBIT": NaN,
        "Net Interest Income": NaN,
        "Interest Expense": NaN,
        "Interest Income": NaN,
        "Normalized Income": NaN,
        "Net Income From Continuing And Discontinued Operation": NaN,
        "Total Expenses": NaN,
        "Total Operating Income As Reported": NaN,
        "Diluted Average Shares": 180527000.0,
        "Basic Average Shares": 180250000.0,
        "Diluted EPS": 1.95,
        "Basic EPS": 1.95,
        "Diluted NI Availto Com Stockholders": NaN,
        "Net Income Common Stockholders": NaN,
        "Net Income": NaN,
        "Minority Interests": NaN,
        "Net Income Including Noncontrolling Interests": NaN,
        "Net Income Continuous Operations": NaN,
        "Tax Provision": NaN,
        "Pretax Income": NaN,
        "Other Income Expense": NaN,
        "Other Non Operating Income Expenses": -7322000.0,
        "Earnings From Equity Interest": NaN,
        "Gain On Sale Of Security": NaN,
        "Net Non Operating Interest Income Expense": NaN,
        "Total Other Finance Cost": NaN,
        "Interest Expense Non Operating": NaN,
        "Interest Income Non Operating": NaN,
        "Operating Income": NaN,
        "Operating Expense": NaN,
        "Other Operating Expenses": NaN,
        "Research And Development": NaN,
        "Selling General And Administration": NaN,
        "Selling And Marketing Expense": NaN,
        "General And Administrative Expense": NaN,
        "Other Gand A": NaN,
        "Gross Profit": NaN,
        "Cost Of Revenue": NaN,
        "Total Revenue": NaN,
        "Operating Revenue": NaN
    },
    "2024-06-30": {
        "Tax Effect Of Unusual Items": -475781.0,
        "Tax Rate For Calcs": 0.191,
        "Normalized EBITDA": 682807000.0,
        "Total Unusual Items": -2491000.0,
        "Total Unusual Items Excluding Goodwill": -2491000.0,
        "Net Income From Continuing Operation Net Minority Interest": 412114000.0,
        "Reconciled Depreciation": 158344000.0,
        "Reconciled Cost Of Revenue": 856561000.0,
        "EBITDA": 680316000.0,
        "EBIT": 521972000.0,
        "Net Interest Income": 2024000.0,
        "Interest Expense": 11313000.0,
        "Interest Income": 8537000.0,
        "Normalized Income": 414129219.0,
        "Net Income From Continuing And Discontinued Operation": 412114000.0,
        "Total Expenses": 1202864000.0,
        "Total Operating Income As Reported": NaN,
        "Diluted Average Shares": 180206000.0,
        "Basic Average Shares": 179952000.0,
        "Diluted EPS": 2.29,
        "Basic EPS": 2.29,
        "Diluted NI Availto Com Stockholders": 412114000.0,
        "Net Income Common Stockholders": 412114000.0,
        "Net Income": 412114000.0,
        "Minority Interests": -1168000.0,
        "Net Income Including Noncontrolling Interests": 413282000.0,
        "Net Income Continuous Operations": 413282000.0,
        "Tax Provision": 97377000.0,
        "Pretax Income": 510659000.0,
        "Other Income Expense": -560000.0,
        "Other Non Operating Income Expenses": NaN,
        "Earnings From Equity Interest": 1931000.0,
        "Gain On Sale Of Security": -2491000.0,
        "Net Non Operating Interest Income Expense": 2024000.0,
        "Total Other Finance Cost": -4800000.0,
        "Interest Expense Non Operating": 11313000.0,
        "Interest Income Non Operating": 8537000.0,
        "Operating Income": 509195000.0,
        "Operating Expense": 346303000.0,
        "Other Operating Expenses": -939000.0,
        "Research And Development": 204359000.0,
        "Selling General And Administration": 142883000.0,
        "Selling And Marketing Expense": 77740000.0,
        "General And Administrative Expense": 65143000.0,
        "Other Gand A": 65143000.0,
        "Gross Profit": 855498000.0,
        "Cost Of Revenue": 856561000.0,
        "Total Revenue": 1712059000.0,
        "Operating Revenue": 1641216000.0
    },
    "2024-09-30": {
        "Tax Effect Of Unusual Items": -264030.0,
        "Tax Rate For Calcs": 0.195,
        "Normalized EBITDA": 651087000.0,
        "Total Unusual Items": -1354000.0,
        "Total Unusual Items Excluding Goodwill": -1354000.0,
        "Net Income From Continuing Operation Net Minority Interest": 374173000.0,
        "Reconciled Depreciation": 171265000.0,
        "Reconciled Cost Of Revenue": 827074000.0,
        "EBITDA": 649733000.0,
        "EBIT": 478468000.0,
        "Net Interest Income": 467000.0,
        "Interest Expense": 12738000.0,
        "Interest Income": 8516000.0,
        "Normalized Income": 375262970.0,
        "Net Income From Continuing And Discontinued Operation": 374173000.0,
        "Total Expenses": 1180018000.0,
        "Total Operating Income As Reported": 466617000.0,
        "Diluted Average Shares": 179840000.0,
        "Basic Average Shares": 179586000.0,
        "Diluted EPS": 2.08,
        "Basic EPS": 2.08,
        "Diluted NI Availto Com Stockholders": 374173000.0,
        "Net Income Common Stockholders": 374173000.0,
        "Net Income": 374173000.0,
        "Minority Interests": -740000.0,
        "Net Income Including Noncontrolling Interests": 374913000.0,
        "Net Income Continuous Operations": 374913000.0,
        "Tax Provision": 90817000.0,
        "Pretax Income": 465730000.0,
        "Other Income Expense": 842000.0,
        "Other Non Operating Income Expenses": NaN,
        "Earnings From Equity Interest": 2196000.0,
        "Gain On Sale Of Security": -1354000.0,
        "Net Non Operating Interest Income Expense": 467000.0,
        "Total Other Finance Cost": -4689000.0,
        "Interest Expense Non Operating": 12738000.0,
        "Interest Income Non Operating": 8516000.0,
        "Operating Income": 464421000.0,
        "Operating Expense": 352944000.0,
        "Other Operating Expenses": 5525000.0,
        "Research And Development": 212490000.0,
        "Selling General And Administration": 134929000.0,
        "Selling And Marketing Expense": 68234000.0,
        "General And Administrative Expense": 66695000.0,
        "Other Gand A": 66695000.0,
        "Gross Profit": 817365000.0,
        "Cost Of Revenue": 827074000.0,
        "Total Revenue": 1644439000.0,
        "Operating Revenue": 1574655000.0
    },
    "2024-12-31": {
        "Tax Effect Of Unusual Items": 272532.834073,
        "Tax Rate For Calcs": 0.183771,
        "Normalized EBITDA": 652397000.0,
        "Total Unusual Items": 1483000.0,
        "Total Unusual Items Excluding Goodwill": 1483000.0,
        "Net Income From Continuing Operation Net Minority Interest": 384216000.0,
        "Reconciled Depreciation": 174364000.0,
        "Reconciled Cost Of Revenue": 864215000.0,
        "EBITDA": 653880000.0,
        "EBIT": 479516000.0,
        "Net Interest Income": 2882000.0,
        "Interest Expense": 7217000.0,
        "Interest Income": 7475000.0,
        "Normalized Income": 383005532.834073,
        "Net Income From Continuing And Discontinued Operation": 384216000.0,
        "Total Expenses": 1270209000.0,
        "Total Operating Income As Reported": 467934000.0,
        "Diluted Average Shares": NaN,
        "Basic Average Shares": NaN,
        "Diluted EPS": NaN,
        "Basic EPS": NaN,
        "Diluted NI Availto Com Stockholders": 384216000.0,
        "Net Income Common Stockholders": 384216000.0,
        "Net Income": 384216000.0,
        "Minority Interests": -1288000.0,
        "Net Income Including Noncontrolling Interests": 385504000.0,
        "Net Income Continuous Operations": 385504000.0,
        "Tax Provision": 86795000.0,
        "Pretax Income": 472299000.0,
        "Other Income Expense": 4085000.0,
        "Other Non Operating Income Expenses": NaN,
        "Earnings From Equity Interest": 2602000.0,
        "Gain On Sale Of Security": 1483000.0,
        "Net Non Operating Interest Income Expense": 2882000.0,
        "Total Other Finance Cost": -2624000.0,
        "Interest Expense Non Operating": 7217000.0,
        "Interest Income Non Operating": 7475000.0,
        "Operating Income": 465332000.0,
        "Operating Expense": 405994000.0,
        "Other Operating Expenses": 535000.0,
        "Research And Development": 246101000.0,
        "Selling General And Administration": 159358000.0,
        "Selling And Marketing Expense": 77156000.0,
        "General And Administrative Expense": 82202000.0,
        "Other Gand A": 82202000.0,
        "Gross Profit": 871326000.0,
        "Cost Of Revenue": 864215000.0,
        "Total Revenue": 1735541000.0,
        "Operating Revenue": 1654333000.0
    },
    "2025-03-31": {
        "Tax Effect Of Unusual Items": -2856700.0,
        "Tax Rate For Calcs": 0.22,
        "Normalized EBITDA": 705061000.0,
        "Total Unusual Items": -12985000.0,
        "Total Unusual Items Excluding Goodwill": -12985000.0,
        "Net Income From Continuing Operation Net Minority Interest": 411643000.0,
        "Reconciled Depreciation": 150994000.0,
        "Reconciled Cost Of Revenue": 857491000.0,
        "EBITDA": 692076000.0,
        "EBIT": 541082000.0,
        "Net Interest Income": -1007000.0,
        "Interest Expense": 12812000.0,
        "Interest Income": 6280000.0,
        "Normalized Income": 421771300.0,
        "Net Income From Continuing And Discontinued Operation": 411643000.0,
        "Total Expenses": 1239351000.0,
        "Total Operating Income As Reported": NaN,
        "Diluted Average Shares": 178890000.0,
        "Basic Average Shares": 178651000.0,
        "Diluted EPS": 2.3,
        "Basic EPS": 2.3,
        "Diluted NI Availto Com Stockholders": 411643000.0,
        "Net Income Common Stockholders": 411643000.0,
        "Net Income": 411643000.0,
        "Minority Interests": -408000.0,
        "Net Income Including Noncontrolling Interests": 412051000.0,
        "Net Income Continuous Operations": 412051000.0,
        "Tax Provision": 116219000.0,
        "Pretax Income": 528270000.0,
        "Other Income Expense": -22122000.0,
        "Other Non Operating Income Expenses": -11735000.0,
        "Earnings From Equity Interest": 2598000.0,
        "Gain On Sale Of Security": -12985000.0,
        "Net Non Operating Interest Income Expense": -1007000.0,
        "Total Other Finance Cost": -5525000.0,
        "Interest Expense Non Operating": 12812000.0,
        "Interest Income Non Operating": 6280000.0,
        "Operating Income": 551399000.0,
        "Operating Expense": 381860000.0,
        "Other Operating Expenses": NaN,
        "Research And Development": 232791000.0,
        "Selling General And Administration": 149069000.0,
        "Selling And Marketing Expense": 82079000.0,
        "General And Administrative Expense": 66990000.0,
        "Other Gand A": 66990000.0,
        "Gross Profit": 933259000.0,
        "Cost Of Revenue": 857491000.0,
        "Total Revenue": 1790750000.0,
        "Operating Revenue": 1727655000.0
    },
    "2025-06-30": {
        "Tax Effect Of Unusual Items": -1640772.042364,
        "Tax Rate For Calcs": 0.220002,
        "Normalized EBITDA": 721247000.0,
        "Total Unusual Items": -7458000.0,
        "Total Unusual Items Excluding Goodwill": -7458000.0,
        "Net Income From Continuing Operation Net Minority Interest": 424266000.0,
        "Reconciled Depreciation": 156605000.0,
        "Reconciled Cost Of Revenue": 846590000.0,
        "EBITDA": 713789000.0,
        "EBIT": 557184000.0,
        "Net Interest Income": 86000.0,
        "Interest Expense": 12188000.0,
        "Interest Income": 5078000.0,
        "Normalized Income": 430083227.957636,
        "Net Income From Continuing And Discontinued Operation": 424266000.0,
        "Total Expenses": 1238005000.0,
        "Total Operating Income As Reported": NaN,
        "Diluted Average Shares": NaN,
        "Basic Average Shares": NaN,
        "Diluted EPS": NaN,
        "Basic EPS": NaN,
        "Diluted NI Availto Com Stockholders": 424266000.0,
        "Net Income Common Stockholders": 424266000.0,
        "Net Income": 424266000.0,
        "Minority Interests": -830000.0,
        "Net Income Including Noncontrolling Interests": 425096000.0,
        "Net Income Continuous Operations": 425096000.0,
        "Tax Provision": 119900000.0,
        "Pretax Income": 544996000.0,
        "Other Income Expense": -4638000.0,
        "Other Non Operating Income Expenses": NaN,
        "Earnings From Equity Interest": 2820000.0,
        "Gain On Sale Of Security": -7458000.0,
        "Net Non Operating Interest Income Expense": 86000.0,
        "Total Other Finance Cost": -7196000.0,
        "Interest Expense Non Operating": 12188000.0,
        "Interest Income Non Operating": 5078000.0,
        "Operating Income": 549548000.0,
        "Operating Expense": 391415000.0,
        "Other Operating Expenses": 6454000.0,
        "Research And Development": 224991000.0,
        "Selling General And Administration": 159970000.0,
        "Selling And Marketing Expense": 94661000.0,
        "General And Administrative Expense": 65309000.0,
        "Other Gand A": 65309000.0,
        "Gross Profit": 940963000.0,
        "Cost Of Revenue": 846590000.0,
        "Total Revenue": 1787553000.0,
        "Operating Revenue": 1711333000.0
    }
}