{
    "2023-03-31": {
        "Tax Effect Of Unusual Items": NaN,
        "Tax Rate For Calcs": NaN,
        "Normalized EBITDA": NaN,
        "Total Unusual Items": NaN,
        "Total Unusual Items Excluding Goodwill": NaN,
        "Net Income From Continuing Operation Net Minority Interest": NaN,
        "Reconciled Depreciation": NaN,
        "Reconciled Cost Of Revenue": NaN,
        "EBITDA": NaN,
        "EBIT": NaN,
        "Net Interest Income": NaN,
        "Interest Expense": NaN,
        "Normalized Income": NaN,
        "Net Income From Continuing And Discontinued Operation": NaN,
        "Total Expenses": NaN,
        "Total Operating Income As Reported": NaN,
        "Diluted Average Shares": 26545463.0,
        "Basic Average Shares": 26545463.0,
        "Diluted EPS": -0.19,
        "Basic EPS": -0.19,
        "Diluted NI Availto Com Stockholders": NaN,
        "Net Income Common Stockholders": NaN,
        "Otherunder Preferred Stock Dividend": NaN,
        "Preferred Stock Dividends": NaN,
        "Net Income": NaN,
        "Net Income Including Noncontrolling Interests": NaN,
        "Net Income Continuous Operations": NaN,
        "Tax Provision": NaN,
        "Pretax Income": NaN,
        "Other Income Expense": NaN,
        "Other Non Operating Income Expenses": NaN,
        "Special Income Charges": NaN,
        "Gain On Sale Of Ppe": NaN,
        "Other Special Charges": NaN,
        "Gain On Sale Of Security": NaN,
        "Net Non Operating Interest Income Expense": NaN,
        "Interest Expense Non Operating": NaN,
        "Operating Income": NaN,
        "Operating Expense": NaN,
        "Selling General And Administration": NaN,
        "Gross Profit": NaN,
        "Cost Of Revenue": NaN,
        "Total Revenue": NaN,
        "Operating Revenue": NaN
    },
    "2022-12-31": {
        "Tax Effect Of Unusual Items": NaN,
        "Tax Rate For Calcs": NaN,
        "Normalized EBITDA": NaN,
        "Total Unusual Items": NaN,
        "Total Unusual Items Excluding Goodwill": NaN,
        "Net Income From Continuing Operation Net Minority Interest": NaN,
        "Reconciled Depreciation": NaN,
        "Reconciled Cost Of Revenue": NaN,
        "EBITDA": NaN,
        "EBIT": NaN,
        "Net Interest Income": NaN,
        "Interest Expense": NaN,
        "Normalized Income": NaN,
        "Net Income From Continuing And Discontinued Operation": NaN,
        "Total Expenses": NaN,
        "Total Operating Income As Reported": NaN,
        "Diluted Average Shares": NaN,
        "Basic Average Shares": NaN,
        "Diluted EPS": NaN,
        "Basic EPS": NaN,
        "Diluted NI Availto Com Stockholders": NaN,
        "Net Income Common Stockholders": NaN,
        "Otherunder Preferred Stock Dividend": NaN,
        "Preferred Stock Dividends": NaN,
        "Net Income": NaN,
        "Net Income Including Noncontrolling Interests": NaN,
        "Net Income Continuous Operations": NaN,
        "Tax Provision": NaN,
        "Pretax Income": NaN,
        "Other Income Expense": NaN,
        "Other Non Operating Income Expenses": NaN,
        "Special Income Charges": -4515000.0,
        "Gain On Sale Of Ppe": NaN,
        "Other Special Charges": 0.0,
        "Restructuring And Mergern Acquisition": 0.0,
        "Gain On Sale Of Security": NaN,
        "Net Non Operating Interest Income Expense": NaN,
        "Interest Expense Non Operating": NaN,
        "Operating Income": NaN,
        "Operating Expense": NaN,
        "Selling General And Administration": NaN,
        "Gross Profit": NaN,
        "Cost Of Revenue": NaN,
        "Total Revenue": NaN,
        "Operating Revenue": NaN
    },
    "2022-09-30": {
        "Tax Effect Of Unusual Items": NaN,
        "Tax Rate For Calcs": NaN,
        "Normalized EBITDA": NaN,
        "Total Unusual Items": NaN,
        "Total Unusual Items Excluding Goodwill": NaN,
        "Net Income From Continuing Operation Net Minority Interest": NaN,
        "Reconciled Depreciation": NaN,
        "Reconciled Cost Of Revenue": NaN,
        "EBITDA": NaN,
        "EBIT": NaN,
        "Net Interest Income": NaN,
        "Interest Expense": NaN,
        "Normalized Income": NaN,
        "Net Income From Continuing And Discontinued Operation": NaN,
        "Total Expenses": NaN,
        "Total Operating Income As Reported": NaN,
        "Diluted Average Shares": NaN,
        "Basic Average Shares": NaN,
        "Diluted EPS": NaN,
        "Basic EPS": NaN,
        "Diluted NI Availto Com Stockholders": NaN,
        "Net Income Common Stockholders": NaN,
        "Net Income": NaN,
        "Net Income Including Noncontrolling Interests": NaN,
        "Net Income Continuous Operations": NaN,
        "Tax Provision": NaN,
        "Pretax Income": NaN,
        "Other Income Expense": NaN,
        "Other Non Operating Income Expenses": NaN,
        "Special Income Charges": -8105000.0,
        "Gain On Sale Of Ppe": 0.0,
        "Other Special Charges": 8105000.0,
        "Restructuring And Mergern Acquisition": 0.0,
        "Gain On Sale Of Security": NaN,
        "Net Non Operating Interest Income Expense": NaN,
        "Interest Expense Non Operating": NaN,
        "Operating Income": NaN,
        "Operating Expense": NaN,
        "Selling General And Administration": NaN,
        "Gross Profit": NaN,
        "Cost Of Revenue": NaN,
        "Total Revenue": NaN,
        "Operating Revenue": NaN
    },
    "2022-06-30": {
        "Tax Effect Of Unusual Items": 1907491.783022,
        "Tax Rate For Calcs": 0.101755,
        "Normalized EBITDA": 4233000.0,
        "Total Unusual Items": 18746000.0,
        "Total Unusual Items Excluding Goodwill": 18746000.0,
        "Net Income From Continuing Operation Net Minority Interest": 14539000.0,
        "Reconciled Depreciation": 1036000.0,
        "Reconciled Cost Of Revenue": 50197000.0,
        "EBITDA": 22979000.0,
        "EBIT": 21943000.0,
        "Net Interest Income": -5757000.0,
        "Interest Expense": 5757000.0,
        "Normalized Income": -2299508.216978,
        "Net Income From Continuing And Discontinued Operation": 14539000.0,
        "Total Expenses": 54250000.0,
        "Total Operating Income As Reported": 2536000.0,
        "Diluted Average Shares": 24499784.0,
        "Basic Average Shares": 24499784.0,
        "Diluted EPS": 0.58,
        "Basic EPS": 0.58,
        "Diluted NI Availto Com Stockholders": 14539000.0,
        "Net Income Common Stockholders": 14539000.0,
        "Net Income": 14539000.0,
        "Net Income Including Noncontrolling Interests": 14539000.0,
        "Net Income Continuous Operations": 14539000.0,
        "Tax Provision": 1647000.0,
        "Pretax Income": 16186000.0,
        "Other Income Expense": 19407000.0,
        "Other Non Operating Income Expenses": 661000.0,
        "Special Income Charges": 0.0,
        "Gain On Sale Of Ppe": NaN,
        "Other Special Charges": NaN,
        "Impairment Of Capital Assets": 0.0,
        "Restructuring And Mergern Acquisition": 0.0,
        "Gain On Sale Of Security": 18746000.0,
        "Net Non Operating Interest Income Expense": -5757000.0,
        "Interest Expense Non Operating": 5757000.0,
        "Operating Income": 2536000.0,
        "Operating Expense": 4053000.0,
        "Selling General And Administration": 4053000.0,
        "Gross Profit": 6589000.0,
        "Cost Of Revenue": 50197000.0,
        "Total Revenue": 56786000.0,
        "Operating Revenue": 56786000.0
    },
    "2021-09-30": {
        "Diluted EPS": 0.0,
        "Total Revenue": NaN,
        "Gross Profit": NaN,
        "Operating Income": NaN,
        "EBIT": NaN,
        "Net Income": NaN
    },
    "2023-06-30": {
        "Tax Effect Of Unusual Items": NaN,
        "Tax Rate For Calcs": NaN,
        "Normalized EBITDA": NaN,
        "Total Unusual Items": NaN,
        "Total Unusual Items Excluding Goodwill": NaN,
        "Net Income From Continuing Operation Net Minority Interest": NaN,
        "Reconciled Depreciation": NaN,
        "Reconciled Cost Of Revenue": NaN,
        "EBITDA": NaN,
        "EBIT": NaN,
        "Net Interest Income": NaN,
        "Interest Expense": NaN,
        "Normalized Income": NaN,
        "Net Income From Continuing And Discontinued Operation": NaN,
        "Total Expenses": NaN,
        "Total Operating Income As Reported": NaN,
        "Diluted Average Shares": NaN,
        "Basic Average Shares": NaN,
        "Diluted EPS": NaN,
        "Basic EPS": NaN,
        "Diluted NI Availto Com Stockholders": NaN,
        "Net Income Common Stockholders": NaN,
        "Otherunder Preferred Stock Dividend": 57000.0,
        "Preferred Stock Dividends": 1612000.0,
        "Net Income": NaN,
        "Net Income Including Noncontrolling Interests": NaN,
        "Net Income Continuous Operations": NaN,
        "Tax Provision": NaN,
        "Pretax Income": NaN,
        "Other Income Expense": NaN,
        "Other Non Operating Income Expenses": NaN,
        "Special Income Charges": NaN,
        "Gain On Sale Of Ppe": NaN,
        "Other Special Charges": 14880000.0,
        "Gain On Sale Of Security": NaN,
        "Net Non Operating Interest Income Expense": NaN,
        "Interest Expense Non Operating": NaN,
        "Operating Income": NaN,
        "Operating Expense": NaN,
        "Selling General And Administration": NaN,
        "Gross Profit": NaN,
        "Cost Of Revenue": NaN,
        "Total Revenue": NaN,
        "Operating Revenue": NaN
    },
    "2023-09-30": {
        "Tax Effect Of Unusual Items": NaN,
        "Tax Rate For Calcs": NaN,
        "Normalized EBITDA": NaN,
        "Total Unusual Items": NaN,
        "Total Unusual Items Excluding Goodwill": NaN,
        "Net Income From Continuing Operation Net Minority Interest": NaN,
        "Reconciled Depreciation": NaN,
        "Reconciled Cost Of Revenue": NaN,
        "EBITDA": NaN,
        "EBIT": NaN,
        "Net Interest Income": NaN,
        "Interest Expense": NaN,
        "Normalized Income": NaN,
        "Net Income From Continuing And Discontinued Operation": NaN,
        "Total Expenses": NaN,
        "Total Operating Income As Reported": NaN,
        "Diluted Average Shares": NaN,
        "Basic Average Shares": NaN,
        "Diluted EPS": NaN,
        "Basic EPS": NaN,
        "Diluted NI Availto Com Stockholders": NaN,
        "Average Dilution Earnings": NaN,
        "Net Income Common Stockholders": NaN,
        "Otherunder Preferred Stock Dividend": NaN,
        "Preferred Stock Dividends": 3923000.0,
        "Net Income": NaN,
        "Net Income Including Noncontrolling Interests": NaN,
        "Net Income Continuous Operations": NaN,
        "Tax Provision": NaN,
        "Pretax Income": NaN,
        "Other Income Expense": NaN,
        "Other Non Operating Income Expenses": NaN,
        "Special Income Charges": -313000.0,
        "Gain On Sale Of Ppe": 0.0,
        "Other Special Charges": 313000.0,
        "Gain On Sale Of Security": NaN,
        "Net Non Operating Interest Income Expense": NaN,
        "Interest Expense Non Operating": NaN,
        "Operating Income": NaN,
        "Operating Expense": NaN,
        "Selling General And Administration": NaN,
        "Gross Profit": NaN,
        "Cost Of Revenue": NaN,
        "Total Revenue": NaN,
        "Operating Revenue": NaN
    },
    "2023-12-31": {
        "Tax Effect Of Unusual Items": NaN,
        "Tax Rate For Calcs": NaN,
        "Normalized EBITDA": NaN,
        "Total Unusual Items": NaN,
        "Total Unusual Items Excluding Goodwill": NaN,
        "Net Income From Continuing Operation Net Minority Interest": NaN,
        "Reconciled Depreciation": NaN,
        "Reconciled Cost Of Revenue": NaN,
        "EBITDA": NaN,
        "EBIT": NaN,
        "Net Interest Income": NaN,
        "Interest Expense": NaN,
        "Normalized Income": NaN,
        "Net Income From Continuing And Discontinued Operation": NaN,
        "Total Expenses": NaN,
        "Total Operating Income As Reported": NaN,
        "Diluted Average Shares": NaN,
        "Basic Average Shares": NaN,
        "Diluted EPS": NaN,
        "Basic EPS": NaN,
        "Diluted NI Availto Com Stockholders": NaN,
        "Average Dilution Earnings": NaN,
        "Net Income Common Stockholders": NaN,
        "Otherunder Preferred Stock Dividend": NaN,
        "Preferred Stock Dividends": NaN,
        "Net Income": NaN,
        "Net Income Including Noncontrolling Interests": NaN,
        "Net Income Continuous Operations": NaN,
        "Tax Provision": NaN,
        "Pretax Income": NaN,
        "Other Income Expense": NaN,
        "Other Non Operating Income Expenses": NaN,
        "Special Income Charges": -4091000.0,
        "Gain On Sale Of Ppe": 0.0,
        "Other Special Charges": 0.0,
        "Gain On Sale Of Security": NaN,
        "Net Non Operating Interest Income Expense": NaN,
        "Interest Expense Non Operating": NaN,
        "Operating Income": NaN,
        "Operating Expense": NaN,
        "Selling General And Administration": NaN,
        "Gross Profit": NaN,
        "Cost Of Revenue": NaN,
        "Total Revenue": NaN,
        "Operating Revenue": NaN
    },
    "2024-03-31": {
        "Tax Effect Of Unusual Items": NaN,
        "Tax Rate For Calcs": NaN,
        "Normalized EBITDA": NaN,
        "Total Unusual Items": NaN,
        "Total Unusual Items Excluding Goodwill": NaN,
        "Net Income From Continuing Operation Net Minority Interest": NaN,
        "Reconciled Depreciation": NaN,
        "Reconciled Cost Of Revenue": NaN,
        "EBITDA": NaN,
        "EBIT": NaN,
        "Net Interest Income": NaN,
        "Interest Expense": NaN,
        "Normalized Income": NaN,
        "Net Income From Continuing And Discontinued Operation": NaN,
        "Total Expenses": NaN,
        "Total Operating Income As Reported": NaN,
        "Diluted Average Shares": NaN,
        "Basic Average Shares": NaN,
        "Diluted EPS": NaN,
        "Basic EPS": NaN,
        "Diluted NI Availto Com Stockholders": NaN,
        "Average Dilution Earnings": NaN,
        "Net Income Common Stockholders": NaN,
        "Otherunder Preferred Stock Dividend": NaN,
        "Preferred Stock Dividends": 4237000.0,
        "Net Income": NaN,
        "Net Income Including Noncontrolling Interests": NaN,
        "Net Income Continuous Operations": NaN,
        "Tax Provision": NaN,
        "Pretax Income": NaN,
        "Other Income Expense": NaN,
        "Other Non Operating Income Expenses": NaN,
        "Special Income Charges": NaN,
        "Gain On Sale Of Ppe": NaN,
        "Other Special Charges": NaN,
        "Gain On Sale Of Security": NaN,
        "Net Non Operating Interest Income Expense": NaN,
        "Interest Expense Non Operating": NaN,
        "Operating Income": NaN,
        "Operating Expense": NaN,
        "Selling General And Administration": NaN,
        "Gross Profit": NaN,
        "Cost Of Revenue": NaN,
        "Total Revenue": NaN,
        "Operating Revenue": NaN
    },
    "2024-06-30": {
        "Tax Effect Of Unusual Items": NaN,
        "Tax Rate For Calcs": NaN,
        "Normalized EBITDA": NaN,
        "Total Unusual Items": NaN,
        "Total Unusual Items Excluding Goodwill": NaN,
        "Net Income From Continuing Operation Net Minority Interest": NaN,
        "Reconciled Depreciation": NaN,
        "Reconciled Cost Of Revenue": NaN,
        "EBITDA": NaN,
        "EBIT": NaN,
        "Net Interest Income": NaN,
        "Interest Expense": NaN,
        "Normalized Income": NaN,
        "Net Income From Continuing And Discontinued Operation": NaN,
        "Total Expenses": NaN,
        "Total Operating Income As Reported": NaN,
        "Diluted Average Shares": NaN,
        "Basic Average Shares": NaN,
        "Diluted EPS": NaN,
        "Basic EPS": NaN,
        "Diluted NI Availto Com Stockholders": NaN,
        "Average Dilution Earnings": 0.0,
        "Net Income Common Stockholders": NaN,
        "Otherunder Preferred Stock Dividend": NaN,
        "Preferred Stock Dividends": 4427000.0,
        "Net Income": NaN,
        "Net Income Including Noncontrolling Interests": NaN,
        "Net Income Continuous Operations": NaN,
        "Tax Provision": NaN,
        "Pretax Income": NaN,
        "Other Income Expense": NaN,
        "Other Non Operating Income Expenses": NaN,
        "Special Income Charges": 3214000.0,
        "Gain On Sale Of Ppe": 0.0,
        "Other Special Charges": -3214000.0,
        "Gain On Sale Of Security": NaN,
        "Net Non Operating Interest Income Expense": NaN,
        "Interest Expense Non Operating": NaN,
        "Operating Income": NaN,
        "Operating Expense": NaN,
        "Selling General And Administration": NaN,
        "Gross Profit": NaN,
        "Cost Of Revenue": NaN,
        "Total Revenue": NaN,
        "Operating Revenue": NaN
    },
    "2024-09-30": {
        "Tax Effect Of Unusual Items": -23108400.0,
        "Tax Rate For Calcs": 0.21,
        "Normalized EBITDA": 9420000.0,
        "Total Unusual Items": -110040000.0,
        "Total Unusual Items Excluding Goodwill": -110040000.0,
        "Net Income From Continuing Operation Net Minority Interest": -107046000.0,
        "Reconciled Depreciation": 1442000.0,
        "Reconciled Cost Of Revenue": 97059000.0,
        "EBITDA": -100620000.0,
        "EBIT": -102062000.0,
        "Net Interest Income": -1577000.0,
        "Interest Expense": 1577000.0,
        "Normalized Income": -20114400.0,
        "Net Income From Continuing And Discontinued Operation": -107046000.0,
        "Total Expenses": 104597000.0,
        "Total Operating Income As Reported": 8658000.0,
        "Diluted Average Shares": 31353997.0,
        "Basic Average Shares": 31353997.0,
        "Diluted EPS": -3.57,
        "Basic EPS": -3.57,
        "Diluted NI Availto Com Stockholders": -111866000.0,
        "Average Dilution Earnings": 0.0,
        "Net Income Common Stockholders": -111866000.0,
        "Otherunder Preferred Stock Dividend": 144000.0,
        "Preferred Stock Dividends": 4676000.0,
        "Net Income": -107046000.0,
        "Net Income Including Noncontrolling Interests": -107046000.0,
        "Net Income Continuous Operations": -107046000.0,
        "Tax Provision": 3407000.0,
        "Pretax Income": -103639000.0,
        "Other Income Expense": -110720000.0,
        "Other Non Operating Income Expenses": -680000.0,
        "Special Income Charges": 0.0,
        "Gain On Sale Of Ppe": 0.0,
        "Other Special Charges": NaN,
        "Gain On Sale Of Security": -110040000.0,
        "Net Non Operating Interest Income Expense": -1577000.0,
        "Interest Expense Non Operating": 1577000.0,
        "Operating Income": 8658000.0,
        "Operating Expense": 7538000.0,
        "Selling General And Administration": 7538000.0,
        "Gross Profit": 16196000.0,
        "Cost Of Revenue": 97059000.0,
        "Total Revenue": 113255000.0,
        "Operating Revenue": 113255000.0
    },
    "2024-12-31": {
        "Tax Effect Of Unusual Items": 1762379.301987,
        "Tax Rate For Calcs": 0.06762,
        "Normalized EBITDA": 13617000.0,
        "Total Unusual Items": 26063000.0,
        "Total Unusual Items Excluding Goodwill": 26063000.0,
        "Net Income From Continuing Operation Net Minority Interest": 34623000.0,
        "Reconciled Depreciation": 1511000.0,
        "Reconciled Cost Of Revenue": 116683000.0,
        "EBITDA": 39680000.0,
        "EBIT": 38169000.0,
        "Net Interest Income": -1035000.0,
        "Interest Expense": 1035000.0,
        "Normalized Income": 10322379.301987,
        "Net Income From Continuing And Discontinued Operation": 34623000.0,
        "Total Expenses": 126057000.0,
        "Total Operating Income As Reported": 11639000.0,
        "Diluted Average Shares": 33016397.0,
        "Basic Average Shares": 31380084.0,
        "Diluted EPS": 0.86,
        "Basic EPS": 0.86,
        "Diluted NI Availto Com Stockholders": 28213000.0,
        "Average Dilution Earnings": NaN,
        "Net Income Common Stockholders": 28213000.0,
        "Otherunder Preferred Stock Dividend": 1523000.0,
        "Preferred Stock Dividends": 4887000.0,
        "Net Income": 34623000.0,
        "Net Income Including Noncontrolling Interests": 34623000.0,
        "Net Income Continuous Operations": 34623000.0,
        "Tax Provision": 2511000.0,
        "Pretax Income": 37134000.0,
        "Other Income Expense": 26530000.0,
        "Other Non Operating Income Expenses": 467000.0,
        "Special Income Charges": 0.0,
        "Gain On Sale Of Ppe": 0.0,
        "Other Special Charges": 0.0,
        "Gain On Sale Of Security": 26063000.0,
        "Net Non Operating Interest Income Expense": -1035000.0,
        "Interest Expense Non Operating": 1035000.0,
        "Operating Income": 11639000.0,
        "Operating Expense": 9374000.0,
        "Selling General And Administration": 9374000.0,
        "Gross Profit": 21013000.0,
        "Cost Of Revenue": 116683000.0,
        "Total Revenue": 137696000.0,
        "Operating Revenue": 137696000.0
    },
    "2025-03-31": {
        "Tax Effect Of Unusual Items": 1851080.0,
        "Tax Rate For Calcs": 0.035,
        "Normalized EBITDA": 5228000.0,
        "Total Unusual Items": 52888000.0,
        "Total Unusual Items Excluding Goodwill": 52888000.0,
        "Net Income From Continuing Operation Net Minority Interest": 50448000.0,
        "Reconciled Depreciation": 1496000.0,
        "Reconciled Cost Of Revenue": 81896000.0,
        "EBITDA": 58116000.0,
        "EBIT": 56620000.0,
        "Net Interest Income": -4336000.0,
        "Interest Expense": 4336000.0,
        "Normalized Income": -588920.0,
        "Net Income From Continuing And Discontinued Operation": 50448000.0,
        "Total Expenses": 92419000.0,
        "Total Operating Income As Reported": 3871000.0,
        "Diluted Average Shares": 33285446.0,
        "Basic Average Shares": 31649133.0,
        "Diluted EPS": 1.52,
        "Basic EPS": 1.54,
        "Diluted NI Availto Com Stockholders": 50448000.0,
        "Average Dilution Earnings": 1838000.0,
        "Net Income Common Stockholders": 48610000.0,
        "Otherunder Preferred Stock Dividend": 1838000.0,
        "Preferred Stock Dividends": NaN,
        "Net Income": 50448000.0,
        "Net Income Including Noncontrolling Interests": 50448000.0,
        "Net Income Continuous Operations": 50448000.0,
        "Tax Provision": 1836000.0,
        "Pretax Income": 52284000.0,
        "Other Income Expense": 52749000.0,
        "Other Non Operating Income Expenses": -139000.0,
        "Special Income Charges": NaN,
        "Gain On Sale Of Ppe": NaN,
        "Other Special Charges": NaN,
        "Gain On Sale Of Security": 52888000.0,
        "Net Non Operating Interest Income Expense": -4336000.0,
        "Interest Expense Non Operating": 4336000.0,
        "Operating Income": 3871000.0,
        "Operating Expense": 10523000.0,
        "Selling General And Administration": 10523000.0,
        "Gross Profit": 14394000.0,
        "Cost Of Revenue": 81896000.0,
        "Total Revenue": 96290000.0,
        "Operating Revenue": 96290000.0
    },
    "2025-06-30": {
        "Tax Effect Of Unusual Items": -10002300.0,
        "Tax Rate For Calcs": 0.21,
        "Normalized EBITDA": 12553000.0,
        "Total Unusual Items": -47630000.0,
        "Total Unusual Items Excluding Goodwill": -47630000.0,
        "Net Income From Continuing Operation Net Minority Interest": 11679000.0,
        "Reconciled Depreciation": 1550000.0,
        "Reconciled Cost Of Revenue": 100802000.0,
        "EBITDA": -35077000.0,
        "EBIT": -36627000.0,
        "Net Interest Income": -4382000.0,
        "Interest Expense": 4382000.0,
        "Normalized Income": 49306700.0,
        "Net Income From Continuing And Discontinued Operation": 11679000.0,
        "Total Expenses": 110916000.0,
        "Total Operating Income As Reported": 7707000.0,
        "Diluted Average Shares": 33398330.0,
        "Basic Average Shares": 31793746.0,
        "Diluted EPS": 0.34,
        "Basic EPS": 0.36,
        "Diluted NI Availto Com Stockholders": 11313000.0,
        "Average Dilution Earnings": 18000.0,
        "Net Income Common Stockholders": 11295000.0,
        "Otherunder Preferred Stock Dividend": 384000.0,
        "Preferred Stock Dividends": NaN,
        "Net Income": 11679000.0,
        "Net Income Including Noncontrolling Interests": 11679000.0,
        "Net Income Continuous Operations": 11679000.0,
        "Tax Provision": -52688000.0,
        "Pretax Income": -41009000.0,
        "Other Income Expense": -44334000.0,
        "Other Non Operating Income Expenses": 3296000.0,
        "Special Income Charges": 0.0,
        "Gain On Sale Of Ppe": NaN,
        "Other Special Charges": NaN,
        "Gain On Sale Of Security": -47630000.0,
        "Net Non Operating Interest Income Expense": -4382000.0,
        "Interest Expense Non Operating": 4382000.0,
        "Operating Income": 7707000.0,
        "Operating Expense": 10114000.0,
        "Selling General And Administration": 10114000.0,
        "Gross Profit": 17821000.0,
        "Cost Of Revenue": 100802000.0,
        "Total Revenue": 118623000.0,
        "Operating Revenue": 118623000.0
    },
    "2025-09-30": {
        "Tax Effect Of Unusual Items": -338294.559347,
        "Tax Rate For Calcs": 0.019233,
        "Normalized EBITDA": 16188000.0,
        "Total Unusual Items": -17589000.0,
        "Total Unusual Items Excluding Goodwill": -17589000.0,
        "Net Income From Continuing Operation Net Minority Interest": -7445000.0,
        "Reconciled Depreciation": 1552000.0,
        "Reconciled Cost Of Revenue": 136306000.0,
        "EBITDA": -1401000.0,
        "EBIT": -2953000.0,
        "Net Interest Income": -4638000.0,
        "Interest Expense": 4638000.0,
        "Normalized Income": 9805705.440653,
        "Net Income From Continuing And Discontinued Operation": -7445000.0,
        "Total Expenses": 145953000.0,
        "Total Operating Income As Reported": 14558000.0,
        "Diluted Average Shares": 31887926.0,
        "Basic Average Shares": 31887926.0,
        "Diluted EPS": -0.23,
        "Basic EPS": -0.23,
        "Diluted NI Availto Com Stockholders": -7445000.0,
        "Average Dilution Earnings": 0.0,
        "Net Income Common Stockholders": -7445000.0,
        "Otherunder Preferred Stock Dividend": 0.0,
        "Preferred Stock Dividends": NaN,
        "Net Income": -7445000.0,
        "Net Income Including Noncontrolling Interests": -7445000.0,
        "Net Income Continuous Operations": -7445000.0,
        "Tax Provision": -146000.0,
        "Pretax Income": -7591000.0,
        "Other Income Expense": -17511000.0,
        "Other Non Operating Income Expenses": 78000.0,
        "Special Income Charges": 0.0,
        "Gain On Sale Of Ppe": NaN,
        "Other Special Charges": NaN,
        "Gain On Sale Of Security": -17589000.0,
        "Net Non Operating Interest Income Expense": -4638000.0,
        "Interest Expense Non Operating": 4638000.0,
        "Operating Income": 14558000.0,
        "Operating Expense": 9647000.0,
        "Selling General And Administration": 9647000.0,
        "Gross Profit": 24205000.0,
        "Cost Of Revenue": 136306000.0,
        "Total Revenue": 160511000.0,
        "Operating Revenue": 160511000.0
    }
}