{
    "2025-03-31": {
        "Tax Effect Of Unusual Items": 0.0,
        "Tax Rate For Calcs": 0.095745,
        "Normalized EBITDA": 100400000.0,
        "Total Unusual Items": NaN,
        "Total Unusual Items Excluding Goodwill": NaN,
        "Net Income From Continuing Operation Net Minority Interest": 51000000.0,
        "Reconciled Depreciation": 26900000.0,
        "Reconciled Cost Of Revenue": 238400000.0,
        "EBITDA": 100400000.0,
        "EBIT": 73500000.0,
        "Net Interest Income": -16600000.0,
        "Interest Expense": NaN,
        "Normalized Income": 51000000.0,
        "Net Income From Continuing And Discontinued Operation": 51000000.0,
        "Total Expenses": 408300000.0,
        "Total Operating Income As Reported": 73500000.0,
        "Diluted Average Shares": 112990276.0,
        "Basic Average Shares": 112990276.0,
        "Diluted EPS": 0.451366,
        "Basic EPS": 0.451366,
        "Diluted NI Availto Com Stockholders": 51000000.0,
        "Net Income Common Stockholders": 51000000.0,
        "Net Income": 51000000.0,
        "Net Income Including Noncontrolling Interests": 51000000.0,
        "Net Income Continuous Operations": 51000000.0,
        "Tax Provision": 5400000.0,
        "Pretax Income": 56400000.0,
        "Other Income Expense": -500000.0,
        "Other Non Operating Income Expenses": -500000.0,
        "Special Income Charges": NaN,
        "Gain On Sale Of Ppe": NaN,
        "Gain On Sale Of Business": NaN,
        "Net Non Operating Interest Income Expense": -16600000.0,
        "Total Other Finance Cost": 16600000.0,
        "Interest Expense Non Operating": NaN,
        "Operating Income": 73500000.0,
        "Operating Expense": 169900000.0,
        "Research And Development": 41300000.0,
        "Selling General And Administration": 128600000.0,
        "Gross Profit": 243400000.0,
        "Cost Of Revenue": 238400000.0,
        "Total Revenue": 481800000.0,
        "Operating Revenue": 481800000.0
    },
    "2024-03-31": {
        "Tax Effect Of Unusual Items": NaN,
        "Tax Rate For Calcs": NaN,
        "Normalized EBITDA": NaN,
        "Total Unusual Items": NaN,
        "Total Unusual Items Excluding Goodwill": NaN,
        "Net Income From Continuing Operation Net Minority Interest": NaN,
        "Reconciled Depreciation": NaN,
        "Reconciled Cost Of Revenue": NaN,
        "EBITDA": NaN,
        "EBIT": NaN,
        "Net Interest Income": NaN,
        "Interest Expense": NaN,
        "Normalized Income": NaN,
        "Net Income From Continuing And Discontinued Operation": NaN,
        "Total Expenses": NaN,
        "Total Operating Income As Reported": NaN,
        "Diluted Average Shares": 112990276.0,
        "Basic Average Shares": 112990276.0,
        "Diluted EPS": 1.028407,
        "Basic EPS": 1.028407,
        "Diluted NI Availto Com Stockholders": NaN,
        "Net Income Common Stockholders": NaN,
        "Net Income": NaN,
        "Net Income Including Noncontrolling Interests": NaN,
        "Net Income Continuous Operations": NaN,
        "Tax Provision": NaN,
        "Pretax Income": NaN,
        "Other Income Expense": NaN,
        "Other Non Operating Income Expenses": NaN,
        "Special Income Charges": NaN,
        "Gain On Sale Of Ppe": NaN,
        "Gain On Sale Of Business": NaN,
        "Net Non Operating Interest Income Expense": NaN,
        "Total Other Finance Cost": NaN,
        "Interest Expense Non Operating": NaN,
        "Operating Income": NaN,
        "Operating Expense": NaN,
        "Research And Development": NaN,
        "Selling General And Administration": NaN,
        "Gross Profit": NaN,
        "Cost Of Revenue": NaN,
        "Total Revenue": NaN,
        "Operating Revenue": NaN
    },
    "2025-06-30": {
        "Tax Effect Of Unusual Items": 0.0,
        "Tax Rate For Calcs": 0.192,
        "Normalized EBITDA": 87500000.0,
        "Total Unusual Items": 0.0,
        "Total Unusual Items Excluding Goodwill": 0.0,
        "Net Income From Continuing Operation Net Minority Interest": 47600000.0,
        "Reconciled Depreciation": 28600000.0,
        "Reconciled Cost Of Revenue": 255000000.0,
        "EBITDA": 87500000.0,
        "EBIT": 58900000.0,
        "Net Interest Income": NaN,
        "Interest Expense": NaN,
        "Normalized Income": 47600000.0,
        "Net Income From Continuing And Discontinued Operation": 47600000.0,
        "Total Expenses": 444400000.0,
        "Total Operating Income As Reported": 58900000.0,
        "Diluted Average Shares": 112700000.0,
        "Basic Average Shares": 112700000.0,
        "Diluted EPS": 0.42,
        "Basic EPS": 0.42,
        "Diluted NI Availto Com Stockholders": 47600000.0,
        "Net Income Common Stockholders": 47600000.0,
        "Net Income": 47600000.0,
        "Net Income Including Noncontrolling Interests": 47600000.0,
        "Net Income Continuous Operations": 47600000.0,
        "Tax Provision": 11300000.0,
        "Pretax Income": 58900000.0,
        "Other Income Expense": NaN,
        "Other Non Operating Income Expenses": NaN,
        "Special Income Charges": 0.0,
        "Gain On Sale Of Ppe": 0.0,
        "Gain On Sale Of Business": 0.0,
        "Net Non Operating Interest Income Expense": NaN,
        "Total Other Finance Cost": NaN,
        "Interest Expense Non Operating": NaN,
        "Operating Income": 58900000.0,
        "Operating Expense": 189400000.0,
        "Research And Development": 42000000.0,
        "Selling General And Administration": 147400000.0,
        "Gross Profit": 248300000.0,
        "Cost Of Revenue": 255000000.0,
        "Total Revenue": 503300000.0,
        "Operating Revenue": 503300000.0
    },
    "2024-06-30": {
        "Tax Effect Of Unusual Items": NaN,
        "Tax Rate For Calcs": NaN,
        "Normalized EBITDA": NaN,
        "Total Unusual Items": -25600000.0,
        "Total Unusual Items Excluding Goodwill": -25600000.0,
        "Net Income From Continuing Operation Net Minority Interest": NaN,
        "Reconciled Depreciation": NaN,
        "Reconciled Cost Of Revenue": NaN,
        "EBITDA": NaN,
        "EBIT": NaN,
        "Net Interest Income": NaN,
        "Interest Expense": NaN,
        "Normalized Income": NaN,
        "Net Income From Continuing And Discontinued Operation": NaN,
        "Total Expenses": NaN,
        "Total Operating Income As Reported": NaN,
        "Diluted Average Shares": 112990276.0,
        "Basic Average Shares": 112990276.0,
        "Diluted EPS": 0.573501,
        "Basic EPS": 0.573501,
        "Diluted NI Availto Com Stockholders": NaN,
        "Net Income Common Stockholders": NaN,
        "Net Income": NaN,
        "Net Income Including Noncontrolling Interests": NaN,
        "Net Income Continuous Operations": NaN,
        "Tax Provision": NaN,
        "Pretax Income": NaN,
        "Other Income Expense": -26000000.0,
        "Other Non Operating Income Expenses": -400000.0,
        "Special Income Charges": -25600000.0,
        "Gain On Sale Of Ppe": 0.0,
        "Gain On Sale Of Business": -25600000.0,
        "Net Non Operating Interest Income Expense": NaN,
        "Total Other Finance Cost": NaN,
        "Interest Expense Non Operating": NaN,
        "Operating Income": NaN,
        "Operating Expense": NaN,
        "Research And Development": NaN,
        "Selling General And Administration": NaN,
        "Gross Profit": NaN,
        "Cost Of Revenue": NaN,
        "Total Revenue": NaN,
        "Operating Revenue": NaN
    },
    "2025-09-30": {
        "Tax Effect Of Unusual Items": 0.0,
        "Tax Rate For Calcs": 0.21,
        "Normalized EBITDA": 81500000.0,
        "Total Unusual Items": 0.0,
        "Total Unusual Items Excluding Goodwill": 0.0,
        "Net Income From Continuing Operation Net Minority Interest": 39900000.0,
        "Reconciled Depreciation": 30000000.0,
        "Reconciled Cost Of Revenue": 260500000.0,
        "EBITDA": 81500000.0,
        "EBIT": 51500000.0,
        "Net Interest Income": -16300000.0,
        "Interest Expense": 16300000.0,
        "Normalized Income": 39900000.0,
        "Net Income From Continuing And Discontinued Operation": 39900000.0,
        "Total Expenses": 477100000.0,
        "Total Operating Income As Reported": 52000000.0,
        "Diluted Average Shares": NaN,
        "Basic Average Shares": NaN,
        "Diluted EPS": NaN,
        "Basic EPS": NaN,
        "Diluted NI Availto Com Stockholders": 39900000.0,
        "Net Income Common Stockholders": 39900000.0,
        "Net Income": 39900000.0,
        "Net Income Including Noncontrolling Interests": 39900000.0,
        "Net Income Continuous Operations": 39900000.0,
        "Tax Provision": -4700000.0,
        "Pretax Income": 35200000.0,
        "Other Income Expense": -500000.0,
        "Other Non Operating Income Expenses": -500000.0,
        "Special Income Charges": 0.0,
        "Gain On Sale Of Ppe": 0.0,
        "Gain On Sale Of Business": 0.0,
        "Net Non Operating Interest Income Expense": -16300000.0,
        "Total Other Finance Cost": NaN,
        "Interest Expense Non Operating": 16300000.0,
        "Operating Income": 52000000.0,
        "Operating Expense": 216600000.0,
        "Research And Development": 38800000.0,
        "Selling General And Administration": 177800000.0,
        "Gross Profit": 268600000.0,
        "Cost Of Revenue": 260500000.0,
        "Total Revenue": 529100000.0,
        "Operating Revenue": 529100000.0
    },
    "2024-12-31": {
        "Tax Effect Of Unusual Items": 0.0,
        "Tax Rate For Calcs": 0.090643,
        "Normalized EBITDA": 91100000.0,
        "Total Unusual Items": 0.0,
        "Total Unusual Items Excluding Goodwill": 0.0,
        "Net Income From Continuing Operation Net Minority Interest": 31100000.0,
        "Reconciled Depreciation": 26700000.0,
        "Reconciled Cost Of Revenue": 266400000.0,
        "EBITDA": 91100000.0,
        "EBIT": 64400000.0,
        "Net Interest Income": -66300000.0,
        "Interest Expense": NaN,
        "Normalized Income": 31100000.0,
        "Net Income From Continuing And Discontinued Operation": 31100000.0,
        "Total Expenses": 447200000.0,
        "Total Operating Income As Reported": 100900000.0,
        "Diluted Average Shares": NaN,
        "Basic Average Shares": NaN,
        "Diluted EPS": NaN,
        "Basic EPS": NaN,
        "Diluted NI Availto Com Stockholders": 31100000.0,
        "Net Income Common Stockholders": 31100000.0,
        "Net Income": 31100000.0,
        "Net Income Including Noncontrolling Interests": 31100000.0,
        "Net Income Continuous Operations": 31100000.0,
        "Tax Provision": 3100000.0,
        "Pretax Income": 34200000.0,
        "Other Income Expense": -400000.0,
        "Other Non Operating Income Expenses": -400000.0,
        "Special Income Charges": 0.0,
        "Gain On Sale Of Ppe": 0.0,
        "Gain On Sale Of Business": 0.0,
        "Net Non Operating Interest Income Expense": -66300000.0,
        "Total Other Finance Cost": NaN,
        "Interest Expense Non Operating": NaN,
        "Operating Income": 100900000.0,
        "Operating Expense": 180800000.0,
        "Research And Development": 42100000.0,
        "Selling General And Administration": 138700000.0,
        "Gross Profit": 281700000.0,
        "Cost Of Revenue": 266400000.0,
        "Total Revenue": 548100000.0,
        "Operating Revenue": 548100000.0
    },
    "2024-09-30": {
        "Tax Effect Of Unusual Items": 0.0,
        "Tax Rate For Calcs": 0.18,
        "Normalized EBITDA": 139000000.0,
        "Total Unusual Items": 0.0,
        "Total Unusual Items Excluding Goodwill": 0.0,
        "Net Income From Continuing Operation Net Minority Interest": 90900000.0,
        "Reconciled Depreciation": 28100000.0,
        "Reconciled Cost Of Revenue": 251900000.0,
        "EBITDA": 139000000.0,
        "EBIT": 110900000.0,
        "Net Interest Income": 0.0,
        "Interest Expense": 0.0,
        "Normalized Income": 90900000.0,
        "Net Income From Continuing And Discontinued Operation": 90900000.0,
        "Total Expenses": 420500000.0,
        "Total Operating Income As Reported": 111200000.0,
        "Diluted Average Shares": 112990276.0,
        "Basic Average Shares": 112990276.0,
        "Diluted EPS": 0.804494,
        "Basic EPS": 0.804494,
        "Diluted NI Availto Com Stockholders": 90900000.0,
        "Net Income Common Stockholders": 90900000.0,
        "Net Income": 90900000.0,
        "Net Income Including Noncontrolling Interests": 90900000.0,
        "Net Income Continuous Operations": 90900000.0,
        "Tax Provision": 20000000.0,
        "Pretax Income": 110900000.0,
        "Other Income Expense": -300000.0,
        "Other Non Operating Income Expenses": -300000.0,
        "Special Income Charges": 0.0,
        "Gain On Sale Of Ppe": 0.0,
        "Gain On Sale Of Business": 0.0,
        "Net Non Operating Interest Income Expense": 0.0,
        "Total Other Finance Cost": NaN,
        "Interest Expense Non Operating": 0.0,
        "Operating Income": 111200000.0,
        "Operating Expense": 168600000.0,
        "Research And Development": 39900000.0,
        "Selling General And Administration": 128700000.0,
        "Gross Profit": 279800000.0,
        "Cost Of Revenue": 251900000.0,
        "Total Revenue": 531700000.0,
        "Operating Revenue": 531700000.0
    },
    "2025-12-31": {
        "Tax Effect Of Unusual Items": NaN,
        "Tax Rate For Calcs": NaN,
        "Normalized EBITDA": NaN,
        "Total Unusual Items": NaN,
        "Total Unusual Items Excluding Goodwill": NaN,
        "Net Income From Continuing Operation Net Minority Interest": NaN,
        "Reconciled Depreciation": NaN,
        "Reconciled Cost Of Revenue": NaN,
        "EBITDA": NaN,
        "EBIT": NaN,
        "Net Interest Income": NaN,
        "Interest Expense": NaN,
        "Normalized Income": NaN,
        "Net Income From Continuing And Discontinued Operation": NaN,
        "Total Expenses": NaN,
        "Total Operating Income As Reported": NaN,
        "Diluted Average Shares": 113600000.0,
        "Basic Average Shares": 112900000.0,
        "Diluted EPS": -12.17,
        "Basic EPS": -12.17,
        "Diluted NI Availto Com Stockholders": NaN,
        "Net Income Common Stockholders": NaN,
        "Net Income": NaN,
        "Net Income Including Noncontrolling Interests": NaN,
        "Net Income Continuous Operations": NaN,
        "Tax Provision": NaN,
        "Pretax Income": NaN,
        "Other Income Expense": NaN,
        "Other Non Operating Income Expenses": NaN,
        "Special Income Charges": NaN,
        "Gain On Sale Of Ppe": NaN,
        "Gain On Sale Of Business": NaN,
        "Net Non Operating Interest Income Expense": NaN,
        "Total Other Finance Cost": NaN,
        "Interest Expense Non Operating": NaN,
        "Operating Income": NaN,
        "Operating Expense": NaN,
        "Research And Development": NaN,
        "Selling General And Administration": NaN,
        "Gross Profit": NaN,
        "Cost Of Revenue": NaN,
        "Total Revenue": NaN,
        "Operating Revenue": NaN
    }
}