{
    "2023-06-30": {
        "Tax Effect Of Unusual Items": NaN,
        "Tax Rate For Calcs": NaN,
        "Normalized EBITDA": NaN,
        "Total Unusual Items": NaN,
        "Total Unusual Items Excluding Goodwill": NaN,
        "Net Income From Continuing Operation Net Minority Interest": NaN,
        "Reconciled Depreciation": NaN,
        "EBITDA": NaN,
        "EBIT": NaN,
        "Net Interest Income": NaN,
        "Interest Expense": NaN,
        "Interest Income": NaN,
        "Normalized Income": NaN,
        "Net Income From Continuing And Discontinued Operation": NaN,
        "Total Expenses": NaN,
        "Total Operating Income As Reported": NaN,
        "Diluted Average Shares": 4233072.0,
        "Basic Average Shares": 4233072.0,
        "Diluted EPS": -3.62,
        "Basic EPS": -3.62,
        "Diluted NI Availto Com Stockholders": NaN,
        "Net Income Common Stockholders": NaN,
        "Net Income": NaN,
        "Net Income Including Noncontrolling Interests": NaN,
        "Net Income Continuous Operations": NaN,
        "Tax Provision": NaN,
        "Pretax Income": NaN,
        "Other Income Expense": NaN,
        "Gain On Sale Of Security": NaN,
        "Net Non Operating Interest Income Expense": NaN,
        "Interest Expense Non Operating": NaN,
        "Interest Income Non Operating": NaN,
        "Operating Income": NaN,
        "Operating Expense": NaN,
        "Research And Development": NaN,
        "Selling General And Administration": NaN,
        "Selling And Marketing Expense": NaN,
        "General And Administrative Expense": NaN,
        "Other Gand A": NaN,
        "Total Revenue": NaN,
        "Operating Revenue": NaN
    },
    "2023-03-31": {
        "Tax Effect Of Unusual Items": NaN,
        "Tax Rate For Calcs": NaN,
        "Normalized EBITDA": NaN,
        "Total Unusual Items": NaN,
        "Total Unusual Items Excluding Goodwill": NaN,
        "Net Income From Continuing Operation Net Minority Interest": NaN,
        "Reconciled Depreciation": NaN,
        "EBITDA": NaN,
        "EBIT": NaN,
        "Net Interest Income": NaN,
        "Interest Expense": NaN,
        "Interest Income": NaN,
        "Normalized Income": NaN,
        "Net Income From Continuing And Discontinued Operation": NaN,
        "Total Expenses": NaN,
        "Total Operating Income As Reported": NaN,
        "Diluted Average Shares": 4204339.0,
        "Basic Average Shares": 4204339.0,
        "Diluted EPS": -6.3,
        "Basic EPS": -6.3,
        "Diluted NI Availto Com Stockholders": NaN,
        "Net Income Common Stockholders": NaN,
        "Net Income": NaN,
        "Net Income Including Noncontrolling Interests": NaN,
        "Net Income Continuous Operations": NaN,
        "Tax Provision": NaN,
        "Pretax Income": NaN,
        "Other Income Expense": NaN,
        "Gain On Sale Of Security": NaN,
        "Net Non Operating Interest Income Expense": NaN,
        "Interest Expense Non Operating": NaN,
        "Interest Income Non Operating": NaN,
        "Operating Income": NaN,
        "Operating Expense": NaN,
        "Research And Development": NaN,
        "Selling General And Administration": NaN,
        "Selling And Marketing Expense": NaN,
        "General And Administrative Expense": NaN,
        "Other Gand A": NaN,
        "Total Revenue": NaN,
        "Operating Revenue": NaN
    },
    "2022-12-31": {
        "Tax Effect Of Unusual Items": NaN,
        "Tax Rate For Calcs": NaN,
        "Normalized EBITDA": NaN,
        "Total Unusual Items": NaN,
        "Total Unusual Items Excluding Goodwill": NaN,
        "Net Income From Continuing Operation Net Minority Interest": NaN,
        "Reconciled Depreciation": NaN,
        "EBITDA": NaN,
        "EBIT": NaN,
        "Net Interest Income": NaN,
        "Interest Expense": NaN,
        "Interest Income": NaN,
        "Normalized Income": NaN,
        "Net Income From Continuing And Discontinued Operation": NaN,
        "Total Expenses": NaN,
        "Total Operating Income As Reported": NaN,
        "Diluted Average Shares": 123515191.0,
        "Basic Average Shares": 123515191.0,
        "Diluted EPS": -0.09,
        "Basic EPS": -0.09,
        "Diluted NI Availto Com Stockholders": NaN,
        "Net Income Common Stockholders": NaN,
        "Net Income": NaN,
        "Net Income Including Noncontrolling Interests": NaN,
        "Net Income Continuous Operations": NaN,
        "Tax Provision": NaN,
        "Pretax Income": NaN,
        "Other Income Expense": NaN,
        "Gain On Sale Of Security": NaN,
        "Net Non Operating Interest Income Expense": NaN,
        "Interest Expense Non Operating": NaN,
        "Interest Income Non Operating": NaN,
        "Operating Income": NaN,
        "Operating Expense": NaN,
        "Research And Development": NaN,
        "Selling General And Administration": NaN,
        "Selling And Marketing Expense": NaN,
        "General And Administrative Expense": NaN,
        "Other Gand A": NaN,
        "Total Revenue": NaN,
        "Operating Revenue": NaN
    },
    "2022-09-30": {
        "Tax Effect Of Unusual Items": 0.0,
        "Tax Rate For Calcs": 0.0,
        "Normalized EBITDA": -21668000.0,
        "Total Unusual Items": -3038000.0,
        "Total Unusual Items Excluding Goodwill": -3038000.0,
        "Net Income From Continuing Operation Net Minority Interest": -24737000.0,
        "Reconciled Depreciation": 338000.0,
        "EBITDA": -24706000.0,
        "EBIT": -24706000.0,
        "Net Interest Income": 463000.0,
        "Interest Expense": 31000.0,
        "Interest Income": 494000.0,
        "Normalized Income": -21699000.0,
        "Net Income From Continuing And Discontinued Operation": -24737000.0,
        "Total Expenses": 22162000.0,
        "Total Operating Income As Reported": -22162000.0,
        "Diluted Average Shares": 121965277.0,
        "Basic Average Shares": 121965277.0,
        "Diluted EPS": -0.2,
        "Basic EPS": -0.2,
        "Diluted NI Availto Com Stockholders": -24737000.0,
        "Net Income Common Stockholders": -24737000.0,
        "Net Income": -24737000.0,
        "Net Income Including Noncontrolling Interests": -24737000.0,
        "Net Income Continuous Operations": -24737000.0,
        "Tax Provision": 0.0,
        "Pretax Income": -24737000.0,
        "Other Income Expense": -3038000.0,
        "Gain On Sale Of Security": -3038000.0,
        "Net Non Operating Interest Income Expense": 463000.0,
        "Interest Expense Non Operating": 31000.0,
        "Interest Income Non Operating": 494000.0,
        "Operating Income": -22162000.0,
        "Operating Expense": 22162000.0,
        "Research And Development": 12120000.0,
        "Selling General And Administration": 10042000.0,
        "Selling And Marketing Expense": 1912000.0,
        "General And Administrative Expense": 8130000.0,
        "Other Gand A": 8130000.0,
        "Total Revenue": 0.0,
        "Operating Revenue": 0.0
    },
    "2022-06-30": {
        "Tax Effect Of Unusual Items": 0.0,
        "Tax Rate For Calcs": 0.0,
        "Normalized EBITDA": -18839000.0,
        "Total Unusual Items": 17601000.0,
        "Total Unusual Items Excluding Goodwill": 17601000.0,
        "Net Income From Continuing Operation Net Minority Interest": -1453000.0,
        "Reconciled Depreciation": 186000.0,
        "EBITDA": -1238000.0,
        "EBIT": -1424000.0,
        "Net Interest Income": 72000.0,
        "Interest Expense": 29000.0,
        "Interest Income": 101000.0,
        "Normalized Income": -19054000.0,
        "Net Income From Continuing And Discontinued Operation": -1453000.0,
        "Total Expenses": 19126000.0,
        "Total Operating Income As Reported": -19126000.0,
        "Diluted Average Shares": 121341460.0,
        "Basic Average Shares": 121341460.0,
        "Diluted EPS": -0.01,
        "Basic EPS": -0.01,
        "Diluted NI Availto Com Stockholders": -1453000.0,
        "Net Income Common Stockholders": -1453000.0,
        "Net Income": -1453000.0,
        "Net Income Including Noncontrolling Interests": -1453000.0,
        "Net Income Continuous Operations": -1453000.0,
        "Tax Provision": 0.0,
        "Pretax Income": -1453000.0,
        "Other Income Expense": 17601000.0,
        "Gain On Sale Of Security": 17601000.0,
        "Net Non Operating Interest Income Expense": 72000.0,
        "Interest Expense Non Operating": 29000.0,
        "Interest Income Non Operating": 101000.0,
        "Operating Income": -19126000.0,
        "Operating Expense": 19126000.0,
        "Research And Development": 10055000.0,
        "Selling General And Administration": 9071000.0,
        "Selling And Marketing Expense": 1311000.0,
        "General And Administrative Expense": 7760000.0,
        "Other Gand A": 7760000.0,
        "Total Revenue": 0.0,
        "Operating Revenue": 0.0
    },
    "2022-03-31": {
        "Diluted EPS": 0.33,
        "Total Revenue": NaN,
        "Gross Profit": NaN,
        "Operating Income": -18,
        "EBIT": -18,
        "Net Income": 43
    },
    "2021-12-31": {
        "Diluted EPS": 0.27,
        "Total Revenue": NaN,
        "Gross Profit": NaN,
        "Operating Income": -18,
        "EBIT": -18,
        "Net Income": 22
    },
    "2021-09-30": {
        "Diluted EPS": -0.49,
        "Total Revenue": NaN,
        "Gross Profit": NaN,
        "Operating Income": -9,
        "EBIT": -8,
        "Net Income": -45
    },
    "2021-06-30": {
        "Diluted EPS": -0.08,
        "Total Revenue": NaN,
        "Gross Profit": NaN,
        "Operating Income": -7,
        "EBIT": -7,
        "Net Income": -7
    },
    "2021-03-31": {
        "Diluted EPS": -0.06,
        "Total Revenue": NaN,
        "Gross Profit": NaN,
        "Operating Income": -5,
        "EBIT": -5,
        "Net Income": -5
    },
    "2020-12-31": {
        "Diluted EPS": 0.0,
        "Total Revenue": NaN,
        "Gross Profit": NaN,
        "Operating Income": NaN,
        "EBIT": NaN,
        "Net Income": NaN
    },
    "2020-09-30": {
        "Diluted EPS": -0.04,
        "Total Revenue": NaN,
        "Gross Profit": NaN,
        "Operating Income": -3,
        "EBIT": -3,
        "Net Income": -3
    },
    "2023-09-30": {
        "Tax Effect Of Unusual Items": NaN,
        "Tax Rate For Calcs": NaN,
        "Normalized EBITDA": NaN,
        "Total Unusual Items": NaN,
        "Total Unusual Items Excluding Goodwill": NaN,
        "Net Income From Continuing Operation Net Minority Interest": NaN,
        "Reconciled Depreciation": NaN,
        "EBITDA": NaN,
        "EBIT": NaN,
        "Net Interest Income": NaN,
        "Interest Expense": NaN,
        "Interest Income": NaN,
        "Normalized Income": NaN,
        "Net Income From Continuing And Discontinued Operation": NaN,
        "Total Expenses": NaN,
        "Total Operating Income As Reported": NaN,
        "Diluted Average Shares": 5171380.0,
        "Basic Average Shares": 5171380.0,
        "Diluted EPS": -3.04,
        "Basic EPS": -3.04,
        "Diluted NI Availto Com Stockholders": NaN,
        "Net Income Common Stockholders": NaN,
        "Net Income": NaN,
        "Net Income Including Noncontrolling Interests": NaN,
        "Net Income Continuous Operations": NaN,
        "Tax Provision": NaN,
        "Pretax Income": NaN,
        "Other Income Expense": NaN,
        "Gain On Sale Of Security": NaN,
        "Net Non Operating Interest Income Expense": NaN,
        "Interest Expense Non Operating": NaN,
        "Interest Income Non Operating": NaN,
        "Operating Income": NaN,
        "Operating Expense": NaN,
        "Research And Development": NaN,
        "Selling General And Administration": NaN,
        "Selling And Marketing Expense": NaN,
        "General And Administrative Expense": NaN,
        "Other Gand A": NaN,
        "Total Revenue": NaN,
        "Operating Revenue": NaN
    },
    "2023-12-31": {
        "Tax Effect Of Unusual Items": NaN,
        "Tax Rate For Calcs": NaN,
        "Normalized EBITDA": NaN,
        "Total Unusual Items": NaN,
        "Total Unusual Items Excluding Goodwill": NaN,
        "Net Income From Continuing Operation Net Minority Interest": NaN,
        "Reconciled Depreciation": NaN,
        "EBITDA": NaN,
        "EBIT": NaN,
        "Net Interest Income": NaN,
        "Interest Expense": 22000.0,
        "Interest Income": NaN,
        "Normalized Income": NaN,
        "Net Income From Continuing And Discontinued Operation": NaN,
        "Total Expenses": NaN,
        "Total Operating Income As Reported": NaN,
        "Diluted Average Shares": NaN,
        "Basic Average Shares": NaN,
        "Diluted EPS": NaN,
        "Basic EPS": NaN,
        "Diluted NI Availto Com Stockholders": NaN,
        "Net Income Common Stockholders": NaN,
        "Net Income": NaN,
        "Net Income Including Noncontrolling Interests": NaN,
        "Net Income Continuous Operations": NaN,
        "Tax Provision": NaN,
        "Pretax Income": NaN,
        "Other Income Expense": NaN,
        "Gain On Sale Of Security": NaN,
        "Net Non Operating Interest Income Expense": NaN,
        "Interest Expense Non Operating": 22000.0,
        "Interest Income Non Operating": NaN,
        "Operating Income": NaN,
        "Operating Expense": NaN,
        "Research And Development": NaN,
        "Selling General And Administration": NaN,
        "Selling And Marketing Expense": NaN,
        "General And Administrative Expense": NaN,
        "Other Gand A": NaN,
        "Total Revenue": NaN,
        "Operating Revenue": NaN
    },
    "2024-03-31": {
        "Tax Effect Of Unusual Items": NaN,
        "Tax Rate For Calcs": NaN,
        "Normalized EBITDA": NaN,
        "Total Unusual Items": NaN,
        "Total Unusual Items Excluding Goodwill": NaN,
        "Net Income From Continuing Operation Net Minority Interest": NaN,
        "Reconciled Depreciation": NaN,
        "EBITDA": NaN,
        "EBIT": NaN,
        "Net Interest Income": NaN,
        "Interest Expense": 0.0,
        "Interest Income": NaN,
        "Normalized Income": NaN,
        "Net Income From Continuing And Discontinued Operation": NaN,
        "Total Expenses": NaN,
        "Total Operating Income As Reported": NaN,
        "Diluted Average Shares": NaN,
        "Basic Average Shares": NaN,
        "Diluted EPS": NaN,
        "Basic EPS": NaN,
        "Diluted NI Availto Com Stockholders": NaN,
        "Net Income Common Stockholders": NaN,
        "Net Income": NaN,
        "Net Income Including Noncontrolling Interests": NaN,
        "Net Income Continuous Operations": NaN,
        "Tax Provision": NaN,
        "Pretax Income": NaN,
        "Other Income Expense": NaN,
        "Gain On Sale Of Security": NaN,
        "Net Non Operating Interest Income Expense": NaN,
        "Interest Expense Non Operating": 0.0,
        "Interest Income Non Operating": NaN,
        "Operating Income": NaN,
        "Operating Expense": NaN,
        "Research And Development": NaN,
        "Selling General And Administration": NaN,
        "Selling And Marketing Expense": NaN,
        "General And Administrative Expense": NaN,
        "Other Gand A": NaN,
        "Total Revenue": NaN,
        "Operating Revenue": NaN
    },
    "2024-06-30": {
        "Tax Effect Of Unusual Items": 0.0,
        "Tax Rate For Calcs": 0.0,
        "Normalized EBITDA": -18766000.0,
        "Total Unusual Items": 1590000.0,
        "Total Unusual Items Excluding Goodwill": 1590000.0,
        "Net Income From Continuing Operation Net Minority Interest": -15205000.0,
        "Reconciled Depreciation": 537000.0,
        "EBITDA": -17176000.0,
        "EBIT": -17713000.0,
        "Net Interest Income": 918000.0,
        "Interest Expense": 0.0,
        "Interest Income": 918000.0,
        "Normalized Income": -16795000.0,
        "Net Income From Continuing And Discontinued Operation": -15205000.0,
        "Total Expenses": 17713000.0,
        "Total Operating Income As Reported": -17713000.0,
        "Diluted Average Shares": 5873019.0,
        "Basic Average Shares": 5870656.0,
        "Diluted EPS": -2.59,
        "Basic EPS": -2.59,
        "Diluted NI Availto Com Stockholders": -15205000.0,
        "Net Income Common Stockholders": -15205000.0,
        "Net Income": -15205000.0,
        "Net Income Including Noncontrolling Interests": -15205000.0,
        "Net Income Continuous Operations": -15205000.0,
        "Tax Provision": 0.0,
        "Pretax Income": -15205000.0,
        "Other Income Expense": 1590000.0,
        "Gain On Sale Of Security": 1590000.0,
        "Net Non Operating Interest Income Expense": 918000.0,
        "Interest Expense Non Operating": 0.0,
        "Interest Income Non Operating": 918000.0,
        "Operating Income": -17713000.0,
        "Operating Expense": 17713000.0,
        "Research And Development": 10924000.0,
        "Selling General And Administration": 6789000.0,
        "Selling And Marketing Expense": 1197000.0,
        "General And Administrative Expense": 5592000.0,
        "Other Gand A": 5592000.0,
        "Total Revenue": 0.0,
        "Operating Revenue": 0.0
    },
    "2024-09-30": {
        "Tax Effect Of Unusual Items": 0.0,
        "Tax Rate For Calcs": 0.0,
        "Normalized EBITDA": -16446000.0,
        "Total Unusual Items": -138000.0,
        "Total Unusual Items Excluding Goodwill": -138000.0,
        "Net Income From Continuing Operation Net Minority Interest": -17091000.0,
        "Reconciled Depreciation": 507000.0,
        "EBITDA": -16584000.0,
        "EBIT": -17091000.0,
        "Net Interest Income": 802000.0,
        "Interest Expense": 0.0,
        "Interest Income": 802000.0,
        "Normalized Income": -16953000.0,
        "Net Income From Continuing And Discontinued Operation": -17091000.0,
        "Total Expenses": 17755000.0,
        "Total Operating Income As Reported": -17755000.0,
        "Diluted Average Shares": 5899616.0,
        "Basic Average Shares": 5899616.0,
        "Diluted EPS": -2.9,
        "Basic EPS": -2.9,
        "Diluted NI Availto Com Stockholders": -17091000.0,
        "Net Income Common Stockholders": -17091000.0,
        "Net Income": -17091000.0,
        "Net Income Including Noncontrolling Interests": -17091000.0,
        "Net Income Continuous Operations": -17091000.0,
        "Tax Provision": 0.0,
        "Pretax Income": -17091000.0,
        "Other Income Expense": -138000.0,
        "Gain On Sale Of Security": -138000.0,
        "Net Non Operating Interest Income Expense": 802000.0,
        "Interest Expense Non Operating": 0.0,
        "Interest Income Non Operating": 802000.0,
        "Operating Income": -17755000.0,
        "Operating Expense": 17755000.0,
        "Research And Development": 10800000.0,
        "Selling General And Administration": 6955000.0,
        "Selling And Marketing Expense": 1208000.0,
        "General And Administrative Expense": 5747000.0,
        "Other Gand A": 5747000.0,
        "Total Revenue": 0.0,
        "Operating Revenue": 0.0
    },
    "2024-12-31": {
        "Tax Effect Of Unusual Items": 0.0,
        "Tax Rate For Calcs": 0.0,
        "Normalized EBITDA": -13842000.0,
        "Total Unusual Items": 458000.0,
        "Total Unusual Items Excluding Goodwill": 458000.0,
        "Net Income From Continuing Operation Net Minority Interest": -13926000.0,
        "Reconciled Depreciation": 542000.0,
        "EBITDA": -13384000.0,
        "EBIT": -13926000.0,
        "Net Interest Income": 594000.0,
        "Interest Expense": 0.0,
        "Interest Income": 594000.0,
        "Normalized Income": -14384000.0,
        "Net Income From Continuing And Discontinued Operation": -13926000.0,
        "Total Expenses": 14978000.0,
        "Total Operating Income As Reported": -14978000.0,
        "Diluted Average Shares": 5912283.0,
        "Basic Average Shares": 5912283.0,
        "Diluted EPS": -2.36,
        "Basic EPS": -2.36,
        "Diluted NI Availto Com Stockholders": -13926000.0,
        "Net Income Common Stockholders": -13926000.0,
        "Net Income": -13926000.0,
        "Net Income Including Noncontrolling Interests": -13926000.0,
        "Net Income Continuous Operations": -13926000.0,
        "Tax Provision": 0.0,
        "Pretax Income": -13926000.0,
        "Other Income Expense": 458000.0,
        "Gain On Sale Of Security": 458000.0,
        "Net Non Operating Interest Income Expense": 594000.0,
        "Interest Expense Non Operating": 0.0,
        "Interest Income Non Operating": 594000.0,
        "Operating Income": -14978000.0,
        "Operating Expense": 14978000.0,
        "Research And Development": 8463000.0,
        "Selling General And Administration": 6515000.0,
        "Selling And Marketing Expense": 979000.0,
        "General And Administrative Expense": 5536000.0,
        "Other Gand A": 5536000.0,
        "Total Revenue": 0.0,
        "Operating Revenue": 0.0
    },
    "2025-03-31": {
        "Tax Effect Of Unusual Items": 0.0,
        "Tax Rate For Calcs": 0.0,
        "Normalized EBITDA": -15285000.0,
        "Total Unusual Items": -93000.0,
        "Total Unusual Items Excluding Goodwill": -93000.0,
        "Net Income From Continuing Operation Net Minority Interest": -15394000.0,
        "Reconciled Depreciation": 369000.0,
        "EBITDA": -15378000.0,
        "EBIT": -15747000.0,
        "Net Interest Income": 446000.0,
        "Interest Expense": NaN,
        "Interest Income": 446000.0,
        "Normalized Income": -15301000.0,
        "Net Income From Continuing And Discontinued Operation": -15394000.0,
        "Total Expenses": 15747000.0,
        "Total Operating Income As Reported": -15747000.0,
        "Diluted Average Shares": 5924397.0,
        "Basic Average Shares": 5924397.0,
        "Diluted EPS": -2.6,
        "Basic EPS": -2.6,
        "Diluted NI Availto Com Stockholders": -15394000.0,
        "Net Income Common Stockholders": -15394000.0,
        "Net Income": -15394000.0,
        "Net Income Including Noncontrolling Interests": -15394000.0,
        "Net Income Continuous Operations": -15394000.0,
        "Tax Provision": 0.0,
        "Pretax Income": -15394000.0,
        "Other Income Expense": -93000.0,
        "Gain On Sale Of Security": -93000.0,
        "Net Non Operating Interest Income Expense": 446000.0,
        "Interest Expense Non Operating": NaN,
        "Interest Income Non Operating": 446000.0,
        "Operating Income": -15747000.0,
        "Operating Expense": 15747000.0,
        "Research And Development": 9415000.0,
        "Selling General And Administration": 6332000.0,
        "Selling And Marketing Expense": 1041000.0,
        "General And Administrative Expense": 5291000.0,
        "Other Gand A": 5291000.0,
        "Total Revenue": 0.0,
        "Operating Revenue": 0.0
    },
    "2025-06-30": {
        "Tax Effect Of Unusual Items": 0.0,
        "Tax Rate For Calcs": 0.0,
        "Normalized EBITDA": -13146000.0,
        "Total Unusual Items": 40000.0,
        "Total Unusual Items Excluding Goodwill": 40000.0,
        "Net Income From Continuing Operation Net Minority Interest": -13215000.0,
        "Reconciled Depreciation": 413000.0,
        "EBITDA": -13106000.0,
        "EBIT": -13519000.0,
        "Net Interest Income": 264000.0,
        "Interest Expense": NaN,
        "Interest Income": 264000.0,
        "Normalized Income": -13255000.0,
        "Net Income From Continuing And Discontinued Operation": -13215000.0,
        "Total Expenses": 13519000.0,
        "Total Operating Income As Reported": -13519000.0,
        "Diluted Average Shares": 5938282.0,
        "Basic Average Shares": 5938282.0,
        "Diluted EPS": -2.23,
        "Basic EPS": -2.23,
        "Diluted NI Availto Com Stockholders": -13215000.0,
        "Net Income Common Stockholders": -13215000.0,
        "Net Income": -13215000.0,
        "Net Income Including Noncontrolling Interests": -13215000.0,
        "Net Income Continuous Operations": -13215000.0,
        "Tax Provision": 0.0,
        "Pretax Income": -13215000.0,
        "Other Income Expense": 40000.0,
        "Gain On Sale Of Security": 40000.0,
        "Net Non Operating Interest Income Expense": 264000.0,
        "Interest Expense Non Operating": NaN,
        "Interest Income Non Operating": 264000.0,
        "Operating Income": -13519000.0,
        "Operating Expense": 13519000.0,
        "Research And Development": 9050000.0,
        "Selling General And Administration": 4469000.0,
        "Selling And Marketing Expense": 349000.0,
        "General And Administrative Expense": 4120000.0,
        "Other Gand A": 4120000.0,
        "Total Revenue": 0.0,
        "Operating Revenue": 0.0
    }
}