{
    "2024-04-30": {
        "Tax Effect Of Unusual Items": 0.0,
        "Tax Rate For Calcs": 0.001434,
        "Normalized EBITDA": -715328000.0,
        "Net Income From Continuing Operation Net Minority Interest": -732091000.0,
        "Reconciled Depreciation": 7190000.0,
        "Reconciled Cost Of Revenue": 95979000.0,
        "EBITDA": -715328000.0,
        "EBIT": -722518000.0,
        "Net Interest Income": -7682000.0,
        "Interest Expense": 10624000.0,
        "Interest Income": 2942000.0,
        "Normalized Income": -732091000.0,
        "Net Income From Continuing And Discontinued Operation": -732091000.0,
        "Total Expenses": 912152000.0,
        "Total Operating Income As Reported": -724837000.0,
        "Diluted Average Shares": 63794000.0,
        "Basic Average Shares": 63794000.0,
        "Diluted EPS": -11.48,
        "Basic EPS": -11.48,
        "Diluted NI Availto Com Stockholders": -732091000.0,
        "Net Income Common Stockholders": -732091000.0,
        "Net Income": -732091000.0,
        "Net Income Including Noncontrolling Interests": -732091000.0,
        "Net Income Continuous Operations": -732091000.0,
        "Tax Provision": -1051000.0,
        "Pretax Income": -733142000.0,
        "Other Income Expense": -623000.0,
        "Other Non Operating Income Expenses": -623000.0,
        "Net Non Operating Interest Income Expense": -7682000.0,
        "Interest Expense Non Operating": 10624000.0,
        "Interest Income Non Operating": 2942000.0,
        "Operating Income": -724837000.0,
        "Operating Expense": 816173000.0,
        "Research And Development": 285379000.0,
        "Selling General And Administration": 530794000.0,
        "Selling And Marketing Expense": 379329000.0,
        "General And Administrative Expense": 151465000.0,
        "Other Gand A": 151465000.0,
        "Gross Profit": 91336000.0,
        "Cost Of Revenue": 95979000.0,
        "Total Revenue": 187315000.0,
        "Operating Revenue": 177862000.0
    },
    "2023-07-31": {
        "Tax Effect Of Unusual Items": NaN,
        "Tax Rate For Calcs": NaN,
        "Normalized EBITDA": NaN,
        "Net Income From Continuing Operation Net Minority Interest": NaN,
        "Reconciled Depreciation": NaN,
        "Reconciled Cost Of Revenue": NaN,
        "EBITDA": NaN,
        "EBIT": NaN,
        "Net Interest Income": NaN,
        "Interest Expense": NaN,
        "Interest Income": NaN,
        "Normalized Income": NaN,
        "Net Income From Continuing And Discontinued Operation": NaN,
        "Total Expenses": NaN,
        "Total Operating Income As Reported": NaN,
        "Diluted Average Shares": 175932212.0,
        "Basic Average Shares": 175932212.0,
        "Diluted EPS": -0.461092,
        "Basic EPS": -0.461092,
        "Diluted NI Availto Com Stockholders": NaN,
        "Net Income Common Stockholders": NaN,
        "Net Income": NaN,
        "Net Income Including Noncontrolling Interests": NaN,
        "Net Income Continuous Operations": NaN,
        "Tax Provision": NaN,
        "Pretax Income": NaN,
        "Other Income Expense": NaN,
        "Other Non Operating Income Expenses": NaN,
        "Net Non Operating Interest Income Expense": NaN,
        "Interest Expense Non Operating": NaN,
        "Interest Income Non Operating": NaN,
        "Operating Income": NaN,
        "Operating Expense": NaN,
        "Research And Development": NaN,
        "Selling General And Administration": NaN,
        "Selling And Marketing Expense": NaN,
        "General And Administrative Expense": NaN,
        "Other Gand A": NaN,
        "Gross Profit": NaN,
        "Cost Of Revenue": NaN,
        "Total Revenue": NaN,
        "Operating Revenue": NaN
    },
    "2023-04-30": {
        "Tax Effect Of Unusual Items": 0.0,
        "Tax Rate For Calcs": 0.21,
        "Normalized EBITDA": -76961000.0,
        "Net Income From Continuing Operation Net Minority Interest": -89273000.0,
        "Reconciled Depreciation": 5572000.0,
        "Reconciled Cost Of Revenue": 35891000.0,
        "EBITDA": -76961000.0,
        "EBIT": -82533000.0,
        "Net Interest Income": -2915000.0,
        "Interest Expense": 5532000.0,
        "Interest Income": 2617000.0,
        "Normalized Income": -89273000.0,
        "Net Income From Continuing And Discontinued Operation": -89273000.0,
        "Total Expenses": 220336000.0,
        "Total Operating Income As Reported": -84596000.0,
        "Diluted Average Shares": 175932212.0,
        "Basic Average Shares": 175932212.0,
        "Diluted EPS": -0.507428,
        "Basic EPS": -0.507428,
        "Diluted NI Availto Com Stockholders": -89273000.0,
        "Net Income Common Stockholders": -89273000.0,
        "Net Income": -89273000.0,
        "Net Income Including Noncontrolling Interests": -89273000.0,
        "Net Income Continuous Operations": -89273000.0,
        "Tax Provision": 1208000.0,
        "Pretax Income": -88065000.0,
        "Other Income Expense": -554000.0,
        "Other Non Operating Income Expenses": -554000.0,
        "Net Non Operating Interest Income Expense": -2915000.0,
        "Interest Expense Non Operating": 5532000.0,
        "Interest Income Non Operating": 2617000.0,
        "Operating Income": -84596000.0,
        "Operating Expense": 184445000.0,
        "Research And Development": 46266000.0,
        "Selling General And Administration": 138179000.0,
        "Selling And Marketing Expense": 115362000.0,
        "General And Administrative Expense": 22817000.0,
        "Other Gand A": 22817000.0,
        "Gross Profit": 99849000.0,
        "Cost Of Revenue": 35891000.0,
        "Total Revenue": 135740000.0,
        "Operating Revenue": 120686000.0
    },
    "2024-07-31": {
        "Tax Effect Of Unusual Items": 0.0,
        "Tax Rate For Calcs": 0.21,
        "Normalized EBITDA": -155511000.0,
        "Net Income From Continuing Operation Net Minority Interest": -176930000.0,
        "Reconciled Depreciation": 6954000.0,
        "Reconciled Cost Of Revenue": 55168000.0,
        "EBITDA": -155511000.0,
        "EBIT": -162465000.0,
        "Net Interest Income": -2967000.0,
        "Interest Expense": 10245000.0,
        "Interest Income": 7278000.0,
        "Normalized Income": -176930000.0,
        "Net Income From Continuing And Discontinued Operation": -176930000.0,
        "Total Expenses": 373244000.0,
        "Total Operating Income As Reported": -168293000.0,
        "Diluted Average Shares": 179851000.0,
        "Basic Average Shares": 179851000.0,
        "Diluted EPS": -0.98,
        "Basic EPS": -0.98,
        "Diluted NI Availto Com Stockholders": -176930000.0,
        "Net Income Common Stockholders": -176930000.0,
        "Net Income": -176930000.0,
        "Net Income Including Noncontrolling Interests": -176930000.0,
        "Net Income Continuous Operations": -176930000.0,
        "Tax Provision": 4220000.0,
        "Pretax Income": -172710000.0,
        "Other Income Expense": -1450000.0,
        "Other Non Operating Income Expenses": -1450000.0,
        "Net Non Operating Interest Income Expense": -2967000.0,
        "Interest Expense Non Operating": 10245000.0,
        "Interest Income Non Operating": 7278000.0,
        "Operating Income": -168293000.0,
        "Operating Expense": 318076000.0,
        "Research And Development": 86228000.0,
        "Selling General And Administration": 231848000.0,
        "Selling And Marketing Expense": 167927000.0,
        "General And Administrative Expense": 63921000.0,
        "Other Gand A": 63921000.0,
        "Gross Profit": 149783000.0,
        "Cost Of Revenue": 55168000.0,
        "Total Revenue": 204951000.0,
        "Operating Revenue": 196333000.0
    },
    "2024-10-31": {
        "Tax Effect Of Unusual Items": 0.0,
        "Tax Rate For Calcs": 0.21,
        "Normalized EBITDA": -111254000.0,
        "Net Income From Continuing Operation Net Minority Interest": -130910000.0,
        "Reconciled Depreciation": 7398000.0,
        "Reconciled Cost Of Revenue": 56146000.0,
        "EBITDA": -111254000.0,
        "EBIT": -118652000.0,
        "Net Interest Income": -2842000.0,
        "Interest Expense": 10310000.0,
        "Interest Income": 7468000.0,
        "Normalized Income": -130910000.0,
        "Net Income From Continuing And Discontinued Operation": -130910000.0,
        "Total Expenses": 360965000.0,
        "Total Operating Income As Reported": -124787000.0,
        "Diluted Average Shares": 183590000.0,
        "Basic Average Shares": 183590000.0,
        "Diluted EPS": -0.71,
        "Basic EPS": -0.71,
        "Diluted NI Availto Com Stockholders": -130910000.0,
        "Net Income Common Stockholders": -130910000.0,
        "Net Income": -130910000.0,
        "Net Income Including Noncontrolling Interests": -130910000.0,
        "Net Income Continuous Operations": -130910000.0,
        "Tax Provision": 1948000.0,
        "Pretax Income": -128962000.0,
        "Other Income Expense": -1333000.0,
        "Other Non Operating Income Expenses": -1333000.0,
        "Net Non Operating Interest Income Expense": -2842000.0,
        "Interest Expense Non Operating": 10310000.0,
        "Interest Income Non Operating": 7468000.0,
        "Operating Income": -124787000.0,
        "Operating Expense": 304819000.0,
        "Research And Development": 80050000.0,
        "Selling General And Administration": 224769000.0,
        "Selling And Marketing Expense": 158907000.0,
        "General And Administrative Expense": 65862000.0,
        "Other Gand A": 65862000.0,
        "Gross Profit": 180032000.0,
        "Cost Of Revenue": 56146000.0,
        "Total Revenue": 236178000.0,
        "Operating Revenue": 225853000.0
    },
    "2024-01-31": {
        "Tax Effect Of Unusual Items": 0.0,
        "Tax Rate For Calcs": 0.21,
        "Normalized EBITDA": -73984000.0,
        "Net Income From Continuing Operation Net Minority Interest": -97497000.0,
        "Reconciled Depreciation": 6517000.0,
        "Reconciled Cost Of Revenue": 39973000.0,
        "EBITDA": -73984000.0,
        "EBIT": -80501000.0,
        "Net Interest Income": -6664000.0,
        "Interest Expense": 9584000.0,
        "Interest Income": 2920000.0,
        "Normalized Income": -97497000.0,
        "Net Income From Continuing And Discontinued Operation": -97497000.0,
        "Total Expenses": 258124000.0,
        "Total Operating Income As Reported": -83111000.0,
        "Diluted Average Shares": NaN,
        "Basic Average Shares": NaN,
        "Diluted EPS": NaN,
        "Basic EPS": NaN,
        "Diluted NI Availto Com Stockholders": -97497000.0,
        "Net Income Common Stockholders": -97497000.0,
        "Net Income": -97497000.0,
        "Net Income Including Noncontrolling Interests": -97497000.0,
        "Net Income Continuous Operations": -97497000.0,
        "Tax Provision": 7412000.0,
        "Pretax Income": -90085000.0,
        "Other Income Expense": -310000.0,
        "Other Non Operating Income Expenses": -310000.0,
        "Net Non Operating Interest Income Expense": -6664000.0,
        "Interest Expense Non Operating": 9584000.0,
        "Interest Income Non Operating": 2920000.0,
        "Operating Income": -83111000.0,
        "Operating Expense": 218151000.0,
        "Research And Development": 59127000.0,
        "Selling General And Administration": 159024000.0,
        "Selling And Marketing Expense": 128708000.0,
        "General And Administrative Expense": 30316000.0,
        "Other Gand A": 30316000.0,
        "Gross Profit": 135040000.0,
        "Cost Of Revenue": 39973000.0,
        "Total Revenue": 175013000.0,
        "Operating Revenue": 165536000.0
    },
    "2023-10-31": {
        "Tax Effect Of Unusual Items": 0.0,
        "Tax Rate For Calcs": 0.21,
        "Normalized EBITDA": -56015000.0,
        "Net Income From Continuing Operation Net Minority Interest": -86267000.0,
        "Reconciled Depreciation": 6226000.0,
        "Reconciled Cost Of Revenue": 33708000.0,
        "EBITDA": -56015000.0,
        "EBIT": -62241000.0,
        "Net Interest Income": -6072000.0,
        "Interest Expense": 9006000.0,
        "Interest Income": 2934000.0,
        "Normalized Income": -86267000.0,
        "Net Income From Continuing And Discontinued Operation": -86267000.0,
        "Total Expenses": 230883000.0,
        "Total Operating Income As Reported": -65279000.0,
        "Diluted Average Shares": 175932212.0,
        "Basic Average Shares": 175932212.0,
        "Diluted EPS": -0.490342,
        "Basic EPS": -0.490342,
        "Diluted NI Availto Com Stockholders": -86267000.0,
        "Net Income Common Stockholders": -86267000.0,
        "Net Income": -86267000.0,
        "Net Income Including Noncontrolling Interests": -86267000.0,
        "Net Income Continuous Operations": -86267000.0,
        "Tax Provision": 15020000.0,
        "Pretax Income": -71247000.0,
        "Other Income Expense": 104000.0,
        "Other Non Operating Income Expenses": 104000.0,
        "Net Non Operating Interest Income Expense": -6072000.0,
        "Interest Expense Non Operating": 9006000.0,
        "Interest Income Non Operating": 2934000.0,
        "Operating Income": -65279000.0,
        "Operating Expense": 197175000.0,
        "Research And Development": 51372000.0,
        "Selling General And Administration": 145803000.0,
        "Selling And Marketing Expense": 120847000.0,
        "General And Administrative Expense": 24956000.0,
        "Other Gand A": 24956000.0,
        "Gross Profit": 131896000.0,
        "Cost Of Revenue": 33708000.0,
        "Total Revenue": 165604000.0,
        "Operating Revenue": 152342000.0
    },
    "2025-01-31": {
        "Tax Effect Of Unusual Items": NaN,
        "Tax Rate For Calcs": NaN,
        "Normalized EBITDA": NaN,
        "Net Income From Continuing Operation Net Minority Interest": NaN,
        "Reconciled Depreciation": NaN,
        "Reconciled Cost Of Revenue": NaN,
        "EBITDA": NaN,
        "EBIT": NaN,
        "Net Interest Income": NaN,
        "Interest Expense": NaN,
        "Interest Income": NaN,
        "Normalized Income": NaN,
        "Net Income From Continuing And Discontinued Operation": NaN,
        "Total Expenses": NaN,
        "Total Operating Income As Reported": NaN,
        "Diluted Average Shares": 188048000.0,
        "Basic Average Shares": 188048000.0,
        "Diluted EPS": -0.61,
        "Basic EPS": -0.61,
        "Diluted NI Availto Com Stockholders": NaN,
        "Net Income Common Stockholders": NaN,
        "Net Income": NaN,
        "Net Income Including Noncontrolling Interests": NaN,
        "Net Income Continuous Operations": NaN,
        "Tax Provision": NaN,
        "Pretax Income": NaN,
        "Other Income Expense": NaN,
        "Other Non Operating Income Expenses": NaN,
        "Net Non Operating Interest Income Expense": NaN,
        "Interest Expense Non Operating": NaN,
        "Interest Income Non Operating": NaN,
        "Operating Income": NaN,
        "Operating Expense": NaN,
        "Research And Development": NaN,
        "Selling General And Administration": NaN,
        "Selling And Marketing Expense": NaN,
        "General And Administrative Expense": NaN,
        "Other Gand A": NaN,
        "Gross Profit": NaN,
        "Cost Of Revenue": NaN,
        "Total Revenue": NaN,
        "Operating Revenue": NaN
    }
}