{
    "2023-04-30": {
        "Tax Effect Of Unusual Items": NaN,
        "Tax Rate For Calcs": NaN,
        "Normalized EBITDA": NaN,
        "Total Unusual Items": NaN,
        "Total Unusual Items Excluding Goodwill": NaN,
        "Net Income From Continuing Operation Net Minority Interest": NaN,
        "Reconciled Depreciation": NaN,
        "Reconciled Cost Of Revenue": NaN,
        "EBITDA": NaN,
        "EBIT": NaN,
        "Net Interest Income": NaN,
        "Interest Expense": 25165.0,
        "Normalized Income": NaN,
        "Net Income From Continuing And Discontinued Operation": NaN,
        "Total Expenses": NaN,
        "Total Operating Income As Reported": NaN,
        "Diluted Average Shares": NaN,
        "Basic Average Shares": NaN,
        "Diluted EPS": NaN,
        "Basic EPS": NaN,
        "Diluted NI Availto Com Stockholders": NaN,
        "Net Income Common Stockholders": NaN,
        "Net Income": NaN,
        "Net Income Including Noncontrolling Interests": NaN,
        "Net Income Discontinuous Operations": NaN,
        "Net Income Continuous Operations": NaN,
        "Pretax Income": NaN,
        "Other Income Expense": NaN,
        "Other Non Operating Income Expenses": NaN,
        "Special Income Charges": NaN,
        "Gain On Sale Of Business": NaN,
        "Write Off": NaN,
        "Earnings From Equity Interest": NaN,
        "Gain On Sale Of Security": 148438.0,
        "Net Non Operating Interest Income Expense": NaN,
        "Total Other Finance Cost": NaN,
        "Interest Expense Non Operating": 25165.0,
        "Operating Income": NaN,
        "Operating Expense": NaN,
        "Other Operating Expenses": 795556.0,
        "Research And Development": NaN,
        "Selling General And Administration": NaN,
        "Selling And Marketing Expense": NaN,
        "General And Administrative Expense": NaN,
        "Other Gand A": NaN,
        "Salaries And Wages": 865766.0,
        "Gross Profit": NaN,
        "Cost Of Revenue": NaN,
        "Total Revenue": NaN,
        "Operating Revenue": NaN
    },
    "2023-01-31": {
        "Tax Effect Of Unusual Items": NaN,
        "Tax Rate For Calcs": NaN,
        "Normalized EBITDA": NaN,
        "Total Unusual Items": NaN,
        "Total Unusual Items Excluding Goodwill": NaN,
        "Net Income From Continuing Operation Net Minority Interest": NaN,
        "Reconciled Depreciation": NaN,
        "Reconciled Cost Of Revenue": NaN,
        "EBITDA": NaN,
        "EBIT": NaN,
        "Net Interest Income": NaN,
        "Interest Expense": NaN,
        "Normalized Income": NaN,
        "Net Income From Continuing And Discontinued Operation": NaN,
        "Total Expenses": NaN,
        "Total Operating Income As Reported": NaN,
        "Diluted Average Shares": 54294116.0,
        "Basic Average Shares": 54294116.0,
        "Diluted EPS": -0.1,
        "Basic EPS": -0.1,
        "Diluted NI Availto Com Stockholders": NaN,
        "Net Income Common Stockholders": NaN,
        "Net Income": NaN,
        "Net Income Including Noncontrolling Interests": NaN,
        "Net Income Discontinuous Operations": NaN,
        "Net Income Continuous Operations": NaN,
        "Pretax Income": NaN,
        "Other Income Expense": NaN,
        "Other Non Operating Income Expenses": NaN,
        "Special Income Charges": NaN,
        "Gain On Sale Of Business": NaN,
        "Write Off": NaN,
        "Earnings From Equity Interest": NaN,
        "Gain On Sale Of Security": NaN,
        "Net Non Operating Interest Income Expense": NaN,
        "Total Other Finance Cost": NaN,
        "Interest Expense Non Operating": NaN,
        "Operating Income": NaN,
        "Operating Expense": NaN,
        "Other Operating Expenses": 663668.0,
        "Research And Development": NaN,
        "Selling General And Administration": NaN,
        "Selling And Marketing Expense": NaN,
        "General And Administrative Expense": NaN,
        "Other Gand A": NaN,
        "Salaries And Wages": 788691.0,
        "Gross Profit": NaN,
        "Cost Of Revenue": NaN,
        "Total Revenue": NaN,
        "Operating Revenue": NaN
    },
    "2022-10-31": {
        "Tax Effect Of Unusual Items": NaN,
        "Tax Rate For Calcs": NaN,
        "Normalized EBITDA": NaN,
        "Total Unusual Items": NaN,
        "Total Unusual Items Excluding Goodwill": NaN,
        "Net Income From Continuing Operation Net Minority Interest": NaN,
        "Reconciled Depreciation": NaN,
        "Reconciled Cost Of Revenue": NaN,
        "EBITDA": NaN,
        "EBIT": NaN,
        "Net Interest Income": NaN,
        "Interest Expense": NaN,
        "Normalized Income": NaN,
        "Net Income From Continuing And Discontinued Operation": NaN,
        "Total Expenses": NaN,
        "Total Operating Income As Reported": NaN,
        "Diluted Average Shares": 54078111.0,
        "Basic Average Shares": 54078111.0,
        "Diluted EPS": -0.12,
        "Basic EPS": -0.12,
        "Diluted NI Availto Com Stockholders": NaN,
        "Net Income Common Stockholders": NaN,
        "Net Income": NaN,
        "Net Income Including Noncontrolling Interests": NaN,
        "Net Income Discontinuous Operations": -413495.0,
        "Net Income Continuous Operations": NaN,
        "Pretax Income": NaN,
        "Other Income Expense": NaN,
        "Other Non Operating Income Expenses": NaN,
        "Gain On Sale Of Security": NaN,
        "Net Non Operating Interest Income Expense": NaN,
        "Interest Expense Non Operating": NaN,
        "Operating Income": NaN,
        "Operating Expense": NaN,
        "Other Operating Expenses": NaN,
        "Research And Development": NaN,
        "Selling General And Administration": NaN,
        "Selling And Marketing Expense": NaN,
        "General And Administrative Expense": NaN,
        "Other Gand A": NaN,
        "Salaries And Wages": NaN,
        "Gross Profit": NaN,
        "Cost Of Revenue": NaN,
        "Total Revenue": NaN,
        "Operating Revenue": NaN
    },
    "2022-07-31": {
        "Tax Effect Of Unusual Items": 0.0,
        "Tax Rate For Calcs": 0.0,
        "Normalized EBITDA": -3728854.0,
        "Total Unusual Items": 37374.0,
        "Total Unusual Items Excluding Goodwill": 37374.0,
        "Net Income From Continuing Operation Net Minority Interest": -3811599.0,
        "Reconciled Depreciation": 84432.0,
        "Reconciled Cost Of Revenue": 2711644.0,
        "EBITDA": -3691480.0,
        "EBIT": -3775912.0,
        "Net Interest Income": -35687.0,
        "Interest Expense": 35687.0,
        "Normalized Income": -3848973.0,
        "Net Income From Continuing And Discontinued Operation": -3811599.0,
        "Total Expenses": 6767767.0,
        "Total Operating Income As Reported": -3698496.0,
        "Diluted Average Shares": 53778154.0,
        "Basic Average Shares": 53778154.0,
        "Diluted EPS": -0.07,
        "Basic EPS": -0.07,
        "Diluted NI Availto Com Stockholders": -3811599.0,
        "Net Income Common Stockholders": -3811599.0,
        "Net Income": -3811599.0,
        "Net Income Including Noncontrolling Interests": -3811599.0,
        "Net Income Discontinuous Operations": NaN,
        "Net Income Continuous Operations": -3811599.0,
        "Pretax Income": -3811599.0,
        "Other Income Expense": -77416.0,
        "Other Non Operating Income Expenses": -114790.0,
        "Gain On Sale Of Security": 37374.0,
        "Net Non Operating Interest Income Expense": -35687.0,
        "Interest Expense Non Operating": 35687.0,
        "Operating Income": -3698496.0,
        "Operating Expense": 4056123.0,
        "Other Operating Expenses": 1048086.0,
        "Research And Development": 532770.0,
        "Selling General And Administration": 2475267.0,
        "Selling And Marketing Expense": 602231.0,
        "General And Administrative Expense": 1873036.0,
        "Other Gand A": 1117565.0,
        "Salaries And Wages": 755471.0,
        "Gross Profit": 357627.0,
        "Cost Of Revenue": 2711644.0,
        "Total Revenue": 3069271.0,
        "Operating Revenue": 3069271.0
    },
    "2022-04-30": {
        "Diluted EPS": -0.09,
        "Total Revenue": 1,
        "Gross Profit": 0,
        "Operating Income": -5,
        "EBIT": -5,
        "Net Income": -5
    },
    "2022-01-31": {
        "Diluted EPS": -0.05,
        "Total Revenue": 2,
        "Gross Profit": 0,
        "Operating Income": -3,
        "EBIT": -3,
        "Net Income": -3
    },
    "2021-10-31": {
        "Diluted EPS": -0.05,
        "Total Revenue": 2,
        "Gross Profit": 0,
        "Operating Income": -3,
        "EBIT": -3,
        "Net Income": -3
    },
    "2021-07-31": {
        "Diluted EPS": -0.05,
        "Total Revenue": 1,
        "Gross Profit": 0,
        "Operating Income": -2,
        "EBIT": -2,
        "Net Income": -2
    },
    "2021-04-30": {
        "Diluted EPS": -0.16,
        "Total Revenue": 2,
        "Gross Profit": 0,
        "Operating Income": -3,
        "EBIT": -2,
        "Net Income": -3
    },
    "2021-01-31": {
        "Diluted EPS": -0.34,
        "Total Revenue": 2,
        "Gross Profit": 1,
        "Operating Income": -1,
        "EBIT": -1,
        "Net Income": -9
    },
    "2020-10-31": {
        "Diluted EPS": -0.04,
        "Total Revenue": 0,
        "Gross Profit": 0,
        "Operating Income": 0,
        "EBIT": 0,
        "Net Income": -1
    },
    "2020-07-31": {
        "Diluted EPS": -0.02,
        "Total Revenue": 1,
        "Gross Profit": 0,
        "Operating Income": 0,
        "EBIT": 0,
        "Net Income": 0
    },
    "2020-04-30": {
        "Diluted EPS": 0.0,
        "Total Revenue": NaN,
        "Gross Profit": NaN,
        "Operating Income": NaN,
        "EBIT": NaN,
        "Net Income": NaN
    },
    "2020-01-31": {
        "Diluted EPS": -0.02,
        "Total Revenue": 0,
        "Gross Profit": 0,
        "Operating Income": 0,
        "EBIT": 0,
        "Net Income": 0
    },
    "2019-04-30": {
        "Diluted EPS": 0.0,
        "Total Revenue": NaN,
        "Gross Profit": NaN,
        "Operating Income": NaN,
        "EBIT": NaN,
        "Net Income": NaN
    },
    "2023-07-31": {
        "Tax Effect Of Unusual Items": NaN,
        "Tax Rate For Calcs": NaN,
        "Normalized EBITDA": NaN,
        "Total Unusual Items": NaN,
        "Total Unusual Items Excluding Goodwill": NaN,
        "Net Income From Continuing Operation Net Minority Interest": NaN,
        "Reconciled Depreciation": NaN,
        "Reconciled Cost Of Revenue": NaN,
        "EBITDA": NaN,
        "EBIT": NaN,
        "Net Interest Income": NaN,
        "Interest Expense": 21857.0,
        "Normalized Income": NaN,
        "Net Income From Continuing And Discontinued Operation": NaN,
        "Total Expenses": NaN,
        "Total Operating Income As Reported": NaN,
        "Diluted Average Shares": 54935339.0,
        "Basic Average Shares": 54935339.0,
        "Diluted EPS": -0.11,
        "Basic EPS": -0.11,
        "Diluted NI Availto Com Stockholders": NaN,
        "Net Income Common Stockholders": NaN,
        "Net Income": NaN,
        "Net Income Including Noncontrolling Interests": NaN,
        "Net Income Discontinuous Operations": NaN,
        "Net Income Continuous Operations": NaN,
        "Pretax Income": NaN,
        "Other Income Expense": NaN,
        "Other Non Operating Income Expenses": NaN,
        "Special Income Charges": 0.0,
        "Gain On Sale Of Business": 0.0,
        "Write Off": 0.0,
        "Earnings From Equity Interest": 0.0,
        "Gain On Sale Of Security": -239490.0,
        "Net Non Operating Interest Income Expense": NaN,
        "Total Other Finance Cost": 21857.0,
        "Interest Expense Non Operating": 21857.0,
        "Operating Income": NaN,
        "Operating Expense": NaN,
        "Other Operating Expenses": 707903.0,
        "Research And Development": NaN,
        "Selling General And Administration": NaN,
        "Selling And Marketing Expense": NaN,
        "General And Administrative Expense": NaN,
        "Other Gand A": NaN,
        "Salaries And Wages": 911606.0,
        "Gross Profit": NaN,
        "Cost Of Revenue": NaN,
        "Total Revenue": NaN,
        "Operating Revenue": NaN
    },
    "2023-10-31": {
        "Tax Effect Of Unusual Items": NaN,
        "Tax Rate For Calcs": NaN,
        "Normalized EBITDA": NaN,
        "Total Unusual Items": NaN,
        "Total Unusual Items Excluding Goodwill": NaN,
        "Net Income From Continuing Operation Net Minority Interest": NaN,
        "Reconciled Depreciation": NaN,
        "Reconciled Cost Of Revenue": NaN,
        "EBITDA": NaN,
        "EBIT": NaN,
        "Net Interest Income": NaN,
        "Interest Expense": 19696.0,
        "Normalized Income": NaN,
        "Net Income From Continuing And Discontinued Operation": NaN,
        "Total Expenses": NaN,
        "Total Operating Income As Reported": NaN,
        "Diluted Average Shares": 55606336.0,
        "Basic Average Shares": 55606336.0,
        "Diluted EPS": -0.11,
        "Basic EPS": -0.11,
        "Diluted NI Availto Com Stockholders": NaN,
        "Net Income Common Stockholders": NaN,
        "Net Income": NaN,
        "Net Income Including Noncontrolling Interests": NaN,
        "Net Income Discontinuous Operations": NaN,
        "Net Income Continuous Operations": NaN,
        "Pretax Income": NaN,
        "Other Income Expense": NaN,
        "Other Non Operating Income Expenses": NaN,
        "Special Income Charges": 0.0,
        "Gain On Sale Of Business": 0.0,
        "Write Off": 0.0,
        "Earnings From Equity Interest": 0.0,
        "Gain On Sale Of Security": -333867.0,
        "Net Non Operating Interest Income Expense": NaN,
        "Total Other Finance Cost": 19696.0,
        "Interest Expense Non Operating": 19696.0,
        "Operating Income": NaN,
        "Operating Expense": NaN,
        "Other Operating Expenses": 440445.0,
        "Research And Development": NaN,
        "Selling General And Administration": NaN,
        "Selling And Marketing Expense": NaN,
        "General And Administrative Expense": NaN,
        "Other Gand A": NaN,
        "Salaries And Wages": 1196325.0,
        "Gross Profit": NaN,
        "Cost Of Revenue": NaN,
        "Total Revenue": NaN,
        "Operating Revenue": NaN
    },
    "2024-01-31": {
        "Tax Effect Of Unusual Items": NaN,
        "Tax Rate For Calcs": NaN,
        "Normalized EBITDA": NaN,
        "Total Unusual Items": NaN,
        "Total Unusual Items Excluding Goodwill": NaN,
        "Net Income From Continuing Operation Net Minority Interest": NaN,
        "Reconciled Depreciation": NaN,
        "Reconciled Cost Of Revenue": NaN,
        "EBITDA": NaN,
        "EBIT": NaN,
        "Net Interest Income": NaN,
        "Interest Expense": 15507.0,
        "Normalized Income": NaN,
        "Net Income From Continuing And Discontinued Operation": NaN,
        "Total Expenses": NaN,
        "Total Operating Income As Reported": NaN,
        "Diluted Average Shares": 55688114.0,
        "Basic Average Shares": 55688114.0,
        "Diluted EPS": -0.1,
        "Basic EPS": -0.1,
        "Diluted NI Availto Com Stockholders": NaN,
        "Net Income Common Stockholders": NaN,
        "Net Income": NaN,
        "Net Income Including Noncontrolling Interests": NaN,
        "Net Income Discontinuous Operations": NaN,
        "Net Income Continuous Operations": NaN,
        "Pretax Income": NaN,
        "Other Income Expense": NaN,
        "Other Non Operating Income Expenses": NaN,
        "Special Income Charges": NaN,
        "Gain On Sale Of Business": NaN,
        "Other Special Charges": NaN,
        "Write Off": NaN,
        "Earnings From Equity Interest": NaN,
        "Gain On Sale Of Security": -46521.0,
        "Net Non Operating Interest Income Expense": NaN,
        "Total Other Finance Cost": NaN,
        "Interest Expense Non Operating": 15507.0,
        "Operating Income": NaN,
        "Operating Expense": NaN,
        "Other Operating Expenses": 527447.0,
        "Research And Development": NaN,
        "Selling General And Administration": NaN,
        "Selling And Marketing Expense": NaN,
        "General And Administrative Expense": NaN,
        "Other Gand A": NaN,
        "Salaries And Wages": 585771.0,
        "Gross Profit": NaN,
        "Cost Of Revenue": NaN,
        "Total Revenue": NaN,
        "Operating Revenue": NaN
    },
    "2024-04-30": {
        "Tax Effect Of Unusual Items": 0.0,
        "Tax Rate For Calcs": 0.0,
        "Normalized EBITDA": -3915642.0,
        "Total Unusual Items": -2345514.0,
        "Total Unusual Items Excluding Goodwill": -2345514.0,
        "Net Income From Continuing Operation Net Minority Interest": -6687771.0,
        "Reconciled Depreciation": 415066.0,
        "Reconciled Cost Of Revenue": 5105804.0,
        "EBITDA": -6261156.0,
        "EBIT": -6676222.0,
        "Net Interest Income": -11549.0,
        "Interest Expense": 11549.0,
        "Normalized Income": -4342257.0,
        "Net Income From Continuing And Discontinued Operation": -7072415.0,
        "Total Expenses": 9752641.0,
        "Total Operating Income As Reported": -3856188.0,
        "Diluted Average Shares": NaN,
        "Basic Average Shares": NaN,
        "Diluted EPS": NaN,
        "Basic EPS": NaN,
        "Diluted NI Availto Com Stockholders": -7072415.0,
        "Net Income Common Stockholders": -7072415.0,
        "Net Income": -7072415.0,
        "Net Income Including Noncontrolling Interests": -7072415.0,
        "Net Income Discontinuous Operations": -384644.0,
        "Net Income Continuous Operations": -6687771.0,
        "Pretax Income": -6687771.0,
        "Other Income Expense": -3233033.0,
        "Other Non Operating Income Expenses": -383894.0,
        "Special Income Charges": NaN,
        "Gain On Sale Of Business": NaN,
        "Other Special Charges": NaN,
        "Write Off": NaN,
        "Earnings From Equity Interest": NaN,
        "Gain On Sale Of Security": -221067.0,
        "Net Non Operating Interest Income Expense": -11549.0,
        "Total Other Finance Cost": NaN,
        "Interest Expense Non Operating": 11549.0,
        "Operating Income": -3443189.0,
        "Operating Expense": 4646837.0,
        "Other Operating Expenses": NaN,
        "Research And Development": 644752.0,
        "Selling General And Administration": 5677880.0,
        "Selling And Marketing Expense": 2022237.0,
        "General And Administrative Expense": 3655643.0,
        "Other Gand A": 6349345.0,
        "Salaries And Wages": NaN,
        "Gross Profit": 1203648.0,
        "Cost Of Revenue": 5105804.0,
        "Total Revenue": 6309452.0,
        "Operating Revenue": 6309452.0
    },
    "2024-07-31": {
        "Tax Effect Of Unusual Items": 0.0,
        "Tax Rate For Calcs": 0.0,
        "Normalized EBITDA": -3058979.0,
        "Total Unusual Items": -4101407.0,
        "Total Unusual Items Excluding Goodwill": -4101407.0,
        "Net Income From Continuing Operation Net Minority Interest": -12416376.0,
        "Reconciled Depreciation": 474051.0,
        "Reconciled Cost Of Revenue": 3259926.0,
        "EBITDA": -7160386.0,
        "EBIT": -7634437.0,
        "Net Interest Income": 24554.0,
        "Interest Expense": NaN,
        "Normalized Income": -8314969.0,
        "Net Income From Continuing And Discontinued Operation": -12416376.0,
        "Total Expenses": 10410972.0,
        "Total Operating Income As Reported": -7727487.0,
        "Diluted Average Shares": 74500480.0,
        "Basic Average Shares": 74500480.0,
        "Diluted EPS": -0.17,
        "Basic EPS": -0.17,
        "Diluted NI Availto Com Stockholders": -12416376.0,
        "Net Income Common Stockholders": -12416376.0,
        "Net Income": -12416376.0,
        "Net Income Including Noncontrolling Interests": -12416376.0,
        "Net Income Discontinuous Operations": 0.0,
        "Net Income Continuous Operations": -12416376.0,
        "Pretax Income": -12416376.0,
        "Other Income Expense": -4806493.0,
        "Other Non Operating Income Expenses": 29057.0,
        "Special Income Charges": -4101407.0,
        "Gain On Sale Of Business": -4008357.0,
        "Other Special Charges": NaN,
        "Write Off": 93050.0,
        "Earnings From Equity Interest": -734143.0,
        "Gain On Sale Of Security": NaN,
        "Net Non Operating Interest Income Expense": 24554.0,
        "Total Other Finance Cost": -24554.0,
        "Interest Expense Non Operating": NaN,
        "Operating Income": -7634437.0,
        "Operating Expense": 7151046.0,
        "Other Operating Expenses": NaN,
        "Research And Development": 1626440.0,
        "Selling General And Administration": 5524606.0,
        "Selling And Marketing Expense": 2041511.0,
        "General And Administrative Expense": 3483095.0,
        "Other Gand A": 3483095.0,
        "Salaries And Wages": NaN,
        "Gross Profit": -483391.0,
        "Cost Of Revenue": 3259926.0,
        "Total Revenue": 2776535.0,
        "Operating Revenue": 2776535.0
    },
    "2024-10-31": {
        "Tax Effect Of Unusual Items": 0.0,
        "Tax Rate For Calcs": 0.0,
        "Normalized EBITDA": -8744194.0,
        "Total Unusual Items": 0.0,
        "Total Unusual Items Excluding Goodwill": 0.0,
        "Net Income From Continuing Operation Net Minority Interest": -13334618.0,
        "Reconciled Depreciation": 372225.0,
        "Reconciled Cost Of Revenue": 1558202.0,
        "EBITDA": -8744194.0,
        "EBIT": -9116419.0,
        "Net Interest Income": 14634.0,
        "Interest Expense": NaN,
        "Normalized Income": -13334618.0,
        "Net Income From Continuing And Discontinued Operation": -13334618.0,
        "Total Expenses": 10651146.0,
        "Total Operating Income As Reported": -9116419.0,
        "Diluted Average Shares": 76184777.0,
        "Basic Average Shares": 76184777.0,
        "Diluted EPS": -0.18,
        "Basic EPS": -0.18,
        "Diluted NI Availto Com Stockholders": -13334618.0,
        "Net Income Common Stockholders": -13334618.0,
        "Net Income": -13334618.0,
        "Net Income Including Noncontrolling Interests": -13334618.0,
        "Net Income Discontinuous Operations": 0.0,
        "Net Income Continuous Operations": -13334618.0,
        "Pretax Income": -13334618.0,
        "Other Income Expense": -4232833.0,
        "Other Non Operating Income Expenses": -4232833.0,
        "Special Income Charges": 0.0,
        "Gain On Sale Of Business": 0.0,
        "Other Special Charges": NaN,
        "Write Off": 0.0,
        "Earnings From Equity Interest": 0.0,
        "Gain On Sale Of Security": NaN,
        "Net Non Operating Interest Income Expense": 14634.0,
        "Total Other Finance Cost": -14634.0,
        "Interest Expense Non Operating": NaN,
        "Operating Income": -9116419.0,
        "Operating Expense": 9092944.0,
        "Other Operating Expenses": NaN,
        "Research And Development": 2231470.0,
        "Selling General And Administration": 6861474.0,
        "Selling And Marketing Expense": 2343779.0,
        "General And Administrative Expense": 4517695.0,
        "Other Gand A": 4517695.0,
        "Salaries And Wages": NaN,
        "Gross Profit": -23475.0,
        "Cost Of Revenue": 1558202.0,
        "Total Revenue": 1534727.0,
        "Operating Revenue": 1534727.0
    },
    "2025-03-31": {
        "Tax Effect Of Unusual Items": 0.0,
        "Tax Rate For Calcs": 0.0,
        "Normalized EBITDA": -11890644.0,
        "Total Unusual Items": 0.0,
        "Total Unusual Items Excluding Goodwill": 0.0,
        "Net Income From Continuing Operation Net Minority Interest": -23123351.0,
        "Reconciled Depreciation": 587555.0,
        "Reconciled Cost Of Revenue": 2480072.0,
        "EBITDA": -11890644.0,
        "EBIT": -12478199.0,
        "Net Interest Income": 54525.0,
        "Interest Expense": NaN,
        "Normalized Income": -23123351.0,
        "Net Income From Continuing And Discontinued Operation": -23123351.0,
        "Total Expenses": 14107861.0,
        "Total Operating Income As Reported": -12478199.0,
        "Diluted Average Shares": 85505520.0,
        "Basic Average Shares": 85505520.0,
        "Diluted EPS": -0.27,
        "Basic EPS": -0.27,
        "Diluted NI Availto Com Stockholders": -23123351.0,
        "Net Income Common Stockholders": -23123351.0,
        "Net Income": -23123351.0,
        "Net Income Including Noncontrolling Interests": -23123351.0,
        "Net Income Discontinuous Operations": 0.0,
        "Net Income Continuous Operations": -23123351.0,
        "Pretax Income": -23123351.0,
        "Other Income Expense": -10699677.0,
        "Other Non Operating Income Expenses": -10699677.0,
        "Special Income Charges": 0.0,
        "Gain On Sale Of Business": 0.0,
        "Other Special Charges": NaN,
        "Write Off": 0.0,
        "Earnings From Equity Interest": 0.0,
        "Gain On Sale Of Security": NaN,
        "Net Non Operating Interest Income Expense": 54525.0,
        "Total Other Finance Cost": -54525.0,
        "Interest Expense Non Operating": NaN,
        "Operating Income": -12478199.0,
        "Operating Expense": 11627789.0,
        "Other Operating Expenses": NaN,
        "Research And Development": 3432593.0,
        "Selling General And Administration": 8195196.0,
        "Selling And Marketing Expense": 3314748.0,
        "General And Administrative Expense": 4880448.0,
        "Other Gand A": 4880448.0,
        "Salaries And Wages": NaN,
        "Gross Profit": -850410.0,
        "Cost Of Revenue": 2480072.0,
        "Total Revenue": 1629662.0,
        "Operating Revenue": 1629662.0
    },
    "2025-06-30": {
        "Tax Effect Of Unusual Items": 0.0,
        "Tax Rate For Calcs": 0.0,
        "Normalized EBITDA": -7499376.0,
        "Total Unusual Items": -4623335.0,
        "Total Unusual Items Excluding Goodwill": -4623335.0,
        "Net Income From Continuing Operation Net Minority Interest": -13278960.0,
        "Reconciled Depreciation": 523836.0,
        "Reconciled Cost Of Revenue": 2843523.0,
        "EBITDA": -12122711.0,
        "EBIT": -12646547.0,
        "Net Interest Income": 155301.0,
        "Interest Expense": NaN,
        "Normalized Income": -8655625.0,
        "Net Income From Continuing And Discontinued Operation": -13278960.0,
        "Total Expenses": 15865124.0,
        "Total Operating Income As Reported": -12646547.0,
        "Diluted Average Shares": 91295342.0,
        "Basic Average Shares": 91295342.0,
        "Diluted EPS": -0.15,
        "Basic EPS": -0.15,
        "Diluted NI Availto Com Stockholders": -13278960.0,
        "Net Income Common Stockholders": -13278960.0,
        "Net Income": -13278960.0,
        "Net Income Including Noncontrolling Interests": -13278960.0,
        "Net Income Discontinuous Operations": 0.0,
        "Net Income Continuous Operations": -13278960.0,
        "Pretax Income": -13278960.0,
        "Other Income Expense": -787714.0,
        "Other Non Operating Income Expenses": 3835621.0,
        "Special Income Charges": -4623335.0,
        "Gain On Sale Of Business": 0.0,
        "Other Special Charges": 4623335.0,
        "Write Off": 0.0,
        "Earnings From Equity Interest": 0.0,
        "Gain On Sale Of Security": NaN,
        "Net Non Operating Interest Income Expense": 155301.0,
        "Total Other Finance Cost": -155301.0,
        "Interest Expense Non Operating": NaN,
        "Operating Income": -12646547.0,
        "Operating Expense": 13021601.0,
        "Other Operating Expenses": NaN,
        "Research And Development": 3598267.0,
        "Selling General And Administration": 9423334.0,
        "Selling And Marketing Expense": 3187585.0,
        "General And Administrative Expense": 6235749.0,
        "Other Gand A": 6235749.0,
        "Salaries And Wages": NaN,
        "Gross Profit": 375054.0,
        "Cost Of Revenue": 2843523.0,
        "Total Revenue": 3218577.0,
        "Operating Revenue": 3218577.0
    }
}