{
    "2023-03-31": {
        "Tax Effect Of Unusual Items": NaN,
        "Tax Rate For Calcs": NaN,
        "Normalized EBITDA": NaN,
        "Net Income From Continuing Operation Net Minority Interest": NaN,
        "Reconciled Depreciation": NaN,
        "Reconciled Cost Of Revenue": NaN,
        "EBITDA": NaN,
        "EBIT": NaN,
        "Net Interest Income": NaN,
        "Interest Expense": NaN,
        "Normalized Income": NaN,
        "Net Income From Continuing And Discontinued Operation": NaN,
        "Total Expenses": NaN,
        "Total Operating Income As Reported": NaN,
        "Diluted Average Shares": NaN,
        "Basic Average Shares": NaN,
        "Diluted EPS": NaN,
        "Basic EPS": NaN,
        "Diluted NI Availto Com Stockholders": NaN,
        "Net Income Common Stockholders": NaN,
        "Net Income": NaN,
        "Net Income Including Noncontrolling Interests": NaN,
        "Net Income Continuous Operations": NaN,
        "Tax Provision": NaN,
        "Pretax Income": NaN,
        "Other Income Expense": NaN,
        "Other Non Operating Income Expenses": NaN,
        "Net Non Operating Interest Income Expense": NaN,
        "Interest Expense Non Operating": NaN,
        "Operating Income": NaN,
        "Operating Expense": NaN,
        "Other Operating Expenses": -627000.0,
        "Research And Development": NaN,
        "Selling General And Administration": NaN,
        "Selling And Marketing Expense": NaN,
        "General And Administrative Expense": NaN,
        "Other Gand A": NaN,
        "Gross Profit": NaN,
        "Cost Of Revenue": NaN,
        "Total Revenue": NaN,
        "Operating Revenue": NaN
    },
    "2022-12-31": {
        "Tax Effect Of Unusual Items": NaN,
        "Tax Rate For Calcs": NaN,
        "Normalized EBITDA": NaN,
        "Net Income From Continuing Operation Net Minority Interest": NaN,
        "Reconciled Depreciation": NaN,
        "Reconciled Cost Of Revenue": NaN,
        "EBITDA": NaN,
        "EBIT": NaN,
        "Net Interest Income": NaN,
        "Interest Expense": NaN,
        "Normalized Income": NaN,
        "Net Income From Continuing And Discontinued Operation": NaN,
        "Total Expenses": NaN,
        "Total Operating Income As Reported": NaN,
        "Diluted Average Shares": NaN,
        "Basic Average Shares": NaN,
        "Diluted EPS": NaN,
        "Basic EPS": NaN,
        "Diluted NI Availto Com Stockholders": NaN,
        "Net Income Common Stockholders": NaN,
        "Net Income": NaN,
        "Net Income Including Noncontrolling Interests": NaN,
        "Net Income Continuous Operations": NaN,
        "Tax Provision": NaN,
        "Pretax Income": NaN,
        "Other Income Expense": NaN,
        "Other Non Operating Income Expenses": NaN,
        "Net Non Operating Interest Income Expense": NaN,
        "Interest Expense Non Operating": NaN,
        "Operating Income": NaN,
        "Operating Expense": NaN,
        "Other Operating Expenses": -1026000.0,
        "Research And Development": NaN,
        "Selling General And Administration": NaN,
        "Selling And Marketing Expense": NaN,
        "General And Administrative Expense": NaN,
        "Other Gand A": NaN,
        "Gross Profit": NaN,
        "Cost Of Revenue": NaN,
        "Total Revenue": NaN,
        "Operating Revenue": NaN
    },
    "2022-09-30": {
        "Tax Effect Of Unusual Items": NaN,
        "Tax Rate For Calcs": NaN,
        "Normalized EBITDA": NaN,
        "Net Income From Continuing Operation Net Minority Interest": NaN,
        "Reconciled Depreciation": NaN,
        "Reconciled Cost Of Revenue": NaN,
        "EBITDA": NaN,
        "EBIT": NaN,
        "Net Interest Income": NaN,
        "Interest Expense": NaN,
        "Normalized Income": NaN,
        "Net Income From Continuing And Discontinued Operation": NaN,
        "Total Expenses": NaN,
        "Total Operating Income As Reported": NaN,
        "Diluted Average Shares": 25006995.0,
        "Basic Average Shares": 25006995.0,
        "Diluted EPS": -0.22,
        "Basic EPS": -0.22,
        "Diluted NI Availto Com Stockholders": NaN,
        "Net Income Common Stockholders": NaN,
        "Net Income": NaN,
        "Net Income Including Noncontrolling Interests": NaN,
        "Net Income Continuous Operations": NaN,
        "Tax Provision": NaN,
        "Pretax Income": NaN,
        "Other Income Expense": NaN,
        "Other Non Operating Income Expenses": NaN,
        "Net Non Operating Interest Income Expense": NaN,
        "Interest Expense Non Operating": NaN,
        "Operating Income": NaN,
        "Operating Expense": NaN,
        "Other Operating Expenses": NaN,
        "Research And Development": NaN,
        "Selling General And Administration": NaN,
        "Selling And Marketing Expense": NaN,
        "General And Administrative Expense": NaN,
        "Other Gand A": NaN,
        "Gross Profit": NaN,
        "Cost Of Revenue": NaN,
        "Total Revenue": NaN,
        "Operating Revenue": NaN
    },
    "2022-06-30": {
        "Tax Effect Of Unusual Items": 0.0,
        "Tax Rate For Calcs": 0.4,
        "Normalized EBITDA": -6116000.0,
        "Net Income From Continuing Operation Net Minority Interest": -6261000.0,
        "Reconciled Depreciation": 137000.0,
        "Reconciled Cost Of Revenue": 1386000.0,
        "EBITDA": -6116000.0,
        "EBIT": -6253000.0,
        "Net Interest Income": -4000.0,
        "Interest Expense": 4000.0,
        "Normalized Income": -6261000.0,
        "Net Income From Continuing And Discontinued Operation": -6261000.0,
        "Total Expenses": 14697000.0,
        "Total Operating Income As Reported": -6362000.0,
        "Diluted Average Shares": 24971243.0,
        "Basic Average Shares": 24971243.0,
        "Diluted EPS": -0.25,
        "Basic EPS": -0.25,
        "Diluted NI Availto Com Stockholders": -6261000.0,
        "Net Income Common Stockholders": -6261000.0,
        "Net Income": -6261000.0,
        "Net Income Including Noncontrolling Interests": -6261000.0,
        "Net Income Continuous Operations": -6261000.0,
        "Tax Provision": 4000.0,
        "Pretax Income": -6257000.0,
        "Other Income Expense": 109000.0,
        "Other Non Operating Income Expenses": 109000.0,
        "Net Non Operating Interest Income Expense": -4000.0,
        "Interest Expense Non Operating": 4000.0,
        "Operating Income": -6362000.0,
        "Operating Expense": 13311000.0,
        "Other Operating Expenses": -551000.0,
        "Research And Development": 3059000.0,
        "Selling General And Administration": 10803000.0,
        "Selling And Marketing Expense": 5332000.0,
        "General And Administrative Expense": 5471000.0,
        "Other Gand A": 5471000.0,
        "Gross Profit": 6949000.0,
        "Cost Of Revenue": 1386000.0,
        "Total Revenue": 8335000.0,
        "Operating Revenue": 8335000.0
    },
    "2022-03-31": {
        "Diluted EPS": -7.6,
        "Total Revenue": 8,
        "Gross Profit": 6,
        "Operating Income": -9,
        "EBIT": -9,
        "Net Income": -9
    },
    "2021-12-31": {
        "Diluted EPS": 0.0,
        "Total Revenue": NaN,
        "Gross Profit": NaN,
        "Operating Income": NaN,
        "EBIT": NaN,
        "Net Income": NaN
    },
    "2021-09-30": {
        "Diluted EPS": -4.78,
        "Total Revenue": 7,
        "Gross Profit": 6,
        "Operating Income": -6,
        "EBIT": -6,
        "Net Income": -6
    },
    "2021-06-30": {
        "Diluted EPS": -3.8,
        "Total Revenue": 10,
        "Gross Profit": 8,
        "Operating Income": -5,
        "EBIT": -5,
        "Net Income": -5
    },
    "2021-03-31": {
        "Diluted EPS": -5.2,
        "Total Revenue": 9,
        "Gross Profit": 7,
        "Operating Income": -6,
        "EBIT": -6,
        "Net Income": -6
    },
    "2020-12-31": {
        "Diluted EPS": -5.22,
        "Total Revenue": 5,
        "Gross Profit": 4,
        "Operating Income": 5,
        "EBIT": 5,
        "Net Income": -6
    },
    "2020-09-30": {
        "Diluted EPS": -9.6,
        "Total Revenue": 5,
        "Gross Profit": 4,
        "Operating Income": -10,
        "EBIT": -10,
        "Net Income": -10
    },
    "2020-06-30": {
        "Diluted EPS": 0.0,
        "Total Revenue": NaN,
        "Gross Profit": NaN,
        "Operating Income": NaN,
        "EBIT": NaN,
        "Net Income": NaN
    },
    "2020-03-31": {
        "Diluted EPS": -14.19,
        "Total Revenue": 4,
        "Gross Profit": 3,
        "Operating Income": -15,
        "EBIT": -15,
        "Net Income": -15
    },
    "2019-12-31": {
        "Diluted EPS": 0.0,
        "Total Revenue": NaN,
        "Gross Profit": NaN,
        "Operating Income": NaN,
        "Net Income": NaN
    },
    "2019-09-30": {
        "Diluted EPS": -3.8,
        "Total Revenue": 3,
        "Gross Profit": 3,
        "Operating Income": -4,
        "EBIT": -4,
        "Net Income": -4
    },
    "2019-06-30": {
        "Diluted EPS": 0.0,
        "Total Revenue": NaN,
        "Gross Profit": NaN,
        "Operating Income": NaN,
        "EBIT": NaN,
        "Net Income": NaN
    },
    "2018-12-31": {
        "Diluted EPS": 0.0,
        "Total Revenue": NaN,
        "Gross Profit": NaN,
        "Operating Income": NaN,
        "EBIT": NaN,
        "Net Income": NaN
    },
    "2018-06-30": {
        "Diluted EPS": 0.0,
        "Total Revenue": NaN,
        "Gross Profit": NaN,
        "Operating Income": NaN,
        "EBIT": NaN,
        "Net Income": NaN
    },
    "2017-12-31": {
        "Diluted EPS": 0.0,
        "Total Revenue": NaN,
        "Gross Profit": NaN,
        "Operating Income": NaN,
        "EBIT": NaN,
        "Net Income": NaN
    },
    "2017-06-30": {
        "Diluted EPS": 0.0,
        "Total Revenue": NaN,
        "Gross Profit": NaN,
        "Operating Income": NaN,
        "EBIT": NaN,
        "Net Income": NaN
    },
    "2016-06-30": {
        "Diluted EPS": 0.0,
        "Total Revenue": NaN,
        "Gross Profit": NaN,
        "Operating Income": NaN,
        "EBIT": NaN,
        "Net Income": NaN
    },
    "2015-12-31": {
        "Diluted EPS": 0.0,
        "Total Revenue": NaN,
        "Gross Profit": NaN,
        "Operating Income": NaN,
        "EBIT": NaN,
        "Net Income": NaN
    },
    "2015-06-30": {
        "Diluted EPS": 0.0,
        "Total Revenue": NaN,
        "Gross Profit": NaN,
        "Operating Income": NaN,
        "EBIT": NaN,
        "Net Income": NaN
    },
    "2014-12-31": {
        "Diluted EPS": 0.0,
        "Total Revenue": NaN,
        "Gross Profit": NaN,
        "Operating Income": NaN,
        "EBIT": NaN,
        "Net Income": NaN
    },
    "2014-06-30": {
        "Diluted EPS": 0.0,
        "Total Revenue": NaN,
        "Gross Profit": NaN,
        "Operating Income": NaN,
        "EBIT": NaN,
        "Net Income": NaN
    },
    "2013-12-31": {
        "Diluted EPS": 0.0,
        "Total Revenue": NaN,
        "Gross Profit": NaN,
        "Operating Income": NaN,
        "EBIT": NaN,
        "Net Income": NaN
    },
    "2013-06-30": {
        "Diluted EPS": 0.0,
        "Total Revenue": NaN,
        "Gross Profit": NaN,
        "Operating Income": NaN,
        "EBIT": NaN,
        "Net Income": NaN
    },
    "2012-12-31": {
        "Diluted EPS": 0.0,
        "Total Revenue": NaN,
        "Gross Profit": NaN,
        "Operating Income": NaN,
        "EBIT": NaN,
        "Net Income": NaN
    },
    "2012-06-30": {
        "Diluted EPS": 0.0,
        "Total Revenue": NaN,
        "Gross Profit": NaN,
        "Operating Income": NaN,
        "EBIT": NaN,
        "Net Income": NaN
    },
    "2011-12-31": {
        "Diluted EPS": 0.0,
        "Total Revenue": NaN,
        "Gross Profit": NaN,
        "Operating Income": NaN,
        "EBIT": NaN,
        "Net Income": NaN
    },
    "2011-06-30": {
        "Diluted EPS": 0.0,
        "Total Revenue": NaN,
        "Gross Profit": NaN,
        "Operating Income": NaN,
        "EBIT": NaN,
        "Net Income": NaN
    },
    "2010-12-31": {
        "Diluted EPS": 0.0,
        "Total Revenue": NaN,
        "Gross Profit": NaN,
        "Operating Income": NaN,
        "EBIT": NaN,
        "Net Income": NaN
    },
    "2023-06-30": {
        "Tax Effect Of Unusual Items": NaN,
        "Tax Rate For Calcs": NaN,
        "Normalized EBITDA": NaN,
        "Net Income From Continuing Operation Net Minority Interest": NaN,
        "Reconciled Depreciation": NaN,
        "Reconciled Cost Of Revenue": NaN,
        "EBITDA": NaN,
        "EBIT": NaN,
        "Net Interest Income": NaN,
        "Interest Expense": NaN,
        "Normalized Income": NaN,
        "Net Income From Continuing And Discontinued Operation": NaN,
        "Total Expenses": NaN,
        "Total Operating Income As Reported": NaN,
        "Diluted Average Shares": NaN,
        "Basic Average Shares": NaN,
        "Diluted EPS": NaN,
        "Basic EPS": NaN,
        "Diluted NI Availto Com Stockholders": NaN,
        "Net Income Common Stockholders": NaN,
        "Net Income": NaN,
        "Net Income Including Noncontrolling Interests": NaN,
        "Net Income Continuous Operations": NaN,
        "Tax Provision": NaN,
        "Pretax Income": NaN,
        "Other Income Expense": NaN,
        "Other Non Operating Income Expenses": NaN,
        "Net Non Operating Interest Income Expense": NaN,
        "Interest Expense Non Operating": NaN,
        "Operating Income": NaN,
        "Operating Expense": NaN,
        "Other Operating Expenses": -530000.0,
        "Research And Development": NaN,
        "Selling General And Administration": NaN,
        "Selling And Marketing Expense": NaN,
        "General And Administrative Expense": NaN,
        "Other Gand A": NaN,
        "Gross Profit": NaN,
        "Cost Of Revenue": NaN,
        "Total Revenue": NaN,
        "Operating Revenue": NaN
    },
    "2023-09-30": {
        "Tax Effect Of Unusual Items": NaN,
        "Tax Rate For Calcs": NaN,
        "Normalized EBITDA": NaN,
        "Net Income From Continuing Operation Net Minority Interest": NaN,
        "Reconciled Depreciation": NaN,
        "Reconciled Cost Of Revenue": NaN,
        "EBITDA": NaN,
        "EBIT": NaN,
        "Net Interest Income": NaN,
        "Interest Expense": NaN,
        "Normalized Income": NaN,
        "Net Income From Continuing And Discontinued Operation": NaN,
        "Total Expenses": NaN,
        "Total Operating Income As Reported": NaN,
        "Diluted Average Shares": NaN,
        "Basic Average Shares": NaN,
        "Diluted EPS": NaN,
        "Basic EPS": NaN,
        "Diluted NI Availto Com Stockholders": NaN,
        "Net Income Common Stockholders": NaN,
        "Net Income": NaN,
        "Net Income Including Noncontrolling Interests": NaN,
        "Net Income Continuous Operations": NaN,
        "Tax Provision": NaN,
        "Pretax Income": NaN,
        "Other Income Expense": NaN,
        "Other Non Operating Income Expenses": NaN,
        "Net Non Operating Interest Income Expense": NaN,
        "Interest Expense Non Operating": NaN,
        "Operating Income": NaN,
        "Operating Expense": NaN,
        "Other Operating Expenses": -212000.0,
        "Research And Development": NaN,
        "Selling General And Administration": NaN,
        "Selling And Marketing Expense": NaN,
        "General And Administrative Expense": NaN,
        "Other Gand A": NaN,
        "Gross Profit": NaN,
        "Cost Of Revenue": NaN,
        "Total Revenue": NaN,
        "Operating Revenue": NaN
    },
    "2023-12-31": {
        "Tax Effect Of Unusual Items": NaN,
        "Tax Rate For Calcs": NaN,
        "Normalized EBITDA": NaN,
        "Net Income From Continuing Operation Net Minority Interest": NaN,
        "Reconciled Depreciation": NaN,
        "Reconciled Cost Of Revenue": NaN,
        "EBITDA": NaN,
        "EBIT": NaN,
        "Net Interest Income": NaN,
        "Interest Expense": NaN,
        "Normalized Income": NaN,
        "Net Income From Continuing And Discontinued Operation": NaN,
        "Total Expenses": NaN,
        "Total Operating Income As Reported": NaN,
        "Diluted Average Shares": NaN,
        "Basic Average Shares": NaN,
        "Diluted EPS": NaN,
        "Basic EPS": NaN,
        "Diluted NI Availto Com Stockholders": NaN,
        "Net Income Common Stockholders": NaN,
        "Net Income": NaN,
        "Net Income Including Noncontrolling Interests": NaN,
        "Net Income Continuous Operations": NaN,
        "Tax Provision": NaN,
        "Pretax Income": NaN,
        "Other Income Expense": NaN,
        "Other Non Operating Income Expenses": NaN,
        "Net Non Operating Interest Income Expense": NaN,
        "Interest Expense Non Operating": NaN,
        "Operating Income": NaN,
        "Operating Expense": NaN,
        "Other Operating Expenses": -59000.0,
        "Research And Development": NaN,
        "Selling General And Administration": NaN,
        "Selling And Marketing Expense": NaN,
        "General And Administrative Expense": NaN,
        "Other Gand A": NaN,
        "Gross Profit": NaN,
        "Cost Of Revenue": NaN,
        "Total Revenue": NaN,
        "Operating Revenue": NaN
    },
    "2024-03-31": {
        "Tax Effect Of Unusual Items": 0.0,
        "Tax Rate For Calcs": 0.21,
        "Normalized EBITDA": -17069000.0,
        "Net Income From Continuing Operation Net Minority Interest": -18658000.0,
        "Reconciled Depreciation": 203000.0,
        "Reconciled Cost Of Revenue": 1513000.0,
        "EBITDA": -17069000.0,
        "EBIT": -17272000.0,
        "Net Interest Income": -1356000.0,
        "Interest Expense": 1356000.0,
        "Normalized Income": -18658000.0,
        "Net Income From Continuing And Discontinued Operation": -18658000.0,
        "Total Expenses": 28310000.0,
        "Total Operating Income As Reported": -17206000.0,
        "Diluted Average Shares": 25637783.0,
        "Basic Average Shares": 25637783.0,
        "Diluted EPS": -0.73,
        "Basic EPS": -0.73,
        "Diluted NI Availto Com Stockholders": -18658000.0,
        "Net Income Common Stockholders": -18658000.0,
        "Net Income": -18658000.0,
        "Net Income Including Noncontrolling Interests": -18658000.0,
        "Net Income Continuous Operations": -18658000.0,
        "Tax Provision": 30000.0,
        "Pretax Income": -18628000.0,
        "Other Income Expense": -66000.0,
        "Other Non Operating Income Expenses": -66000.0,
        "Net Non Operating Interest Income Expense": -1356000.0,
        "Interest Expense Non Operating": 1356000.0,
        "Operating Income": -17206000.0,
        "Operating Expense": 26797000.0,
        "Other Operating Expenses": NaN,
        "Research And Development": 5194000.0,
        "Selling General And Administration": 21603000.0,
        "Selling And Marketing Expense": 12640000.0,
        "General And Administrative Expense": 8963000.0,
        "Other Gand A": 8963000.0,
        "Gross Profit": 9591000.0,
        "Cost Of Revenue": 1513000.0,
        "Total Revenue": 11104000.0,
        "Operating Revenue": 11104000.0
    },
    "2024-06-30": {
        "Tax Effect Of Unusual Items": 0.0,
        "Tax Rate For Calcs": 0.21,
        "Normalized EBITDA": -13809000.0,
        "Net Income From Continuing Operation Net Minority Interest": -15393000.0,
        "Reconciled Depreciation": 204000.0,
        "Reconciled Cost Of Revenue": 2111000.0,
        "EBITDA": -13809000.0,
        "EBIT": -14013000.0,
        "Net Interest Income": -1347000.0,
        "Interest Expense": 1347000.0,
        "Normalized Income": -15393000.0,
        "Net Income From Continuing And Discontinued Operation": -15393000.0,
        "Total Expenses": 30819000.0,
        "Total Operating Income As Reported": -15624000.0,
        "Diluted Average Shares": 25760278.0,
        "Basic Average Shares": 25760278.0,
        "Diluted EPS": -0.6,
        "Basic EPS": -0.6,
        "Diluted NI Availto Com Stockholders": -15393000.0,
        "Net Income Common Stockholders": -15393000.0,
        "Net Income": -15393000.0,
        "Net Income Including Noncontrolling Interests": -15393000.0,
        "Net Income Continuous Operations": -15393000.0,
        "Tax Provision": 33000.0,
        "Pretax Income": -15360000.0,
        "Other Income Expense": 1611000.0,
        "Other Non Operating Income Expenses": 1611000.0,
        "Net Non Operating Interest Income Expense": -1347000.0,
        "Interest Expense Non Operating": 1347000.0,
        "Operating Income": -15624000.0,
        "Operating Expense": 28708000.0,
        "Research And Development": 4887000.0,
        "Selling General And Administration": 23821000.0,
        "Selling And Marketing Expense": 16302000.0,
        "General And Administrative Expense": 7519000.0,
        "Other Gand A": 7519000.0,
        "Gross Profit": 13084000.0,
        "Cost Of Revenue": 2111000.0,
        "Total Revenue": 15195000.0,
        "Operating Revenue": 15195000.0
    },
    "2024-09-30": {
        "Tax Effect Of Unusual Items": 0.0,
        "Tax Rate For Calcs": 0.001725,
        "Normalized EBITDA": -14564000.0,
        "Net Income From Continuing Operation Net Minority Interest": -16205000.0,
        "Reconciled Depreciation": 310000.0,
        "Reconciled Cost Of Revenue": 3190000.0,
        "EBITDA": -14564000.0,
        "EBIT": -14874000.0,
        "Net Interest Income": -1359000.0,
        "Interest Expense": 1359000.0,
        "Normalized Income": -16205000.0,
        "Net Income From Continuing And Discontinued Operation": -16205000.0,
        "Total Expenses": 33352000.0,
        "Total Operating Income As Reported": -13806000.0,
        "Diluted Average Shares": 25983929.0,
        "Basic Average Shares": 25983929.0,
        "Diluted EPS": -0.62,
        "Basic EPS": -0.62,
        "Diluted NI Availto Com Stockholders": -16205000.0,
        "Net Income Common Stockholders": -16205000.0,
        "Net Income": -16205000.0,
        "Net Income Including Noncontrolling Interests": -16205000.0,
        "Net Income Continuous Operations": -16205000.0,
        "Tax Provision": -28000.0,
        "Pretax Income": -16233000.0,
        "Other Income Expense": -1068000.0,
        "Other Non Operating Income Expenses": -1068000.0,
        "Net Non Operating Interest Income Expense": -1359000.0,
        "Interest Expense Non Operating": 1359000.0,
        "Operating Income": -13806000.0,
        "Operating Expense": 30162000.0,
        "Research And Development": 5428000.0,
        "Selling General And Administration": 24734000.0,
        "Selling And Marketing Expense": 15144000.0,
        "General And Administrative Expense": 9590000.0,
        "Other Gand A": 9590000.0,
        "Gross Profit": 16356000.0,
        "Cost Of Revenue": 3190000.0,
        "Total Revenue": 19546000.0,
        "Operating Revenue": 19546000.0
    },
    "2024-12-31": {
        "Tax Effect Of Unusual Items": 0.0,
        "Tax Rate For Calcs": 0.21,
        "Normalized EBITDA": -9863000.0,
        "Net Income From Continuing Operation Net Minority Interest": -11589000.0,
        "Reconciled Depreciation": 409000.0,
        "Reconciled Cost Of Revenue": 2280000.0,
        "EBITDA": -9863000.0,
        "EBIT": -10272000.0,
        "Net Interest Income": -1298000.0,
        "Interest Expense": 1298000.0,
        "Normalized Income": -11589000.0,
        "Net Income From Continuing And Discontinued Operation": -11589000.0,
        "Total Expenses": 28363000.0,
        "Total Operating Income As Reported": -9957000.0,
        "Diluted Average Shares": 26146234.0,
        "Basic Average Shares": 26146234.0,
        "Diluted EPS": -0.44,
        "Basic EPS": -0.44,
        "Diluted NI Availto Com Stockholders": -11589000.0,
        "Net Income Common Stockholders": -11589000.0,
        "Net Income": -11589000.0,
        "Net Income Including Noncontrolling Interests": -11589000.0,
        "Net Income Continuous Operations": -11589000.0,
        "Tax Provision": 19000.0,
        "Pretax Income": -11570000.0,
        "Other Income Expense": -315000.0,
        "Other Non Operating Income Expenses": -315000.0,
        "Net Non Operating Interest Income Expense": -1298000.0,
        "Interest Expense Non Operating": 1298000.0,
        "Operating Income": -9957000.0,
        "Operating Expense": 26083000.0,
        "Research And Development": 4850000.0,
        "Selling General And Administration": 21233000.0,
        "Selling And Marketing Expense": 14109000.0,
        "General And Administrative Expense": 7124000.0,
        "Other Gand A": 7124000.0,
        "Gross Profit": 16126000.0,
        "Cost Of Revenue": 2280000.0,
        "Total Revenue": 18406000.0,
        "Operating Revenue": 18406000.0
    },
    "2025-03-31": {
        "Tax Effect Of Unusual Items": 0.0,
        "Tax Rate For Calcs": 0.21,
        "Normalized EBITDA": -12097000.0,
        "Net Income From Continuing Operation Net Minority Interest": -13859000.0,
        "Reconciled Depreciation": 521000.0,
        "Reconciled Cost Of Revenue": 2833000.0,
        "EBITDA": -12097000.0,
        "EBIT": -12618000.0,
        "Net Interest Income": -1233000.0,
        "Interest Expense": 1233000.0,
        "Normalized Income": -13859000.0,
        "Net Income From Continuing And Discontinued Operation": -13859000.0,
        "Total Expenses": 30341000.0,
        "Total Operating Income As Reported": -11827000.0,
        "Diluted Average Shares": 26253565.0,
        "Basic Average Shares": 26253565.0,
        "Diluted EPS": -0.53,
        "Basic EPS": -0.53,
        "Diluted NI Availto Com Stockholders": -13859000.0,
        "Net Income Common Stockholders": -13859000.0,
        "Net Income": -13859000.0,
        "Net Income Including Noncontrolling Interests": -13859000.0,
        "Net Income Continuous Operations": -13859000.0,
        "Tax Provision": 8000.0,
        "Pretax Income": -13851000.0,
        "Other Income Expense": -791000.0,
        "Other Non Operating Income Expenses": -791000.0,
        "Net Non Operating Interest Income Expense": -1233000.0,
        "Interest Expense Non Operating": 1233000.0,
        "Operating Income": -11827000.0,
        "Operating Expense": 27508000.0,
        "Research And Development": 6284000.0,
        "Selling General And Administration": 21224000.0,
        "Selling And Marketing Expense": 14834000.0,
        "General And Administrative Expense": 6390000.0,
        "Other Gand A": 6390000.0,
        "Gross Profit": 15681000.0,
        "Cost Of Revenue": 2833000.0,
        "Total Revenue": 18514000.0,
        "Operating Revenue": 18514000.0
    },
    "2025-06-30": {
        "Tax Effect Of Unusual Items": 0.0,
        "Tax Rate For Calcs": 0.21,
        "Normalized EBITDA": -8112000.0,
        "Net Income From Continuing Operation Net Minority Interest": -9920000.0,
        "Reconciled Depreciation": 552000.0,
        "Reconciled Cost Of Revenue": 3469000.0,
        "EBITDA": -8112000.0,
        "EBIT": -8664000.0,
        "Net Interest Income": -1252000.0,
        "Interest Expense": 1252000.0,
        "Normalized Income": -9920000.0,
        "Net Income From Continuing And Discontinued Operation": -9920000.0,
        "Total Expenses": 29566000.0,
        "Total Operating Income As Reported": -11148000.0,
        "Diluted Average Shares": 26367548.0,
        "Basic Average Shares": 26367548.0,
        "Diluted EPS": -0.38,
        "Basic EPS": -0.38,
        "Diluted NI Availto Com Stockholders": -9920000.0,
        "Net Income Common Stockholders": -9920000.0,
        "Net Income": -9920000.0,
        "Net Income Including Noncontrolling Interests": -9920000.0,
        "Net Income Continuous Operations": -9920000.0,
        "Tax Provision": 4000.0,
        "Pretax Income": -9916000.0,
        "Other Income Expense": 2484000.0,
        "Other Non Operating Income Expenses": 2484000.0,
        "Net Non Operating Interest Income Expense": -1252000.0,
        "Interest Expense Non Operating": 1252000.0,
        "Operating Income": -11148000.0,
        "Operating Expense": 26097000.0,
        "Research And Development": 5117000.0,
        "Selling General And Administration": 20980000.0,
        "Selling And Marketing Expense": 14314000.0,
        "General And Administrative Expense": 6666000.0,
        "Other Gand A": 6666000.0,
        "Gross Profit": 14949000.0,
        "Cost Of Revenue": 3469000.0,
        "Total Revenue": 18418000.0,
        "Operating Revenue": 18418000.0
    },
    "2025-09-30": {
        "Tax Effect Of Unusual Items": 0.0,
        "Tax Rate For Calcs": 0.21,
        "Normalized EBITDA": -11330000.0,
        "Net Income From Continuing Operation Net Minority Interest": -13187000.0,
        "Reconciled Depreciation": 574000.0,
        "Reconciled Cost Of Revenue": 3187000.0,
        "EBITDA": -11330000.0,
        "EBIT": -11904000.0,
        "Net Interest Income": -1268000.0,
        "Interest Expense": 1268000.0,
        "Normalized Income": -13187000.0,
        "Net Income From Continuing And Discontinued Operation": -13187000.0,
        "Total Expenses": 26215000.0,
        "Total Operating Income As Reported": -9153000.0,
        "Diluted Average Shares": 28393445.0,
        "Basic Average Shares": 28393445.0,
        "Diluted EPS": -0.46,
        "Basic EPS": -0.46,
        "Diluted NI Availto Com Stockholders": -13187000.0,
        "Net Income Common Stockholders": -13187000.0,
        "Net Income": -13187000.0,
        "Net Income Including Noncontrolling Interests": -13187000.0,
        "Net Income Continuous Operations": -13187000.0,
        "Tax Provision": 15000.0,
        "Pretax Income": -13172000.0,
        "Other Income Expense": -2751000.0,
        "Other Non Operating Income Expenses": -2751000.0,
        "Net Non Operating Interest Income Expense": -1268000.0,
        "Interest Expense Non Operating": 1268000.0,
        "Operating Income": -9153000.0,
        "Operating Expense": 23028000.0,
        "Research And Development": 3748000.0,
        "Selling General And Administration": 19280000.0,
        "Selling And Marketing Expense": 12053000.0,
        "General And Administrative Expense": 7227000.0,
        "Other Gand A": 7227000.0,
        "Gross Profit": 13875000.0,
        "Cost Of Revenue": 3187000.0,
        "Total Revenue": 17062000.0,
        "Operating Revenue": 17062000.0
    }
}