{
    "2023-03-31": {
        "Tax Effect Of Unusual Items": 0.0,
        "Tax Rate For Calcs": 0.0,
        "Normalized EBITDA": -56194000.0,
        "Net Income From Continuing Operation Net Minority Interest": -58335000.0,
        "Reconciled Depreciation": 1673000.0,
        "EBITDA": -56194000.0,
        "EBIT": -57867000.0,
        "Net Interest Income": 3859000.0,
        "Interest Expense": 468000.0,
        "Interest Income": 4327000.0,
        "Normalized Income": -58335000.0,
        "Net Income From Continuing And Discontinued Operation": -58335000.0,
        "Total Expenses": 62194000.0,
        "Total Operating Income As Reported": -62194000.0,
        "Diluted Average Shares": 79453519.0,
        "Basic Average Shares": 79453519.0,
        "Diluted EPS": -0.73,
        "Basic EPS": -0.73,
        "Diluted NI Availto Com Stockholders": -58335000.0,
        "Net Income Common Stockholders": -58335000.0,
        "Net Income": -58335000.0,
        "Net Income Including Noncontrolling Interests": -58335000.0,
        "Net Income Continuous Operations": -58335000.0,
        "Pretax Income": -58335000.0,
        "Net Non Operating Interest Income Expense": 3859000.0,
        "Interest Expense Non Operating": 468000.0,
        "Interest Income Non Operating": 4327000.0,
        "Operating Income": -62194000.0,
        "Operating Expense": 62194000.0,
        "Research And Development": 46371000.0,
        "Selling General And Administration": 15823000.0,
        "General And Administrative Expense": 15823000.0,
        "Other Gand A": 15823000.0,
        "Total Revenue": 0.0,
        "Operating Revenue": 0.0
    },
    "2022-12-31": {
        "Tax Effect Of Unusual Items": 0.0,
        "Tax Rate For Calcs": 0.0,
        "Normalized EBITDA": -63954000.0,
        "Net Income From Continuing Operation Net Minority Interest": -66723000.0,
        "Reconciled Depreciation": 3383000.0,
        "EBITDA": -63954000.0,
        "EBIT": -67337000.0,
        "Net Interest Income": 1859000.0,
        "Interest Expense": -614000.0,
        "Interest Income": 1245000.0,
        "Normalized Income": -66723000.0,
        "Net Income From Continuing And Discontinued Operation": -66723000.0,
        "Total Expenses": 68582000.0,
        "Total Operating Income As Reported": -69082000.0,
        "Diluted Average Shares": NaN,
        "Basic Average Shares": NaN,
        "Diluted EPS": NaN,
        "Basic EPS": NaN,
        "Diluted NI Availto Com Stockholders": -66723000.0,
        "Net Income Common Stockholders": -66723000.0,
        "Net Income": -66723000.0,
        "Net Income Including Noncontrolling Interests": -66723000.0,
        "Net Income Continuous Operations": -66723000.0,
        "Pretax Income": -66723000.0,
        "Net Non Operating Interest Income Expense": 1859000.0,
        "Interest Expense Non Operating": -614000.0,
        "Interest Income Non Operating": 1245000.0,
        "Operating Income": -68582000.0,
        "Operating Expense": 68582000.0,
        "Research And Development": 50037000.0,
        "Selling General And Administration": 19045000.0,
        "General And Administrative Expense": 19045000.0,
        "Other Gand A": 19045000.0,
        "Total Revenue": 0.0,
        "Operating Revenue": 0.0
    },
    "2022-09-30": {
        "Tax Effect Of Unusual Items": 0.0,
        "Tax Rate For Calcs": 0.0,
        "Normalized EBITDA": -56050000.0,
        "Net Income From Continuing Operation Net Minority Interest": -57756000.0,
        "Reconciled Depreciation": 1085000.0,
        "EBITDA": -56050000.0,
        "EBIT": -57135000.0,
        "Net Interest Income": 732000.0,
        "Interest Expense": 621000.0,
        "Interest Income": 1353000.0,
        "Normalized Income": -57756000.0,
        "Net Income From Continuing And Discontinued Operation": -57756000.0,
        "Total Expenses": 58488000.0,
        "Total Operating Income As Reported": -58488000.0,
        "Diluted Average Shares": 66215535.0,
        "Basic Average Shares": 66215535.0,
        "Diluted EPS": -0.87,
        "Basic EPS": -0.87,
        "Diluted NI Availto Com Stockholders": -57756000.0,
        "Net Income Common Stockholders": -57756000.0,
        "Net Income": -57756000.0,
        "Net Income Including Noncontrolling Interests": -57756000.0,
        "Net Income Continuous Operations": -57756000.0,
        "Pretax Income": -57756000.0,
        "Net Non Operating Interest Income Expense": 732000.0,
        "Interest Expense Non Operating": 621000.0,
        "Interest Income Non Operating": 1353000.0,
        "Operating Income": -58488000.0,
        "Operating Expense": 58488000.0,
        "Research And Development": 43383000.0,
        "Selling General And Administration": 15105000.0,
        "General And Administrative Expense": 15105000.0,
        "Other Gand A": 15105000.0,
        "Total Revenue": 0.0,
        "Operating Revenue": 0.0
    },
    "2022-06-30": {
        "Tax Effect Of Unusual Items": 0.0,
        "Tax Rate For Calcs": 0.0,
        "Normalized EBITDA": -53541000.0,
        "Net Income From Continuing Operation Net Minority Interest": -54402000.0,
        "Reconciled Depreciation": 496000.0,
        "EBITDA": -53541000.0,
        "EBIT": -53541000.0,
        "Net Interest Income": -192000.0,
        "Interest Expense": 861000.0,
        "Interest Income": 669000.0,
        "Normalized Income": -54402000.0,
        "Net Income From Continuing And Discontinued Operation": -54402000.0,
        "Total Expenses": 54210000.0,
        "Total Operating Income As Reported": -54210000.0,
        "Diluted Average Shares": 65476531.0,
        "Basic Average Shares": 65476531.0,
        "Diluted EPS": -0.83,
        "Basic EPS": -0.83,
        "Diluted NI Availto Com Stockholders": -54402000.0,
        "Net Income Common Stockholders": -54402000.0,
        "Net Income": -54402000.0,
        "Net Income Including Noncontrolling Interests": -54402000.0,
        "Net Income Continuous Operations": -54402000.0,
        "Pretax Income": -54402000.0,
        "Net Non Operating Interest Income Expense": -192000.0,
        "Interest Expense Non Operating": 861000.0,
        "Interest Income Non Operating": 669000.0,
        "Operating Income": -54210000.0,
        "Operating Expense": 54210000.0,
        "Research And Development": 41356000.0,
        "Selling General And Administration": 12854000.0,
        "General And Administrative Expense": 12854000.0,
        "Other Gand A": 12854000.0,
        "Total Revenue": 0.0,
        "Operating Revenue": 0.0
    },
    "2022-03-31": {
        "Diluted EPS": -0.67,
        "Total Revenue": NaN,
        "Gross Profit": NaN,
        "Operating Income": -43,
        "EBIT": -41,
        "Net Income": -43
    },
    "2021-12-31": {
        "Diluted EPS": -0.68,
        "Total Revenue": NaN,
        "Gross Profit": NaN,
        "Operating Income": -44,
        "EBIT": -38,
        "Net Income": -44
    },
    "2021-09-30": {
        "Diluted EPS": -0.79,
        "Total Revenue": NaN,
        "Gross Profit": NaN,
        "Operating Income": -50,
        "EBIT": -49,
        "Net Income": -50
    },
    "2021-06-30": {
        "Diluted EPS": -0.55,
        "Total Revenue": NaN,
        "Gross Profit": NaN,
        "Operating Income": -34,
        "EBIT": -33,
        "Net Income": -35
    },
    "2021-03-31": {
        "Diluted EPS": -0.65,
        "Total Revenue": NaN,
        "Gross Profit": NaN,
        "Operating Income": -39,
        "EBIT": -39,
        "Net Income": -40
    },
    "2020-12-31": {
        "Diluted EPS": -1.09,
        "Total Revenue": NaN,
        "Gross Profit": NaN,
        "Operating Income": -59,
        "EBIT": -53,
        "Net Income": -61
    },
    "2020-09-30": {
        "Diluted EPS": -0.53,
        "Total Revenue": NaN,
        "Gross Profit": NaN,
        "Operating Income": -27,
        "EBIT": -27,
        "Net Income": -29
    },
    "2020-06-30": {
        "Diluted EPS": -0.45,
        "Total Revenue": NaN,
        "Gross Profit": NaN,
        "Operating Income": -24,
        "EBIT": -23,
        "Net Income": -25
    },
    "2020-03-31": {
        "Diluted EPS": -0.45,
        "Total Revenue": NaN,
        "Gross Profit": NaN,
        "Operating Income": -24,
        "EBIT": -24,
        "Net Income": -25
    },
    "2019-12-31": {
        "Diluted EPS": -0.39,
        "Total Revenue": NaN,
        "Gross Profit": NaN,
        "Operating Income": -20,
        "EBIT": -20,
        "Net Income": -20
    },
    "2019-09-30": {
        "Diluted EPS": -0.38,
        "Total Revenue": NaN,
        "Gross Profit": NaN,
        "Operating Income": -19,
        "EBIT": -19,
        "Net Income": -19
    },
    "2019-06-30": {
        "Diluted EPS": -0.38,
        "Total Revenue": NaN,
        "Gross Profit": NaN,
        "Operating Income": -18,
        "EBIT": -18,
        "Net Income": -19
    },
    "2019-03-31": {
        "Diluted EPS": -0.43,
        "Total Revenue": NaN,
        "Gross Profit": NaN,
        "Operating Income": -19,
        "EBIT": -19,
        "Net Income": -19
    },
    "2018-12-31": {
        "Diluted EPS": -0.67,
        "Total Revenue": NaN,
        "Gross Profit": NaN,
        "Operating Income": -27,
        "EBIT": -26,
        "Net Income": -27
    },
    "2018-09-30": {
        "Diluted EPS": -0.4,
        "Total Revenue": NaN,
        "Gross Profit": NaN,
        "Operating Income": -15,
        "EBIT": -15,
        "Net Income": -16
    },
    "2018-06-30": {
        "Diluted EPS": -0.4,
        "Total Revenue": NaN,
        "Gross Profit": NaN,
        "Operating Income": -15,
        "EBIT": -15,
        "Net Income": -16
    },
    "2018-03-31": {
        "Diluted EPS": -0.42,
        "Total Revenue": NaN,
        "Gross Profit": NaN,
        "Operating Income": -14,
        "EBIT": -14,
        "Net Income": -15
    },
    "2017-12-31": {
        "Diluted EPS": -1.01,
        "Total Revenue": NaN,
        "Gross Profit": NaN,
        "Operating Income": -7,
        "EBIT": -7,
        "Net Income": -7
    },
    "2017-09-30": {
        "Diluted EPS": -0.99,
        "Total Revenue": NaN,
        "Gross Profit": NaN,
        "Operating Income": -7,
        "EBIT": -7,
        "Net Income": -7
    },
    "2017-06-30": {
        "Diluted EPS": -0.49,
        "Total Revenue": NaN,
        "Gross Profit": NaN,
        "Operating Income": -4,
        "EBIT": -3,
        "Net Income": -3
    },
    "2017-03-31": {
        "Diluted EPS": -0.39,
        "Total Revenue": NaN,
        "Gross Profit": NaN,
        "Operating Income": -3,
        "EBIT": -3,
        "Net Income": -3
    },
    "2016-12-31": {
        "Diluted EPS": 3.37,
        "Total Revenue": NaN,
        "Gross Profit": NaN,
        "Operating Income": 22,
        "EBIT": 22,
        "Net Income": 22
    },
    "2016-09-30": {
        "Diluted EPS": -1.64,
        "Total Revenue": NaN,
        "Gross Profit": NaN,
        "Operating Income": -11,
        "EBIT": -11,
        "Net Income": -11
    },
    "2016-06-30": {
        "Diluted EPS": -1.32,
        "Total Revenue": NaN,
        "Gross Profit": NaN,
        "Operating Income": -9,
        "EBIT": -9,
        "Net Income": -9
    },
    "2016-03-31": {
        "Diluted EPS": -1.52,
        "Total Revenue": NaN,
        "Gross Profit": NaN,
        "Operating Income": -10,
        "EBIT": -10,
        "Net Income": -10
    },
    "2015-12-31": {
        "Diluted EPS": -3.52,
        "Total Revenue": NaN,
        "Gross Profit": NaN,
        "Operating Income": -8,
        "EBIT": -8,
        "Net Income": -8
    },
    "2015-09-30": {
        "Diluted EPS": -9.92,
        "Total Revenue": NaN,
        "Gross Profit": NaN,
        "Operating Income": -5,
        "EBIT": -5,
        "Net Income": -56
    },
    "2015-06-30": {
        "Diluted EPS": -0.6,
        "Total Revenue": NaN,
        "Gross Profit": NaN,
        "Operating Income": -4,
        "EBIT": -4,
        "Net Income": -2
    },
    "2015-03-31": {
        "Diluted EPS": -0.84,
        "Total Revenue": NaN,
        "Gross Profit": NaN,
        "Operating Income": -3,
        "EBIT": -3,
        "Net Income": -2
    },
    "2014-12-31": {
        "Diluted EPS": -12.84,
        "Total Revenue": NaN,
        "Gross Profit": NaN,
        "Operating Income": -2,
        "EBIT": -2,
        "Net Income": -2
    },
    "2014-09-30": {
        "Diluted EPS": -13.68,
        "Total Revenue": NaN,
        "Gross Profit": NaN,
        "Operating Income": -2,
        "EBIT": -2,
        "Net Income": -3
    },
    "2014-06-30": {
        "Diluted EPS": -15.24,
        "Total Revenue": NaN,
        "Gross Profit": NaN,
        "Operating Income": -2,
        "EBIT": -2,
        "Net Income": -4
    },
    "2014-03-31": {
        "Diluted EPS": -12.32,
        "Total Revenue": NaN,
        "Gross Profit": NaN,
        "Operating Income": -2,
        "EBIT": -2,
        "Net Income": -3
    },
    "2013-12-31": {
        "Diluted EPS": 0.0,
        "Total Revenue": NaN,
        "Gross Profit": NaN,
        "Operating Income": NaN,
        "EBIT": NaN,
        "Net Income": NaN
    },
    "2012-12-31": {
        "Diluted EPS": 0.0,
        "Total Revenue": NaN,
        "Gross Profit": NaN,
        "Operating Income": NaN,
        "EBIT": NaN,
        "Net Income": NaN
    },
    "2023-06-30": {
        "Tax Effect Of Unusual Items": 0.0,
        "Tax Rate For Calcs": 0.0,
        "Normalized EBITDA": -63502000.0,
        "Net Income From Continuing Operation Net Minority Interest": -65701000.0,
        "Reconciled Depreciation": 1731000.0,
        "EBITDA": -63502000.0,
        "EBIT": -65233000.0,
        "Net Interest Income": 3056000.0,
        "Interest Expense": 468000.0,
        "Interest Income": 3524000.0,
        "Normalized Income": -65701000.0,
        "Net Income From Continuing And Discontinued Operation": -65701000.0,
        "Total Expenses": 68757000.0,
        "Total Operating Income As Reported": -68757000.0,
        "Diluted Average Shares": 80472362.0,
        "Basic Average Shares": 80472362.0,
        "Diluted EPS": -0.82,
        "Basic EPS": -0.82,
        "Diluted NI Availto Com Stockholders": -65701000.0,
        "Net Income Common Stockholders": -65701000.0,
        "Net Income": -65701000.0,
        "Net Income Including Noncontrolling Interests": -65701000.0,
        "Net Income Continuous Operations": -65701000.0,
        "Pretax Income": -65701000.0,
        "Net Non Operating Interest Income Expense": 3056000.0,
        "Interest Expense Non Operating": 468000.0,
        "Interest Income Non Operating": 3524000.0,
        "Operating Income": -68757000.0,
        "Operating Expense": 68757000.0,
        "Research And Development": 51383000.0,
        "Selling General And Administration": 17374000.0,
        "General And Administrative Expense": 17374000.0,
        "Other Gand A": 17374000.0,
        "Total Revenue": 0.0,
        "Operating Revenue": 0.0
    },
    "2023-09-30": {
        "Tax Effect Of Unusual Items": 0.0,
        "Tax Rate For Calcs": 0.0,
        "Normalized EBITDA": -59671000.0,
        "Net Income From Continuing Operation Net Minority Interest": -61899000.0,
        "Reconciled Depreciation": 1759000.0,
        "EBITDA": -59671000.0,
        "EBIT": -61430000.0,
        "Net Interest Income": 3530000.0,
        "Interest Expense": 469000.0,
        "Interest Income": 3999000.0,
        "Normalized Income": -61899000.0,
        "Net Income From Continuing And Discontinued Operation": -61899000.0,
        "Total Expenses": 65429000.0,
        "Total Operating Income As Reported": -65429000.0,
        "Diluted Average Shares": 82636120.0,
        "Basic Average Shares": 82636120.0,
        "Diluted EPS": -0.75,
        "Basic EPS": -0.75,
        "Diluted NI Availto Com Stockholders": -61899000.0,
        "Net Income Common Stockholders": -61899000.0,
        "Net Income": -61899000.0,
        "Net Income Including Noncontrolling Interests": -61899000.0,
        "Net Income Continuous Operations": -61899000.0,
        "Pretax Income": -61899000.0,
        "Net Non Operating Interest Income Expense": 3530000.0,
        "Interest Expense Non Operating": 469000.0,
        "Interest Income Non Operating": 3999000.0,
        "Operating Income": -65429000.0,
        "Operating Expense": 65429000.0,
        "Research And Development": 46844000.0,
        "Selling General And Administration": 18585000.0,
        "General And Administrative Expense": 18585000.0,
        "Other Gand A": 18585000.0,
        "Total Revenue": 0.0,
        "Operating Revenue": 0.0
    },
    "2023-12-31": {
        "Tax Effect Of Unusual Items": 0.0,
        "Tax Rate For Calcs": 0.0,
        "Normalized EBITDA": -57255000.0,
        "Net Income From Continuing Operation Net Minority Interest": -59660000.0,
        "Reconciled Depreciation": 1935000.0,
        "EBITDA": -57255000.0,
        "EBIT": -59190000.0,
        "Net Interest Income": 3619000.0,
        "Interest Expense": 470000.0,
        "Interest Income": 4089000.0,
        "Normalized Income": -59660000.0,
        "Net Income From Continuing And Discontinued Operation": -59660000.0,
        "Total Expenses": 63279000.0,
        "Total Operating Income As Reported": -63279000.0,
        "Diluted Average Shares": 93336541.0,
        "Basic Average Shares": 93336541.0,
        "Diluted EPS": -0.64,
        "Basic EPS": -0.64,
        "Diluted NI Availto Com Stockholders": -59660000.0,
        "Net Income Common Stockholders": -59660000.0,
        "Net Income": -59660000.0,
        "Net Income Including Noncontrolling Interests": -59660000.0,
        "Net Income Continuous Operations": -59660000.0,
        "Pretax Income": -59660000.0,
        "Net Non Operating Interest Income Expense": 3619000.0,
        "Interest Expense Non Operating": 470000.0,
        "Interest Income Non Operating": 4089000.0,
        "Operating Income": -63279000.0,
        "Operating Expense": 63279000.0,
        "Research And Development": 41744000.0,
        "Selling General And Administration": 21535000.0,
        "General And Administrative Expense": 21535000.0,
        "Other Gand A": 21535000.0,
        "Total Revenue": 0.0,
        "Operating Revenue": 0.0
    },
    "2024-03-31": {
        "Tax Effect Of Unusual Items": 0.0,
        "Tax Rate For Calcs": 0.0,
        "Normalized EBITDA": -59329000.0,
        "Net Income From Continuing Operation Net Minority Interest": -62054000.0,
        "Reconciled Depreciation": 2254000.0,
        "EBITDA": -59329000.0,
        "EBIT": -61583000.0,
        "Net Interest Income": 5321000.0,
        "Interest Expense": 471000.0,
        "Interest Income": 5792000.0,
        "Normalized Income": -62054000.0,
        "Net Income From Continuing And Discontinued Operation": -62054000.0,
        "Total Expenses": 67375000.0,
        "Total Operating Income As Reported": -67375000.0,
        "Diluted Average Shares": 93549884.0,
        "Basic Average Shares": 93549884.0,
        "Diluted EPS": -0.66,
        "Basic EPS": -0.66,
        "Diluted NI Availto Com Stockholders": -62054000.0,
        "Net Income Common Stockholders": -62054000.0,
        "Net Income": -62054000.0,
        "Net Income Including Noncontrolling Interests": -62054000.0,
        "Net Income Continuous Operations": -62054000.0,
        "Pretax Income": -62054000.0,
        "Net Non Operating Interest Income Expense": 5321000.0,
        "Interest Expense Non Operating": 471000.0,
        "Interest Income Non Operating": 5792000.0,
        "Operating Income": -67375000.0,
        "Operating Expense": 67375000.0,
        "Research And Development": 45227000.0,
        "Selling General And Administration": 22148000.0,
        "General And Administrative Expense": 22148000.0,
        "Other Gand A": 22148000.0,
        "Total Revenue": 0.0,
        "Operating Revenue": 0.0
    },
    "2024-06-30": {
        "Tax Effect Of Unusual Items": NaN,
        "Tax Rate For Calcs": NaN,
        "Normalized EBITDA": NaN,
        "Total Unusual Items": 0.0,
        "Total Unusual Items Excluding Goodwill": 0.0,
        "Net Income From Continuing Operation Net Minority Interest": NaN,
        "Reconciled Depreciation": NaN,
        "EBITDA": NaN,
        "EBIT": NaN,
        "Net Interest Income": NaN,
        "Interest Expense": NaN,
        "Interest Income": NaN,
        "Normalized Income": NaN,
        "Net Income From Continuing And Discontinued Operation": NaN,
        "Total Expenses": NaN,
        "Total Operating Income As Reported": NaN,
        "Diluted Average Shares": NaN,
        "Basic Average Shares": NaN,
        "Diluted EPS": NaN,
        "Basic EPS": NaN,
        "Diluted NI Availto Com Stockholders": NaN,
        "Net Income Common Stockholders": NaN,
        "Net Income": NaN,
        "Net Income Including Noncontrolling Interests": NaN,
        "Net Income Continuous Operations": NaN,
        "Pretax Income": NaN,
        "Other Income Expense": NaN,
        "Special Income Charges": 0.0,
        "Restructuring And Mergern Acquisition": 0.0,
        "Net Non Operating Interest Income Expense": NaN,
        "Interest Expense Non Operating": NaN,
        "Interest Income Non Operating": NaN,
        "Operating Income": NaN,
        "Operating Expense": NaN,
        "Research And Development": NaN,
        "Selling General And Administration": NaN,
        "General And Administrative Expense": NaN,
        "Other Gand A": NaN,
        "Total Revenue": NaN,
        "Operating Revenue": NaN
    },
    "2024-09-30": {
        "Tax Effect Of Unusual Items": 0.0,
        "Tax Rate For Calcs": 0.0,
        "Normalized EBITDA": -63859000.0,
        "Total Unusual Items": NaN,
        "Total Unusual Items Excluding Goodwill": NaN,
        "Net Income From Continuing Operation Net Minority Interest": -66719000.0,
        "Reconciled Depreciation": 2389000.0,
        "EBITDA": -63859000.0,
        "EBIT": -66248000.0,
        "Net Interest Income": 2705000.0,
        "Interest Expense": 471000.0,
        "Interest Income": 3176000.0,
        "Normalized Income": -66719000.0,
        "Net Income From Continuing And Discontinued Operation": -66719000.0,
        "Total Expenses": 69424000.0,
        "Total Operating Income As Reported": -69424000.0,
        "Diluted Average Shares": 94158491.0,
        "Basic Average Shares": 94158491.0,
        "Diluted EPS": -0.71,
        "Basic EPS": -0.71,
        "Diluted NI Availto Com Stockholders": -66719000.0,
        "Net Income Common Stockholders": -66719000.0,
        "Net Income": -66719000.0,
        "Net Income Including Noncontrolling Interests": -66719000.0,
        "Net Income Continuous Operations": -66719000.0,
        "Pretax Income": -66719000.0,
        "Other Income Expense": NaN,
        "Special Income Charges": NaN,
        "Restructuring And Mergern Acquisition": NaN,
        "Net Non Operating Interest Income Expense": 2705000.0,
        "Interest Expense Non Operating": 471000.0,
        "Interest Income Non Operating": 3176000.0,
        "Operating Income": -69424000.0,
        "Operating Expense": 69424000.0,
        "Research And Development": 42315000.0,
        "Selling General And Administration": 27109000.0,
        "General And Administrative Expense": 27109000.0,
        "Other Gand A": 27109000.0,
        "Total Revenue": 0.0,
        "Operating Revenue": 0.0
    },
    "2024-12-31": {
        "Tax Effect Of Unusual Items": 0.0,
        "Tax Rate For Calcs": 0.0,
        "Normalized EBITDA": -57493000.0,
        "Total Unusual Items": NaN,
        "Total Unusual Items Excluding Goodwill": NaN,
        "Net Income From Continuing Operation Net Minority Interest": -60327000.0,
        "Reconciled Depreciation": 2361000.0,
        "EBITDA": -57493000.0,
        "EBIT": -59854000.0,
        "Net Interest Income": 2367000.0,
        "Interest Expense": 473000.0,
        "Interest Income": 2840000.0,
        "Normalized Income": -60327000.0,
        "Net Income From Continuing And Discontinued Operation": -60327000.0,
        "Total Expenses": 62694000.0,
        "Total Operating Income As Reported": -62694000.0,
        "Diluted Average Shares": 97530032.0,
        "Basic Average Shares": 97530032.0,
        "Diluted EPS": -0.62,
        "Basic EPS": -0.62,
        "Diluted NI Availto Com Stockholders": -60327000.0,
        "Net Income Common Stockholders": -60327000.0,
        "Net Income": -60327000.0,
        "Net Income Including Noncontrolling Interests": -60327000.0,
        "Net Income Continuous Operations": -60327000.0,
        "Pretax Income": -60327000.0,
        "Other Income Expense": NaN,
        "Special Income Charges": NaN,
        "Restructuring And Mergern Acquisition": NaN,
        "Net Non Operating Interest Income Expense": 2367000.0,
        "Interest Expense Non Operating": 473000.0,
        "Interest Income Non Operating": 2840000.0,
        "Operating Income": -62694000.0,
        "Operating Expense": 62694000.0,
        "Research And Development": 37357000.0,
        "Selling General And Administration": 25337000.0,
        "General And Administrative Expense": 25337000.0,
        "Other Gand A": 25337000.0,
        "Total Revenue": 0.0,
        "Operating Revenue": 0.0
    },
    "2025-03-31": {
        "Tax Effect Of Unusual Items": 0.0,
        "Tax Rate For Calcs": 0.0,
        "Normalized EBITDA": -57873000.0,
        "Total Unusual Items": NaN,
        "Total Unusual Items Excluding Goodwill": NaN,
        "Net Income From Continuing Operation Net Minority Interest": -61334000.0,
        "Reconciled Depreciation": 2989000.0,
        "EBITDA": -57873000.0,
        "EBIT": -60862000.0,
        "Net Interest Income": 3054000.0,
        "Interest Expense": 472000.0,
        "Interest Income": 3526000.0,
        "Normalized Income": -61334000.0,
        "Net Income From Continuing And Discontinued Operation": -61334000.0,
        "Total Expenses": 64388000.0,
        "Total Operating Income As Reported": -64388000.0,
        "Diluted Average Shares": 110093461.0,
        "Basic Average Shares": 110093461.0,
        "Diluted EPS": -0.56,
        "Basic EPS": -0.56,
        "Diluted NI Availto Com Stockholders": -61334000.0,
        "Net Income Common Stockholders": -61334000.0,
        "Net Income": -61334000.0,
        "Net Income Including Noncontrolling Interests": -61334000.0,
        "Net Income Continuous Operations": -61334000.0,
        "Pretax Income": -61334000.0,
        "Other Income Expense": NaN,
        "Special Income Charges": NaN,
        "Restructuring And Mergern Acquisition": NaN,
        "Net Non Operating Interest Income Expense": 3054000.0,
        "Interest Expense Non Operating": 472000.0,
        "Interest Income Non Operating": 3526000.0,
        "Operating Income": -64388000.0,
        "Operating Expense": 64388000.0,
        "Research And Development": 35942000.0,
        "Selling General And Administration": 28446000.0,
        "General And Administrative Expense": 28446000.0,
        "Other Gand A": 28446000.0,
        "Total Revenue": 0.0,
        "Operating Revenue": 0.0
    },
    "2025-06-30": {
        "Tax Effect Of Unusual Items": 0.0,
        "Tax Rate For Calcs": 0.0,
        "Normalized EBITDA": -62396000.0,
        "Total Unusual Items": -3471000.0,
        "Total Unusual Items Excluding Goodwill": -3471000.0,
        "Net Income From Continuing Operation Net Minority Interest": -68919000.0,
        "Reconciled Depreciation": 2579000.0,
        "EBITDA": -65867000.0,
        "EBIT": -68446000.0,
        "Net Interest Income": 2230000.0,
        "Interest Expense": 473000.0,
        "Interest Income": 2703000.0,
        "Normalized Income": -65448000.0,
        "Net Income From Continuing And Discontinued Operation": -68919000.0,
        "Total Expenses": 67678000.0,
        "Total Operating Income As Reported": -71149000.0,
        "Diluted Average Shares": 111019647.0,
        "Basic Average Shares": 111019647.0,
        "Diluted EPS": -0.62,
        "Basic EPS": -0.62,
        "Diluted NI Availto Com Stockholders": -68919000.0,
        "Net Income Common Stockholders": -68919000.0,
        "Net Income": -68919000.0,
        "Net Income Including Noncontrolling Interests": -68919000.0,
        "Net Income Continuous Operations": -68919000.0,
        "Pretax Income": -68919000.0,
        "Other Income Expense": -3471000.0,
        "Special Income Charges": -3471000.0,
        "Restructuring And Mergern Acquisition": 3471000.0,
        "Net Non Operating Interest Income Expense": 2230000.0,
        "Interest Expense Non Operating": 473000.0,
        "Interest Income Non Operating": 2703000.0,
        "Operating Income": -67678000.0,
        "Operating Expense": 67678000.0,
        "Research And Development": 42658000.0,
        "Selling General And Administration": 25020000.0,
        "General And Administrative Expense": 25020000.0,
        "Other Gand A": 25020000.0,
        "Total Revenue": 0.0,
        "Operating Revenue": 0.0
    },
    "2025-09-30": {
        "Tax Effect Of Unusual Items": 0.0,
        "Tax Rate For Calcs": 0.0,
        "Normalized EBITDA": -46791000.0,
        "Total Unusual Items": 172000.0,
        "Total Unusual Items Excluding Goodwill": 172000.0,
        "Net Income From Continuing Operation Net Minority Interest": -50332000.0,
        "Reconciled Depreciation": 3240000.0,
        "EBITDA": -46619000.0,
        "EBIT": -49859000.0,
        "Net Interest Income": 1915000.0,
        "Interest Expense": 473000.0,
        "Interest Income": 2388000.0,
        "Normalized Income": -50504000.0,
        "Net Income From Continuing And Discontinued Operation": -50332000.0,
        "Total Expenses": 52419000.0,
        "Total Operating Income As Reported": -52247000.0,
        "Diluted Average Shares": 111571136.0,
        "Basic Average Shares": 111571136.0,
        "Diluted EPS": -0.45,
        "Basic EPS": -0.45,
        "Diluted NI Availto Com Stockholders": -50332000.0,
        "Net Income Common Stockholders": -50332000.0,
        "Net Income": -50332000.0,
        "Net Income Including Noncontrolling Interests": -50332000.0,
        "Net Income Continuous Operations": -50332000.0,
        "Pretax Income": -50332000.0,
        "Other Income Expense": 172000.0,
        "Special Income Charges": 172000.0,
        "Restructuring And Mergern Acquisition": -172000.0,
        "Net Non Operating Interest Income Expense": 1915000.0,
        "Interest Expense Non Operating": 473000.0,
        "Interest Income Non Operating": 2388000.0,
        "Operating Income": -52419000.0,
        "Operating Expense": 52419000.0,
        "Research And Development": 34068000.0,
        "Selling General And Administration": 18351000.0,
        "General And Administrative Expense": 18351000.0,
        "Other Gand A": 18351000.0,
        "Total Revenue": 0.0,
        "Operating Revenue": 0.0
    }
}