{
    "2023-06-30": {
        "Tax Effect Of Unusual Items": NaN,
        "Tax Rate For Calcs": NaN,
        "Normalized EBITDA": NaN,
        "Total Unusual Items": 42014000.0,
        "Total Unusual Items Excluding Goodwill": 42014000.0,
        "Net Income From Continuing Operation Net Minority Interest": NaN,
        "Reconciled Depreciation": NaN,
        "Reconciled Cost Of Revenue": NaN,
        "EBITDA": NaN,
        "EBIT": NaN,
        "Net Interest Income": NaN,
        "Interest Expense": NaN,
        "Interest Income": NaN,
        "Normalized Income": NaN,
        "Net Income From Continuing And Discontinued Operation": NaN,
        "Total Expenses": NaN,
        "Total Operating Income As Reported": NaN,
        "Diluted Average Shares": NaN,
        "Basic Average Shares": NaN,
        "Diluted EPS": NaN,
        "Basic EPS": NaN,
        "Diluted NI Availto Com Stockholders": NaN,
        "Average Dilution Earnings": NaN,
        "Net Income Common Stockholders": NaN,
        "Net Income": NaN,
        "Minority Interests": NaN,
        "Net Income Including Noncontrolling Interests": NaN,
        "Net Income Continuous Operations": NaN,
        "Pretax Income": NaN,
        "Other Income Expense": NaN,
        "Other Non Operating Income Expenses": NaN,
        "Earnings From Equity Interest": NaN,
        "Gain On Sale Of Security": 42014000.0,
        "Net Non Operating Interest Income Expense": NaN,
        "Interest Expense Non Operating": NaN,
        "Interest Income Non Operating": NaN,
        "Operating Income": NaN,
        "Operating Expense": NaN,
        "Depreciation Amortization Depletion Income Statement": NaN,
        "Depreciation And Amortization In Income Statement": NaN,
        "Selling General And Administration": NaN,
        "Gross Profit": NaN,
        "Cost Of Revenue": NaN,
        "Total Revenue": NaN,
        "Operating Revenue": NaN
    },
    "2023-03-31": {
        "Tax Effect Of Unusual Items": NaN,
        "Tax Rate For Calcs": NaN,
        "Normalized EBITDA": NaN,
        "Total Unusual Items": 20471000.0,
        "Total Unusual Items Excluding Goodwill": 20471000.0,
        "Net Income From Continuing Operation Net Minority Interest": NaN,
        "Reconciled Depreciation": NaN,
        "Reconciled Cost Of Revenue": NaN,
        "EBITDA": NaN,
        "EBIT": NaN,
        "Net Interest Income": NaN,
        "Interest Expense": NaN,
        "Interest Income": NaN,
        "Normalized Income": NaN,
        "Net Income From Continuing And Discontinued Operation": NaN,
        "Total Expenses": NaN,
        "Total Operating Income As Reported": NaN,
        "Diluted Average Shares": NaN,
        "Basic Average Shares": NaN,
        "Diluted EPS": NaN,
        "Basic EPS": NaN,
        "Diluted NI Availto Com Stockholders": NaN,
        "Average Dilution Earnings": NaN,
        "Net Income Common Stockholders": NaN,
        "Net Income": NaN,
        "Minority Interests": NaN,
        "Net Income Including Noncontrolling Interests": NaN,
        "Net Income Continuous Operations": NaN,
        "Pretax Income": NaN,
        "Other Income Expense": NaN,
        "Other Non Operating Income Expenses": NaN,
        "Earnings From Equity Interest": NaN,
        "Gain On Sale Of Security": 20471000.0,
        "Net Non Operating Interest Income Expense": NaN,
        "Interest Expense Non Operating": NaN,
        "Interest Income Non Operating": NaN,
        "Operating Income": NaN,
        "Operating Expense": NaN,
        "Depreciation Amortization Depletion Income Statement": NaN,
        "Depreciation And Amortization In Income Statement": NaN,
        "Selling General And Administration": NaN,
        "Gross Profit": NaN,
        "Cost Of Revenue": NaN,
        "Total Revenue": NaN,
        "Operating Revenue": NaN
    },
    "2022-12-31": {
        "Tax Effect Of Unusual Items": NaN,
        "Tax Rate For Calcs": NaN,
        "Normalized EBITDA": NaN,
        "Total Unusual Items": -1146000.0,
        "Total Unusual Items Excluding Goodwill": -1146000.0,
        "Net Income From Continuing Operation Net Minority Interest": NaN,
        "Reconciled Depreciation": NaN,
        "Reconciled Cost Of Revenue": NaN,
        "EBITDA": NaN,
        "EBIT": NaN,
        "Net Interest Income": NaN,
        "Interest Expense": NaN,
        "Interest Income": NaN,
        "Normalized Income": NaN,
        "Net Income From Continuing And Discontinued Operation": NaN,
        "Total Expenses": NaN,
        "Total Operating Income As Reported": NaN,
        "Diluted Average Shares": NaN,
        "Basic Average Shares": NaN,
        "Diluted EPS": NaN,
        "Basic EPS": NaN,
        "Diluted NI Availto Com Stockholders": NaN,
        "Average Dilution Earnings": NaN,
        "Net Income Common Stockholders": NaN,
        "Net Income": NaN,
        "Minority Interests": NaN,
        "Net Income Including Noncontrolling Interests": NaN,
        "Net Income Continuous Operations": NaN,
        "Pretax Income": NaN,
        "Other Income Expense": NaN,
        "Other Non Operating Income Expenses": NaN,
        "Special Income Charges": -1146000.0,
        "Write Off": 1146000.0,
        "Earnings From Equity Interest": NaN,
        "Gain On Sale Of Security": NaN,
        "Net Non Operating Interest Income Expense": NaN,
        "Interest Expense Non Operating": NaN,
        "Interest Income Non Operating": NaN,
        "Operating Income": NaN,
        "Operating Expense": NaN,
        "Depreciation Amortization Depletion Income Statement": NaN,
        "Depreciation And Amortization In Income Statement": NaN,
        "Selling General And Administration": NaN,
        "Gross Profit": NaN,
        "Cost Of Revenue": NaN,
        "Total Revenue": NaN,
        "Operating Revenue": NaN
    },
    "2022-09-30": {
        "Tax Effect Of Unusual Items": NaN,
        "Tax Rate For Calcs": NaN,
        "Normalized EBITDA": NaN,
        "Total Unusual Items": NaN,
        "Total Unusual Items Excluding Goodwill": NaN,
        "Net Income From Continuing Operation Net Minority Interest": NaN,
        "Reconciled Depreciation": NaN,
        "Reconciled Cost Of Revenue": NaN,
        "EBITDA": NaN,
        "EBIT": NaN,
        "Net Interest Income": NaN,
        "Interest Expense": NaN,
        "Interest Income": NaN,
        "Normalized Income": NaN,
        "Net Income From Continuing And Discontinued Operation": NaN,
        "Total Expenses": NaN,
        "Total Operating Income As Reported": NaN,
        "Diluted Average Shares": NaN,
        "Basic Average Shares": NaN,
        "Diluted EPS": NaN,
        "Basic EPS": NaN,
        "Diluted NI Availto Com Stockholders": NaN,
        "Average Dilution Earnings": NaN,
        "Net Income Common Stockholders": NaN,
        "Net Income": NaN,
        "Minority Interests": NaN,
        "Net Income Including Noncontrolling Interests": NaN,
        "Net Income Continuous Operations": NaN,
        "Pretax Income": NaN,
        "Other Income Expense": NaN,
        "Other Non Operating Income Expenses": NaN,
        "Special Income Charges": -10186000.0,
        "Write Off": 10186000.0,
        "Earnings From Equity Interest": NaN,
        "Gain On Sale Of Security": 73997000.0,
        "Net Non Operating Interest Income Expense": NaN,
        "Interest Expense Non Operating": NaN,
        "Interest Income Non Operating": NaN,
        "Operating Income": NaN,
        "Operating Expense": NaN,
        "Depreciation Amortization Depletion Income Statement": NaN,
        "Depreciation And Amortization In Income Statement": NaN,
        "Selling General And Administration": NaN,
        "Gross Profit": NaN,
        "Cost Of Revenue": NaN,
        "Total Revenue": NaN,
        "Operating Revenue": NaN
    },
    "2022-06-30": {
        "Tax Effect Of Unusual Items": 0.0,
        "Tax Rate For Calcs": 0.0,
        "Normalized EBITDA": 121723000.0,
        "Total Unusual Items": 10943000.0,
        "Total Unusual Items Excluding Goodwill": 10943000.0,
        "Net Income From Continuing Operation Net Minority Interest": -521582000.0,
        "Reconciled Depreciation": 351542000.0,
        "Reconciled Cost Of Revenue": 1690862000.0,
        "EBITDA": 132666000.0,
        "EBIT": -218876000.0,
        "Net Interest Income": -296216000.0,
        "Interest Expense": 302706000.0,
        "Interest Income": 6490000.0,
        "Normalized Income": -532525000.0,
        "Net Income From Continuing And Discontinued Operation": -521582000.0,
        "Total Expenses": 2413829000.0,
        "Total Operating Income As Reported": -218644000.0,
        "Diluted Average Shares": 254964000.0,
        "Basic Average Shares": 254964000.0,
        "Diluted EPS": -2.05,
        "Basic EPS": -2.05,
        "Diluted NI Availto Com Stockholders": -521582000.0,
        "Average Dilution Earnings": NaN,
        "Net Income Common Stockholders": -521582000.0,
        "Net Income": -521582000.0,
        "Minority Interests": NaN,
        "Net Income Including Noncontrolling Interests": -521582000.0,
        "Net Income Continuous Operations": -521582000.0,
        "Pretax Income": -521582000.0,
        "Other Income Expense": 4221000.0,
        "Other Non Operating Income Expenses": 6457000.0,
        "Special Income Charges": 10943000.0,
        "Write Off": -10943000.0,
        "Earnings From Equity Interest": -13179000.0,
        "Gain On Sale Of Security": NaN,
        "Net Non Operating Interest Income Expense": -296216000.0,
        "Interest Expense Non Operating": 302706000.0,
        "Interest Income Non Operating": 6490000.0,
        "Operating Income": -229587000.0,
        "Operating Expense": 722967000.0,
        "Depreciation Amortization Depletion Income Statement": 351542000.0,
        "Depreciation And Amortization In Income Statement": 351542000.0,
        "Selling General And Administration": 371425000.0,
        "Gross Profit": 493380000.0,
        "Cost Of Revenue": 1690862000.0,
        "Total Revenue": 2184242000.0,
        "Operating Revenue": 2184242000.0
    },
    "2022-03-31": {
        "Diluted EPS": -4.58,
        "Total Revenue": NaN,
        "Gross Profit": -126,
        "Operating Income": -859,
        "EBIT": -477,
        "Net Income": NaN
    },
    "2021-12-31": {
        "Diluted EPS": -5.35,
        "Total Revenue": 982,
        "Gross Profit": -153,
        "Operating Income": NaN,
        "EBIT": -638,
        "Net Income": NaN
    },
    "2021-09-30": {
        "Diluted EPS": -5.59,
        "Total Revenue": 457,
        "Gross Profit": -357,
        "Operating Income": NaN,
        "EBIT": -621,
        "Net Income": NaN
    },
    "2021-06-30": {
        "Diluted EPS": -5.29,
        "Total Revenue": 51,
        "Gross Profit": -374,
        "Operating Income": NaN,
        "EBIT": -636,
        "Net Income": NaN
    },
    "2021-03-31": {
        "Diluted EPS": -4.66,
        "Total Revenue": 42,
        "Gross Profit": -241,
        "Operating Income": -809,
        "EBIT": -434,
        "Net Income": NaN
    },
    "2020-12-31": {
        "Diluted EPS": -6.02,
        "Total Revenue": 34,
        "Gross Profit": -231,
        "Operating Income": NaN,
        "EBIT": -634,
        "Net Income": NaN
    },
    "2020-09-30": {
        "Diluted EPS": -6.29,
        "Total Revenue": -34,
        "Gross Profit": -342,
        "Operating Income": -996,
        "EBIT": -623,
        "Net Income": NaN
    },
    "2020-06-30": {
        "Diluted EPS": -7.83,
        "Total Revenue": 176,
        "Gross Profit": -505,
        "Operating Income": NaN,
        "EBIT": -944,
        "Net Income": NaN
    },
    "2020-03-31": {
        "Diluted EPS": -6.91,
        "Total Revenue": NaN,
        "Gross Profit": 522,
        "Operating Income": NaN,
        "EBIT": -966,
        "Net Income": NaN
    },
    "2019-12-31": {
        "Diluted EPS": 1.31,
        "Total Revenue": NaN,
        "Gross Profit": NaN,
        "Operating Income": 299,
        "EBIT": 637,
        "Net Income": 273
    },
    "2019-09-30": {
        "Diluted EPS": 4.2,
        "Total Revenue": NaN,
        "Gross Profit": NaN,
        "Operating Income": 891,
        "EBIT": NaN,
        "Net Income": 883
    },
    "2019-06-30": {
        "Diluted EPS": 2.25,
        "Total Revenue": NaN,
        "Gross Profit": NaN,
        "Operating Income": 574,
        "EBIT": 904,
        "Net Income": 473
    },
    "2019-03-31": {
        "Diluted EPS": 1.19,
        "Total Revenue": NaN,
        "Gross Profit": NaN,
        "Operating Income": 319,
        "EBIT": 629,
        "Net Income": 250
    },
    "2018-12-31": {
        "Diluted EPS": 1.49,
        "Total Revenue": NaN,
        "Gross Profit": 972,
        "Operating Income": 364,
        "EBIT": 662,
        "Net Income": 316
    },
    "2018-09-30": {
        "Diluted EPS": 3.86,
        "Total Revenue": NaN,
        "Gross Profit": NaN,
        "Operating Income": 800,
        "EBIT": NaN,
        "Net Income": 810
    },
    "2018-06-30": {
        "Diluted EPS": 2.19,
        "Total Revenue": NaN,
        "Gross Profit": NaN,
        "Operating Income": 457,
        "EBIT": 716,
        "Net Income": 466
    },
    "2018-03-31": {
        "Diluted EPS": 1.02,
        "Total Revenue": NaN,
        "Gross Profit": 852,
        "Operating Income": 274,
        "EBIT": 524,
        "Net Income": 219
    },
    "2017-12-31": {
        "Diluted EPS": 1.34,
        "Total Revenue": NaN,
        "Gross Profit": 859,
        "Operating Income": 307,
        "EBIT": 556,
        "Net Income": 288
    },
    "2017-09-30": {
        "Diluted EPS": 3.49,
        "Total Revenue": NaN,
        "Gross Profit": NaN,
        "Operating Income": 737,
        "EBIT": 989,
        "Net Income": 753
    },
    "2017-06-30": {
        "Diluted EPS": 1.71,
        "Total Revenue": NaN,
        "Gross Profit": 938,
        "Operating Income": 420,
        "EBIT": 667,
        "Net Income": 370
    },
    "2017-03-31": {
        "Diluted EPS": 0.99,
        "Total Revenue": NaN,
        "Gross Profit": 833,
        "Operating Income": 280,
        "EBIT": 529,
        "Net Income": 215
    },
    "2016-12-31": {
        "Diluted EPS": 1.2,
        "Total Revenue": NaN,
        "Gross Profit": 786,
        "Operating Income": 297,
        "EBIT": 543,
        "Net Income": 261
    },
    "2016-09-30": {
        "Diluted EPS": 3.21,
        "Total Revenue": NaN,
        "Gross Profit": NaN,
        "Operating Income": 735,
        "EBIT": 978,
        "Net Income": 693
    },
    "2016-06-30": {
        "Diluted EPS": 1.06,
        "Total Revenue": NaN,
        "Gross Profit": 795,
        "Operating Income": 282,
        "EBIT": 517,
        "Net Income": 230
    },
    "2016-03-31": {
        "Diluted EPS": 0.46,
        "Total Revenue": NaN,
        "Gross Profit": 676,
        "Operating Income": 163,
        "EBIT": 386,
        "Net Income": 99
    },
    "2015-12-31": {
        "Diluted EPS": 0.95,
        "Total Revenue": NaN,
        "Gross Profit": 729,
        "Operating Income": 250,
        "EBIT": 511,
        "Net Income": 207
    },
    "2015-09-30": {
        "Diluted EPS": 1.03,
        "Total Revenue": NaN,
        "Gross Profit": NaN,
        "Operating Income": 258,
        "EBIT": 469,
        "Net Income": 229
    },
    "2015-06-30": {
        "Diluted EPS": 0.84,
        "Total Revenue": NaN,
        "Gross Profit": 742,
        "Operating Income": 261,
        "EBIT": 468,
        "Net Income": 185
    },
    "2015-03-31": {
        "Diluted EPS": 0.2,
        "Total Revenue": NaN,
        "Gross Profit": 593,
        "Operating Income": 106,
        "EBIT": 306,
        "Net Income": 45
    },
    "2014-12-31": {
        "Diluted EPS": 0.5,
        "Total Revenue": NaN,
        "Gross Profit": 573,
        "Operating Income": 119,
        "EBIT": 368,
        "Net Income": 110
    },
    "2014-09-30": {
        "Diluted EPS": 2.19,
        "Total Revenue": NaN,
        "Gross Profit": 962,
        "Operating Income": 529,
        "EBIT": 722,
        "Net Income": 490
    },
    "2014-06-30": {
        "Diluted EPS": 0.62,
        "Total Revenue": NaN,
        "Gross Profit": 649,
        "Operating Income": 196,
        "EBIT": 388,
        "Net Income": 138
    },
    "2014-03-31": {
        "Diluted EPS": 0.12,
        "Total Revenue": NaN,
        "Gross Profit": 583,
        "Operating Income": 97,
        "EBIT": 291,
        "Net Income": 26
    },
    "2013-12-31": {
        "Diluted EPS": 0.03,
        "Total Revenue": NaN,
        "Gross Profit": 571,
        "Operating Income": 75,
        "EBIT": 266,
        "Net Income": 7
    },
    "2013-09-30": {
        "Diluted EPS": 1.65,
        "Total Revenue": NaN,
        "Gross Profit": 895,
        "Operating Income": 444,
        "EBIT": 633,
        "Net Income": 366
    },
    "2013-06-30": {
        "Diluted EPS": 0.11,
        "Total Revenue": NaN,
        "Gross Profit": 559,
        "Operating Income": 113,
        "EBIT": 300,
        "Net Income": 25
    },
    "2013-03-31": {
        "Diluted EPS": 0.35,
        "Total Revenue": NaN,
        "Gross Profit": 629,
        "Operating Income": 166,
        "EBIT": 355,
        "Net Income": 76
    },
    "2012-12-31": {
        "Diluted EPS": -1.79,
        "Total Revenue": NaN,
        "Gross Profit": 548,
        "Operating Income": -281,
        "EBIT": -93,
        "Net Income": -393
    },
    "2012-09-30": {
        "Diluted EPS": 1.68,
        "Total Revenue": NaN,
        "Gross Profit": 878,
        "Operating Income": 452,
        "EBIT": 634,
        "Net Income": 368
    },
    "2012-06-30": {
        "Diluted EPS": -0.02,
        "Total Revenue": NaN,
        "Gross Profit": 525,
        "Operating Income": 97,
        "EBIT": 277,
        "Net Income": -4
    },
    "2012-03-31": {
        "Diluted EPS": 0.21,
        "Total Revenue": NaN,
        "Gross Profit": 579,
        "Operating Income": 135,
        "EBIT": 315,
        "Net Income": 47
    },
    "2011-12-31": {
        "Diluted EPS": 0.16,
        "Total Revenue": NaN,
        "Gross Profit": 525,
        "Operating Income": 106,
        "EBIT": 286,
        "Net Income": 37
    },
    "2011-09-30": {
        "Diluted EPS": 1.82,
        "Total Revenue": NaN,
        "Gross Profit": 917,
        "Operating Income": 508,
        "EBIT": 685,
        "Net Income": 399
    },
    "2011-06-30": {
        "Diluted EPS": 0.43,
        "Total Revenue": NaN,
        "Gross Profit": 582,
        "Operating Income": 168,
        "EBIT": 340,
        "Net Income": 93
    },
    "2011-03-31": {
        "Diluted EPS": 0.36,
        "Total Revenue": NaN,
        "Gross Profit": 571,
        "Operating Income": 150,
        "EBIT": 323,
        "Net Income": 78
    },
    "2010-12-31": {
        "Diluted EPS": 0.11,
        "Total Revenue": NaN,
        "Gross Profit": 498,
        "Operating Income": 122,
        "EBIT": 286,
        "Net Income": 24
    },
    "2010-09-30": {
        "Diluted EPS": 1.61,
        "Total Revenue": NaN,
        "Gross Profit": 821,
        "Operating Income": 446,
        "EBIT": 608,
        "Net Income": 350
    },
    "2010-06-30": {
        "Diluted EPS": 0.25,
        "Total Revenue": NaN,
        "Gross Profit": 516,
        "Operating Income": 144,
        "EBIT": 304,
        "Net Income": 54
    },
    "2010-03-31": {
        "Diluted EPS": 0.4,
        "Total Revenue": NaN,
        "Gross Profit": 460,
        "Operating Income": 92,
        "EBIT": 249,
        "Net Income": 87
    },
    "2009-12-31": {
        "Diluted EPS": -0.03,
        "Total Revenue": NaN,
        "Gross Profit": 414,
        "Operating Income": 82,
        "EBIT": 229,
        "Net Income": -7
    },
    "2009-09-30": {
        "Diluted EPS": 1.07,
        "Total Revenue": NaN,
        "Gross Profit": 647,
        "Operating Income": 307,
        "EBIT": 451,
        "Net Income": 230
    },
    "2009-06-30": {
        "Diluted EPS": -0.16,
        "Total Revenue": NaN,
        "Gross Profit": 384,
        "Operating Income": 55,
        "EBIT": 193,
        "Net Income": -35
    },
    "2009-03-31": {
        "Diluted EPS": -0.17,
        "Total Revenue": NaN,
        "Gross Profit": 373,
        "Operating Income": 44,
        "EBIT": 184,
        "Net Income": -36
    },
    "2023-09-30": {
        "Tax Effect Of Unusual Items": NaN,
        "Tax Rate For Calcs": NaN,
        "Normalized EBITDA": NaN,
        "Total Unusual Items": 86627000.0,
        "Total Unusual Items Excluding Goodwill": 86627000.0,
        "Net Income From Continuing Operation Net Minority Interest": NaN,
        "Reconciled Depreciation": NaN,
        "Reconciled Cost Of Revenue": NaN,
        "EBITDA": NaN,
        "EBIT": NaN,
        "Net Interest Income": NaN,
        "Interest Expense": NaN,
        "Interest Income": NaN,
        "Normalized Income": NaN,
        "Net Income From Continuing And Discontinued Operation": NaN,
        "Total Expenses": NaN,
        "Total Operating Income As Reported": NaN,
        "Diluted Average Shares": NaN,
        "Basic Average Shares": NaN,
        "Diluted EPS": NaN,
        "Basic EPS": NaN,
        "Diluted NI Availto Com Stockholders": NaN,
        "Average Dilution Earnings": NaN,
        "Net Income Common Stockholders": NaN,
        "Net Income": NaN,
        "Minority Interests": NaN,
        "Net Income Including Noncontrolling Interests": NaN,
        "Net Income Continuous Operations": NaN,
        "Pretax Income": NaN,
        "Other Income Expense": NaN,
        "Other Non Operating Income Expenses": NaN,
        "Earnings From Equity Interest": NaN,
        "Gain On Sale Of Security": 86627000.0,
        "Net Non Operating Interest Income Expense": NaN,
        "Interest Expense Non Operating": NaN,
        "Interest Income Non Operating": NaN,
        "Operating Income": NaN,
        "Operating Expense": NaN,
        "Depreciation Amortization Depletion Income Statement": NaN,
        "Depreciation And Amortization In Income Statement": NaN,
        "Selling General And Administration": NaN,
        "Gross Profit": NaN,
        "Cost Of Revenue": NaN,
        "Total Revenue": NaN,
        "Operating Revenue": NaN
    },
    "2023-12-31": {
        "Tax Effect Of Unusual Items": NaN,
        "Tax Rate For Calcs": NaN,
        "Normalized EBITDA": NaN,
        "Total Unusual Items": 50888000.0,
        "Total Unusual Items Excluding Goodwill": 50888000.0,
        "Net Income From Continuing Operation Net Minority Interest": NaN,
        "Reconciled Depreciation": NaN,
        "Reconciled Cost Of Revenue": NaN,
        "EBITDA": NaN,
        "EBIT": NaN,
        "Net Interest Income": NaN,
        "Interest Expense": NaN,
        "Interest Income": NaN,
        "Normalized Income": NaN,
        "Net Income From Continuing And Discontinued Operation": NaN,
        "Total Expenses": NaN,
        "Total Operating Income As Reported": NaN,
        "Diluted Average Shares": NaN,
        "Basic Average Shares": NaN,
        "Diluted EPS": NaN,
        "Basic EPS": NaN,
        "Diluted NI Availto Com Stockholders": NaN,
        "Average Dilution Earnings": NaN,
        "Net Income Common Stockholders": NaN,
        "Net Income": NaN,
        "Minority Interests": NaN,
        "Net Income Including Noncontrolling Interests": NaN,
        "Net Income Continuous Operations": NaN,
        "Pretax Income": NaN,
        "Other Income Expense": NaN,
        "Other Non Operating Income Expenses": NaN,
        "Earnings From Equity Interest": NaN,
        "Gain On Sale Of Security": 50888000.0,
        "Net Non Operating Interest Income Expense": NaN,
        "Interest Expense Non Operating": NaN,
        "Interest Income Non Operating": NaN,
        "Operating Income": NaN,
        "Operating Expense": NaN,
        "Depreciation Amortization Depletion Income Statement": NaN,
        "Depreciation And Amortization In Income Statement": NaN,
        "Selling General And Administration": NaN,
        "Gross Profit": NaN,
        "Cost Of Revenue": NaN,
        "Total Revenue": NaN,
        "Operating Revenue": NaN
    },
    "2024-03-31": {
        "Tax Effect Of Unusual Items": 0.0,
        "Tax Rate For Calcs": 0.21,
        "Normalized EBITDA": 1175000000.0,
        "Total Unusual Items": NaN,
        "Total Unusual Items Excluding Goodwill": NaN,
        "Net Income From Continuing Operation Net Minority Interest": 360000000.0,
        "Reconciled Depreciation": 387000000.0,
        "Reconciled Cost Of Revenue": 2056000000.0,
        "EBITDA": 1175000000.0,
        "EBIT": 788000000.0,
        "Net Interest Income": -419000000.0,
        "Interest Expense": 424000000.0,
        "Interest Income": 5000000.0,
        "Normalized Income": 360000000.0,
        "Net Income From Continuing And Discontinued Operation": 360000000.0,
        "Total Expenses": 2978000000.0,
        "Total Operating Income As Reported": 750000000.0,
        "Diluted Average Shares": 281000000.0,
        "Basic Average Shares": 257000000.0,
        "Diluted EPS": 1.35,
        "Basic EPS": 1.4,
        "Diluted NI Availto Com Stockholders": 379000000.0,
        "Average Dilution Earnings": 19000000.0,
        "Net Income Common Stockholders": 360000000.0,
        "Net Income": 360000000.0,
        "Minority Interests": -4000000.0,
        "Net Income Including Noncontrolling Interests": 364000000.0,
        "Net Income Continuous Operations": 364000000.0,
        "Pretax Income": 364000000.0,
        "Other Income Expense": 33000000.0,
        "Other Non Operating Income Expenses": -8000000.0,
        "Earnings From Equity Interest": 41000000.0,
        "Gain On Sale Of Security": NaN,
        "Net Non Operating Interest Income Expense": -419000000.0,
        "Interest Expense Non Operating": 424000000.0,
        "Interest Income Non Operating": 5000000.0,
        "Operating Income": 750000000.0,
        "Operating Expense": 922000000.0,
        "Depreciation Amortization Depletion Income Statement": 387000000.0,
        "Depreciation And Amortization In Income Statement": 387000000.0,
        "Selling General And Administration": 535000000.0,
        "Gross Profit": 1672000000.0,
        "Cost Of Revenue": 2056000000.0,
        "Total Revenue": 3728000000.0,
        "Operating Revenue": 3728000000.0
    },
    "2024-06-30": {
        "Tax Effect Of Unusual Items": 0.0,
        "Tax Rate For Calcs": 0.21,
        "Normalized EBITDA": 1549000000.0,
        "Net Income From Continuing Operation Net Minority Interest": 854000000.0,
        "Reconciled Depreciation": 393000000.0,
        "Reconciled Cost Of Revenue": 2152000000.0,
        "EBITDA": 1549000000.0,
        "EBIT": 1156000000.0,
        "Net Interest Income": -294000000.0,
        "Interest Expense": 298000000.0,
        "Interest Income": 4000000.0,
        "Normalized Income": 854000000.0,
        "Net Income From Continuing And Discontinued Operation": 854000000.0,
        "Total Expenses": 3011000000.0,
        "Total Operating Income As Reported": 1099000000.0,
        "Diluted Average Shares": 281000000.0,
        "Basic Average Shares": 257000000.0,
        "Diluted EPS": 3.11,
        "Basic EPS": 3.32,
        "Diluted NI Availto Com Stockholders": 873000000.0,
        "Average Dilution Earnings": 19000000.0,
        "Net Income Common Stockholders": 854000000.0,
        "Net Income": 854000000.0,
        "Minority Interests": -4000000.0,
        "Net Income Including Noncontrolling Interests": 858000000.0,
        "Net Income Continuous Operations": 858000000.0,
        "Pretax Income": 858000000.0,
        "Other Income Expense": 53000000.0,
        "Other Non Operating Income Expenses": -3000000.0,
        "Earnings From Equity Interest": 56000000.0,
        "Net Non Operating Interest Income Expense": -294000000.0,
        "Interest Expense Non Operating": 298000000.0,
        "Interest Income Non Operating": 4000000.0,
        "Operating Income": 1099000000.0,
        "Operating Expense": 859000000.0,
        "Depreciation Amortization Depletion Income Statement": 393000000.0,
        "Depreciation And Amortization In Income Statement": 393000000.0,
        "Selling General And Administration": 466000000.0,
        "Gross Profit": 1958000000.0,
        "Cost Of Revenue": 2152000000.0,
        "Total Revenue": 4110000000.0,
        "Operating Revenue": 4110000000.0
    },
    "2024-09-30": {
        "Tax Effect Of Unusual Items": 0.0,
        "Tax Rate For Calcs": 0.21,
        "Normalized EBITDA": 2128000000.0,
        "Net Income From Continuing Operation Net Minority Interest": 1111000000.0,
        "Reconciled Depreciation": 410000000.0,
        "Reconciled Cost Of Revenue": 2391000000.0,
        "EBITDA": 2128000000.0,
        "EBIT": 1718000000.0,
        "Net Interest Income": -599000000.0,
        "Interest Expense": 603000000.0,
        "Interest Income": 4000000.0,
        "Normalized Income": 1111000000.0,
        "Net Income From Continuing And Discontinued Operation": 1111000000.0,
        "Total Expenses": 3252000000.0,
        "Total Operating Income As Reported": 1634000000.0,
        "Diluted Average Shares": 264000000.0,
        "Basic Average Shares": 263000000.0,
        "Diluted EPS": 4.21,
        "Basic EPS": 4.22,
        "Diluted NI Availto Com Stockholders": 1111000000.0,
        "Average Dilution Earnings": 0.0,
        "Net Income Common Stockholders": 1111000000.0,
        "Net Income": 1111000000.0,
        "Minority Interests": -4000000.0,
        "Net Income Including Noncontrolling Interests": 1115000000.0,
        "Net Income Continuous Operations": 1115000000.0,
        "Pretax Income": 1115000000.0,
        "Other Income Expense": 80000000.0,
        "Other Non Operating Income Expenses": -26000000.0,
        "Earnings From Equity Interest": 106000000.0,
        "Net Non Operating Interest Income Expense": -599000000.0,
        "Interest Expense Non Operating": 603000000.0,
        "Interest Income Non Operating": 4000000.0,
        "Operating Income": 1634000000.0,
        "Operating Expense": 861000000.0,
        "Depreciation Amortization Depletion Income Statement": 410000000.0,
        "Depreciation And Amortization In Income Statement": 410000000.0,
        "Selling General And Administration": 451000000.0,
        "Gross Profit": 2495000000.0,
        "Cost Of Revenue": 2391000000.0,
        "Total Revenue": 4886000000.0,
        "Operating Revenue": 4886000000.0
    },
    "2024-12-31": {
        "Tax Effect Of Unusual Items": 0.0,
        "Tax Rate For Calcs": 0.21,
        "Normalized EBITDA": 1236000000.0,
        "Net Income From Continuing Operation Net Minority Interest": 552000000.0,
        "Reconciled Depreciation": 410000000.0,
        "Reconciled Cost Of Revenue": 2052000000.0,
        "EBITDA": 1236000000.0,
        "EBIT": 826000000.0,
        "Net Interest Income": -263000000.0,
        "Interest Expense": 266000000.0,
        "Interest Income": 3000000.0,
        "Normalized Income": 552000000.0,
        "Net Income From Continuing And Discontinued Operation": 552000000.0,
        "Total Expenses": 3135000000.0,
        "Total Operating Income As Reported": 624000000.0,
        "Diluted Average Shares": 277000000.0,
        "Basic Average Shares": 269000000.0,
        "Diluted EPS": 2.06,
        "Basic EPS": 2.06,
        "Diluted NI Availto Com Stockholders": 558000000.0,
        "Average Dilution Earnings": 6000000.0,
        "Net Income Common Stockholders": 552000000.0,
        "Net Income": 552000000.0,
        "Minority Interests": -6000000.0,
        "Net Income Including Noncontrolling Interests": 559000000.0,
        "Net Income Continuous Operations": 560000000.0,
        "Pretax Income": 560000000.0,
        "Other Income Expense": 197000000.0,
        "Other Non Operating Income Expenses": 140000000.0,
        "Earnings From Equity Interest": 57000000.0,
        "Net Non Operating Interest Income Expense": -263000000.0,
        "Interest Expense Non Operating": 266000000.0,
        "Interest Income Non Operating": 3000000.0,
        "Operating Income": 626000000.0,
        "Operating Expense": 1083000000.0,
        "Depreciation Amortization Depletion Income Statement": 410000000.0,
        "Depreciation And Amortization In Income Statement": 410000000.0,
        "Selling General And Administration": 673000000.0,
        "Gross Profit": 1709000000.0,
        "Cost Of Revenue": 2052000000.0,
        "Total Revenue": 3761000000.0,
        "Operating Revenue": 3761000000.0
    },
    "2025-03-31": {
        "Tax Effect Of Unusual Items": 0.0,
        "Tax Rate For Calcs": 0.21,
        "Normalized EBITDA": 1398000000.0,
        "Net Income From Continuing Operation Net Minority Interest": 730000000.0,
        "Reconciled Depreciation": 412000000.0,
        "Reconciled Cost Of Revenue": 2078000000.0,
        "EBITDA": 1398000000.0,
        "EBIT": 986000000.0,
        "Net Interest Income": -247000000.0,
        "Interest Expense": 249000000.0,
        "Interest Income": 2000000.0,
        "Normalized Income": 730000000.0,
        "Net Income From Continuing And Discontinued Operation": 730000000.0,
        "Total Expenses": 3052000000.0,
        "Total Operating Income As Reported": 945000000.0,
        "Diluted Average Shares": 276000000.0,
        "Basic Average Shares": 269000000.0,
        "Diluted EPS": 2.7,
        "Basic EPS": 2.71,
        "Diluted NI Availto Com Stockholders": 745000000.0,
        "Average Dilution Earnings": 15000000.0,
        "Net Income Common Stockholders": 730000000.0,
        "Net Income": 730000000.0,
        "Minority Interests": -6000000.0,
        "Net Income Including Noncontrolling Interests": 736000000.0,
        "Net Income Continuous Operations": 737000000.0,
        "Pretax Income": 737000000.0,
        "Other Income Expense": 37000000.0,
        "Other Non Operating Income Expenses": -11000000.0,
        "Earnings From Equity Interest": 48000000.0,
        "Net Non Operating Interest Income Expense": -247000000.0,
        "Interest Expense Non Operating": 249000000.0,
        "Interest Income Non Operating": 2000000.0,
        "Operating Income": 947000000.0,
        "Operating Expense": 974000000.0,
        "Depreciation Amortization Depletion Income Statement": 412000000.0,
        "Depreciation And Amortization In Income Statement": 412000000.0,
        "Selling General And Administration": 562000000.0,
        "Gross Profit": 1921000000.0,
        "Cost Of Revenue": 2078000000.0,
        "Total Revenue": 3999000000.0,
        "Operating Revenue": 3999000000.0
    },
    "2025-06-30": {
        "Tax Effect Of Unusual Items": 0.0,
        "Tax Rate For Calcs": 0.21,
        "Normalized EBITDA": 1860000000.0,
        "Net Income From Continuing Operation Net Minority Interest": 1210000000.0,
        "Reconciled Depreciation": 417000000.0,
        "Reconciled Cost Of Revenue": 2283000000.0,
        "EBITDA": 1860000000.0,
        "EBIT": 1443000000.0,
        "Net Interest Income": -216000000.0,
        "Interest Expense": 228000000.0,
        "Interest Income": 12000000.0,
        "Normalized Income": 1210000000.0,
        "Net Income From Continuing And Discontinued Operation": 1210000000.0,
        "Total Expenses": 3208000000.0,
        "Total Operating Income As Reported": 1329000000.0,
        "Diluted Average Shares": 275000000.0,
        "Basic Average Shares": 272000000.0,
        "Diluted EPS": 4.41,
        "Basic EPS": 4.45,
        "Diluted NI Availto Com Stockholders": 1211000000.0,
        "Average Dilution Earnings": 1000000.0,
        "Net Income Common Stockholders": 1210000000.0,
        "Net Income": 1210000000.0,
        "Minority Interests": -5000000.0,
        "Net Income Including Noncontrolling Interests": 1214000000.0,
        "Net Income Continuous Operations": 1215000000.0,
        "Pretax Income": 1215000000.0,
        "Other Income Expense": 101000000.0,
        "Other Non Operating Income Expenses": -6000000.0,
        "Earnings From Equity Interest": 107000000.0,
        "Net Non Operating Interest Income Expense": -216000000.0,
        "Interest Expense Non Operating": 228000000.0,
        "Interest Income Non Operating": 12000000.0,
        "Operating Income": 1330000000.0,
        "Operating Expense": 925000000.0,
        "Depreciation Amortization Depletion Income Statement": 417000000.0,
        "Depreciation And Amortization In Income Statement": 417000000.0,
        "Selling General And Administration": 508000000.0,
        "Gross Profit": 2255000000.0,
        "Cost Of Revenue": 2283000000.0,
        "Total Revenue": 4538000000.0,
        "Operating Revenue": 4538000000.0
    }
}