{
    "2023-03-31": {
        "Tax Effect Of Unusual Items": 0.0,
        "Tax Rate For Calcs": 0.23,
        "Normalized EBITDA": 111147000.0,
        "Net Income From Continuing Operation Net Minority Interest": 50241000.0,
        "Reconciled Depreciation": 60485000.0,
        "Reconciled Cost Of Revenue": 1612000.0,
        "EBITDA": 111147000.0,
        "EBIT": 50662000.0,
        "Net Interest Income": 21161000.0,
        "Interest Expense": 421000.0,
        "Interest Income": 21582000.0,
        "Normalized Income": 50241000.0,
        "Net Income From Continuing And Discontinued Operation": 50241000.0,
        "Total Expenses": -25481000.0,
        "Total Operating Income As Reported": 29080000.0,
        "Diluted Average Shares": 2512050.0,
        "Basic Average Shares": 2512050.0,
        "Diluted EPS": 20.0,
        "Basic EPS": 20.0,
        "Diluted NI Availto Com Stockholders": 50241000.0,
        "Net Income Common Stockholders": 50241000.0,
        "Net Income": 50241000.0,
        "Net Income Including Noncontrolling Interests": 50241000.0,
        "Net Income Continuous Operations": 50241000.0,
        "Pretax Income": 50241000.0,
        "Net Non Operating Interest Income Expense": 21161000.0,
        "Interest Expense Non Operating": 421000.0,
        "Interest Income Non Operating": 21582000.0,
        "Operating Income": 29080000.0,
        "Operating Expense": -27093000.0,
        "Other Operating Expenses": -39084000.0,
        "Research And Development": 1084000.0,
        "Selling General And Administration": 10907000.0,
        "Selling And Marketing Expense": 5110000.0,
        "General And Administrative Expense": 5797000.0,
        "Other Gand A": 5797000.0,
        "Gross Profit": 1987000.0,
        "Cost Of Revenue": 1612000.0,
        "Total Revenue": 3599000.0,
        "Operating Revenue": 3599000.0
    },
    "2022-12-31": {
        "Tax Effect Of Unusual Items": 0.0,
        "Tax Rate For Calcs": 0.0,
        "Normalized EBITDA": -294000.0,
        "Net Income From Continuing Operation Net Minority Interest": -3729000.0,
        "Reconciled Depreciation": 2008000.0,
        "Reconciled Cost Of Revenue": 8598000.0,
        "EBITDA": -294000.0,
        "EBIT": -2302000.0,
        "Net Interest Income": -6205000.0,
        "Interest Expense": 1427000.0,
        "Interest Income": -4722000.0,
        "Normalized Income": -3729000.0,
        "Net Income From Continuing And Discontinued Operation": -3729000.0,
        "Total Expenses": 22746000.0,
        "Total Operating Income As Reported": -9948000.0,
        "Diluted Average Shares": NaN,
        "Basic Average Shares": NaN,
        "Diluted EPS": NaN,
        "Basic EPS": NaN,
        "Diluted NI Availto Com Stockholders": -3729000.0,
        "Net Income Common Stockholders": -3729000.0,
        "Net Income": -3729000.0,
        "Net Income Including Noncontrolling Interests": -3729000.0,
        "Net Income Continuous Operations": -3729000.0,
        "Pretax Income": -3729000.0,
        "Net Non Operating Interest Income Expense": -6205000.0,
        "Interest Expense Non Operating": 1427000.0,
        "Interest Income Non Operating": -4722000.0,
        "Operating Income": -9948000.0,
        "Operating Expense": 14148000.0,
        "Other Operating Expenses": NaN,
        "Research And Development": 1133000.0,
        "Selling General And Administration": 13015000.0,
        "Selling And Marketing Expense": -19869000.0,
        "General And Administrative Expense": 32884000.0,
        "Other Gand A": -1396000.0,
        "Gross Profit": 4200000.0,
        "Cost Of Revenue": 8598000.0,
        "Total Revenue": 12798000.0,
        "Operating Revenue": 12798000.0
    },
    "2022-09-30": {
        "Tax Effect Of Unusual Items": 0.0,
        "Tax Rate For Calcs": 0.0,
        "Normalized EBITDA": -1826000.0,
        "Net Income From Continuing Operation Net Minority Interest": -35701000.0,
        "Reconciled Depreciation": 2092000.0,
        "Reconciled Cost Of Revenue": 9451000.0,
        "EBITDA": -1826000.0,
        "EBIT": -3918000.0,
        "Net Interest Income": -28593000.0,
        "Interest Expense": 31783000.0,
        "Interest Income": 3190000.0,
        "Normalized Income": -35701000.0,
        "Net Income From Continuing And Discontinued Operation": -35701000.0,
        "Total Expenses": 24660000.0,
        "Total Operating Income As Reported": -7108000.0,
        "Diluted Average Shares": 1595920.0,
        "Basic Average Shares": 1595920.0,
        "Diluted EPS": -24.0,
        "Basic EPS": -24.0,
        "Diluted NI Availto Com Stockholders": -35701000.0,
        "Net Income Common Stockholders": -35701000.0,
        "Net Income": -35701000.0,
        "Net Income Including Noncontrolling Interests": -35701000.0,
        "Net Income Continuous Operations": -35701000.0,
        "Pretax Income": -35701000.0,
        "Net Non Operating Interest Income Expense": -28593000.0,
        "Interest Expense Non Operating": 31783000.0,
        "Interest Income Non Operating": 3190000.0,
        "Operating Income": -7108000.0,
        "Operating Expense": 15209000.0,
        "Other Operating Expenses": NaN,
        "Research And Development": 1612000.0,
        "Selling General And Administration": 13597000.0,
        "Selling And Marketing Expense": 7094000.0,
        "General And Administrative Expense": 6503000.0,
        "Other Gand A": 6503000.0,
        "Gross Profit": 8101000.0,
        "Cost Of Revenue": 9451000.0,
        "Total Revenue": 17552000.0,
        "Operating Revenue": 17552000.0
    },
    "2022-06-30": {
        "Tax Effect Of Unusual Items": 0.0,
        "Tax Rate For Calcs": 0.0,
        "Normalized EBITDA": -5581000.0,
        "Net Income From Continuing Operation Net Minority Interest": -11711000.0,
        "Reconciled Depreciation": 1916000.0,
        "Reconciled Cost Of Revenue": 8995000.0,
        "EBITDA": -5581000.0,
        "EBIT": -7497000.0,
        "Net Interest Income": -2552000.0,
        "Interest Expense": 4214000.0,
        "Interest Income": 1662000.0,
        "Normalized Income": -11711000.0,
        "Net Income From Continuing And Discontinued Operation": -11711000.0,
        "Total Expenses": 27505000.0,
        "Total Operating Income As Reported": -9159000.0,
        "Diluted Average Shares": 1420770.0,
        "Basic Average Shares": 1420770.0,
        "Diluted EPS": -8.0,
        "Basic EPS": -8.0,
        "Diluted NI Availto Com Stockholders": -11711000.0,
        "Net Income Common Stockholders": -11711000.0,
        "Net Income": -11711000.0,
        "Net Income Including Noncontrolling Interests": -11711000.0,
        "Net Income Continuous Operations": -11711000.0,
        "Pretax Income": -11711000.0,
        "Net Non Operating Interest Income Expense": -2552000.0,
        "Interest Expense Non Operating": 4214000.0,
        "Interest Income Non Operating": 1662000.0,
        "Operating Income": -9159000.0,
        "Operating Expense": 18510000.0,
        "Other Operating Expenses": NaN,
        "Research And Development": 1472000.0,
        "Selling General And Administration": 17038000.0,
        "Selling And Marketing Expense": 9273000.0,
        "General And Administrative Expense": 7765000.0,
        "Other Gand A": 7765000.0,
        "Gross Profit": 9351000.0,
        "Cost Of Revenue": 8995000.0,
        "Total Revenue": 18346000.0,
        "Operating Revenue": 18346000.0
    },
    "2022-03-31": {
        "Diluted EPS": -13.04,
        "Total Revenue": 18,
        "Gross Profit": 10,
        "Operating Income": -13,
        "EBIT": -13,
        "Net Income": -17
    },
    "2021-12-31": {
        "Diluted EPS": -18.72,
        "Total Revenue": 22,
        "Gross Profit": 3,
        "Operating Income": -21,
        "EBIT": -10,
        "Net Income": -24
    },
    "2021-09-30": {
        "Diluted EPS": -20.0,
        "Total Revenue": 22,
        "Gross Profit": 12,
        "Operating Income": -17,
        "EBIT": -15,
        "Net Income": -21
    },
    "2021-06-30": {
        "Diluted EPS": -24.0,
        "Total Revenue": 22,
        "Gross Profit": 11,
        "Operating Income": -25,
        "EBIT": -21,
        "Net Income": -29
    },
    "2021-03-31": {
        "Diluted EPS": -21.28,
        "Total Revenue": 21,
        "Gross Profit": 10,
        "Operating Income": -18,
        "EBIT": -18,
        "Net Income": -23
    },
    "2020-12-31": {
        "Diluted EPS": -28.0,
        "Total Revenue": 21,
        "Gross Profit": 11,
        "Operating Income": -20,
        "EBIT": -24,
        "Net Income": -24
    },
    "2020-09-30": {
        "Diluted EPS": -20.0,
        "Total Revenue": 21,
        "Gross Profit": 11,
        "Operating Income": -14,
        "EBIT": -9,
        "Net Income": -19
    },
    "2020-06-30": {
        "Diluted EPS": -16.0,
        "Total Revenue": 21,
        "Gross Profit": 7,
        "Operating Income": -13,
        "EBIT": -12,
        "Net Income": -16
    },
    "2020-03-31": {
        "Diluted EPS": -20.0,
        "Total Revenue": 1,
        "Gross Profit": -1,
        "Operating Income": -17,
        "EBIT": -17,
        "Net Income": -17
    },
    "2019-12-31": {
        "Diluted EPS": -16.0,
        "Total Revenue": 2,
        "Gross Profit": 1,
        "Operating Income": -12,
        "EBIT": -12,
        "Net Income": -12
    },
    "2019-09-30": {
        "Diluted EPS": -12.0,
        "Total Revenue": 1,
        "Gross Profit": 1,
        "Operating Income": -10,
        "EBIT": -10,
        "Net Income": -10
    },
    "2019-06-30": {
        "Diluted EPS": -16.0,
        "Total Revenue": 2,
        "Gross Profit": 1,
        "Operating Income": -12,
        "EBIT": -12,
        "Net Income": -11
    },
    "2019-03-31": {
        "Diluted EPS": -12.0,
        "Total Revenue": 2,
        "Gross Profit": 1,
        "Operating Income": -9,
        "EBIT": -9,
        "Net Income": -10
    },
    "2018-12-31": {
        "Diluted EPS": -12.0,
        "Total Revenue": 1,
        "Gross Profit": 1,
        "Operating Income": -10,
        "EBIT": -10,
        "Net Income": -8
    },
    "2018-09-30": {
        "Diluted EPS": -16.0,
        "Total Revenue": 2,
        "Gross Profit": 2,
        "Operating Income": -10,
        "EBIT": -10,
        "Net Income": -10
    },
    "2018-06-30": {
        "Diluted EPS": -20.0,
        "Total Revenue": 2,
        "Gross Profit": 2,
        "Operating Income": -10,
        "EBIT": -10,
        "Net Income": -11
    },
    "2018-03-31": {
        "Diluted EPS": -20.0,
        "Total Revenue": 2,
        "Gross Profit": 2,
        "Operating Income": -10,
        "EBIT": -10,
        "Net Income": -10
    },
    "2017-12-31": {
        "Diluted EPS": -24.0,
        "Total Revenue": 2,
        "Gross Profit": 1,
        "Operating Income": -14,
        "EBIT": -14,
        "Net Income": -10
    },
    "2017-09-30": {
        "Diluted EPS": -36.0,
        "Total Revenue": 2,
        "Gross Profit": 1,
        "Operating Income": -14,
        "EBIT": -14,
        "Net Income": -16
    },
    "2017-06-30": {
        "Diluted EPS": -24.0,
        "Total Revenue": 0,
        "Gross Profit": 0,
        "Operating Income": -14,
        "EBIT": -14,
        "Net Income": -11
    },
    "2017-03-31": {
        "Diluted EPS": -20.0,
        "Total Revenue": NaN,
        "Gross Profit": NaN,
        "Operating Income": -10,
        "EBIT": -10,
        "Net Income": -9
    },
    "2016-12-31": {
        "Diluted EPS": -22.18,
        "Total Revenue": 0,
        "Gross Profit": 0,
        "Operating Income": -9,
        "EBIT": -9,
        "Net Income": -8
    },
    "2016-09-30": {
        "Diluted EPS": -28.06,
        "Total Revenue": NaN,
        "Gross Profit": NaN,
        "Operating Income": -8,
        "EBIT": -8,
        "Net Income": -9
    },
    "2016-06-30": {
        "Diluted EPS": -24.0,
        "Total Revenue": 0,
        "Gross Profit": 0,
        "Operating Income": -7,
        "EBIT": -7,
        "Net Income": -7
    },
    "2016-03-31": {
        "Diluted EPS": -17.36,
        "Total Revenue": NaN,
        "Gross Profit": NaN,
        "Operating Income": -6,
        "EBIT": -6,
        "Net Income": -6
    },
    "2015-12-31": {
        "Diluted EPS": -20.0,
        "Total Revenue": NaN,
        "Gross Profit": NaN,
        "Operating Income": -7,
        "EBIT": -7,
        "Net Income": -7
    },
    "2015-09-30": {
        "Diluted EPS": -16.0,
        "Total Revenue": 0,
        "Gross Profit": 0,
        "Operating Income": -5,
        "EBIT": -5,
        "Net Income": -3
    },
    "2015-06-30": {
        "Diluted EPS": -28.0,
        "Total Revenue": 0,
        "Gross Profit": 0,
        "Operating Income": -6,
        "EBIT": -6,
        "Net Income": -7
    },
    "2015-03-31": {
        "Diluted EPS": -20.0,
        "Total Revenue": 0,
        "Gross Profit": 0,
        "Operating Income": -5,
        "EBIT": -5,
        "Net Income": -5
    },
    "2014-12-31": {
        "Diluted EPS": -24.0,
        "Total Revenue": 0,
        "Gross Profit": 0,
        "Operating Income": -5,
        "EBIT": -5,
        "Net Income": -5
    },
    "2014-09-30": {
        "Diluted EPS": -20.0,
        "Total Revenue": 0,
        "Gross Profit": 0,
        "Operating Income": -5,
        "EBIT": -5,
        "Net Income": -4
    },
    "2014-06-30": {
        "Diluted EPS": -20.8,
        "Total Revenue": 0,
        "Gross Profit": 0,
        "Operating Income": -4,
        "EBIT": -4,
        "Net Income": -5
    },
    "2014-03-31": {
        "Diluted EPS": 15.6,
        "Total Revenue": 7,
        "Gross Profit": 6,
        "Operating Income": 3,
        "EBIT": 3,
        "Net Income": 3
    },
    "2013-12-31": {
        "Diluted EPS": -20.0,
        "Total Revenue": 0,
        "Gross Profit": 0,
        "Operating Income": -4,
        "EBIT": -3,
        "Net Income": -3
    },
    "2013-09-30": {
        "Diluted EPS": -17.2,
        "Total Revenue": 0,
        "Gross Profit": 0,
        "Operating Income": -3,
        "EBIT": -3,
        "Net Income": -3
    },
    "2013-06-30": {
        "Diluted EPS": -16.0,
        "Total Revenue": 0,
        "Gross Profit": 0,
        "Operating Income": -3,
        "EBIT": -3,
        "Net Income": -3
    },
    "2013-03-31": {
        "Diluted EPS": -12.0,
        "Total Revenue": 0,
        "Gross Profit": 0,
        "Operating Income": -2,
        "EBIT": -2,
        "Net Income": -2
    },
    "2012-12-31": {
        "Diluted EPS": -28.0,
        "Total Revenue": 0,
        "Gross Profit": 0,
        "Operating Income": 0,
        "EBIT": 0,
        "Net Income": -3
    },
    "2012-09-30": {
        "Diluted EPS": -16.0,
        "Total Revenue": 0,
        "Gross Profit": 0,
        "Operating Income": 0,
        "EBIT": 0,
        "Net Income": -2
    },
    "2012-06-30": {
        "Diluted EPS": -17.2,
        "Total Revenue": 0,
        "Gross Profit": 0,
        "Operating Income": 0,
        "EBIT": 0,
        "Net Income": -2
    },
    "2012-03-31": {
        "Diluted EPS": -20.0,
        "Total Revenue": 0,
        "Gross Profit": 0,
        "Operating Income": 0,
        "EBIT": 0,
        "Net Income": -3
    },
    "2023-06-30": {
        "Tax Effect Of Unusual Items": 0.0,
        "Tax Rate For Calcs": 0.23,
        "Normalized EBITDA": 2687000.0,
        "Net Income From Continuing Operation Net Minority Interest": 761000.0,
        "Reconciled Depreciation": -58900000.0,
        "Reconciled Cost Of Revenue": 806000.0,
        "EBITDA": 2687000.0,
        "EBIT": 2687000.0,
        "Net Interest Income": 5169000.0,
        "Interest Expense": 1926000.0,
        "Interest Income": 7095000.0,
        "Normalized Income": 761000.0,
        "Net Income From Continuing And Discontinued Operation": 761000.0,
        "Total Expenses": 6204000.0,
        "Total Operating Income As Reported": -4408000.0,
        "Diluted NI Availto Com Stockholders": 761000.0,
        "Net Income Common Stockholders": 761000.0,
        "Net Income": 761000.0,
        "Net Income Including Noncontrolling Interests": 761000.0,
        "Net Income Continuous Operations": 761000.0,
        "Pretax Income": 761000.0,
        "Net Non Operating Interest Income Expense": 5169000.0,
        "Interest Expense Non Operating": 1926000.0,
        "Interest Income Non Operating": 7095000.0,
        "Operating Income": -4408000.0,
        "Operating Expense": 5398000.0,
        "Other Operating Expenses": -3909000.0,
        "Research And Development": 1247000.0,
        "Selling General And Administration": 8060000.0,
        "Selling And Marketing Expense": 4522000.0,
        "General And Administrative Expense": 3538000.0,
        "Other Gand A": 3538000.0,
        "Gross Profit": 990000.0,
        "Cost Of Revenue": 806000.0,
        "Total Revenue": 1796000.0,
        "Operating Revenue": 1796000.0
    }
}