{
    "2023-03-31": {
        "Tax Effect Of Unusual Items": NaN,
        "Tax Rate For Calcs": NaN,
        "Normalized EBITDA": NaN,
        "Total Unusual Items": NaN,
        "Total Unusual Items Excluding Goodwill": NaN,
        "Net Income From Continuing Operation Net Minority Interest": NaN,
        "Reconciled Depreciation": NaN,
        "Reconciled Cost Of Revenue": NaN,
        "EBITDA": NaN,
        "EBIT": NaN,
        "Net Interest Income": NaN,
        "Interest Expense": NaN,
        "Normalized Income": NaN,
        "Net Income From Continuing And Discontinued Operation": NaN,
        "Total Expenses": NaN,
        "Total Operating Income As Reported": NaN,
        "Diluted Average Shares": 22114927.0,
        "Basic Average Shares": 22114927.0,
        "Diluted EPS": -0.5,
        "Basic EPS": -0.5,
        "Diluted NI Availto Com Stockholders": NaN,
        "Net Income Common Stockholders": NaN,
        "Net Income": NaN,
        "Minority Interests": NaN,
        "Net Income Including Noncontrolling Interests": NaN,
        "Net Income Continuous Operations": NaN,
        "Tax Provision": NaN,
        "Pretax Income": NaN,
        "Other Income Expense": NaN,
        "Other Non Operating Income Expenses": NaN,
        "Special Income Charges": NaN,
        "Gain On Sale Of Ppe": NaN,
        "Write Off": NaN,
        "Earnings From Equity Interest": NaN,
        "Net Non Operating Interest Income Expense": NaN,
        "Interest Expense Non Operating": NaN,
        "Operating Income": NaN,
        "Operating Expense": NaN,
        "Depreciation Amortization Depletion Income Statement": NaN,
        "Depreciation And Amortization In Income Statement": NaN,
        "Selling General And Administration": NaN,
        "General And Administrative Expense": NaN,
        "Other Gand A": NaN,
        "Gross Profit": NaN,
        "Cost Of Revenue": NaN,
        "Total Revenue": NaN,
        "Operating Revenue": NaN
    },
    "2022-12-31": {
        "Tax Effect Of Unusual Items": NaN,
        "Tax Rate For Calcs": NaN,
        "Normalized EBITDA": NaN,
        "Total Unusual Items": NaN,
        "Total Unusual Items Excluding Goodwill": NaN,
        "Net Income From Continuing Operation Net Minority Interest": NaN,
        "Reconciled Depreciation": NaN,
        "Reconciled Cost Of Revenue": NaN,
        "EBITDA": NaN,
        "EBIT": NaN,
        "Net Interest Income": NaN,
        "Interest Expense": NaN,
        "Normalized Income": NaN,
        "Net Income From Continuing And Discontinued Operation": NaN,
        "Total Expenses": NaN,
        "Total Operating Income As Reported": NaN,
        "Diluted Average Shares": NaN,
        "Basic Average Shares": NaN,
        "Diluted EPS": NaN,
        "Basic EPS": NaN,
        "Diluted NI Availto Com Stockholders": NaN,
        "Net Income Common Stockholders": NaN,
        "Net Income": NaN,
        "Minority Interests": NaN,
        "Net Income Including Noncontrolling Interests": NaN,
        "Net Income Continuous Operations": NaN,
        "Tax Provision": NaN,
        "Pretax Income": NaN,
        "Other Income Expense": NaN,
        "Other Non Operating Income Expenses": NaN,
        "Special Income Charges": NaN,
        "Gain On Sale Of Ppe": NaN,
        "Write Off": NaN,
        "Impairment Of Capital Assets": 0.0,
        "Earnings From Equity Interest": NaN,
        "Net Non Operating Interest Income Expense": NaN,
        "Interest Expense Non Operating": NaN,
        "Operating Income": NaN,
        "Operating Expense": NaN,
        "Depreciation Amortization Depletion Income Statement": NaN,
        "Depreciation And Amortization In Income Statement": NaN,
        "Selling General And Administration": NaN,
        "General And Administrative Expense": NaN,
        "Other Gand A": NaN,
        "Gross Profit": NaN,
        "Cost Of Revenue": NaN,
        "Total Revenue": NaN,
        "Operating Revenue": NaN
    },
    "2022-09-30": {
        "Tax Effect Of Unusual Items": NaN,
        "Tax Rate For Calcs": NaN,
        "Normalized EBITDA": NaN,
        "Total Unusual Items": NaN,
        "Total Unusual Items Excluding Goodwill": NaN,
        "Net Income From Continuing Operation Net Minority Interest": NaN,
        "Reconciled Depreciation": NaN,
        "Reconciled Cost Of Revenue": NaN,
        "EBITDA": NaN,
        "EBIT": NaN,
        "Net Interest Income": NaN,
        "Interest Expense": NaN,
        "Normalized Income": NaN,
        "Net Income From Continuing And Discontinued Operation": NaN,
        "Total Expenses": NaN,
        "Total Operating Income As Reported": NaN,
        "Diluted Average Shares": 22043823.0,
        "Basic Average Shares": 22043823.0,
        "Diluted EPS": -0.23,
        "Basic EPS": -0.23,
        "Diluted NI Availto Com Stockholders": NaN,
        "Net Income Common Stockholders": NaN,
        "Net Income": NaN,
        "Minority Interests": NaN,
        "Net Income Including Noncontrolling Interests": NaN,
        "Net Income Continuous Operations": NaN,
        "Tax Provision": NaN,
        "Pretax Income": NaN,
        "Other Income Expense": NaN,
        "Other Non Operating Income Expenses": NaN,
        "Special Income Charges": NaN,
        "Gain On Sale Of Ppe": NaN,
        "Write Off": 0.0,
        "Impairment Of Capital Assets": 0.0,
        "Earnings From Equity Interest": NaN,
        "Net Non Operating Interest Income Expense": NaN,
        "Interest Expense Non Operating": NaN,
        "Operating Income": NaN,
        "Operating Expense": NaN,
        "Depreciation Amortization Depletion Income Statement": NaN,
        "Depreciation And Amortization In Income Statement": NaN,
        "Selling General And Administration": NaN,
        "General And Administrative Expense": NaN,
        "Other Gand A": NaN,
        "Gross Profit": NaN,
        "Cost Of Revenue": NaN,
        "Total Revenue": NaN,
        "Operating Revenue": NaN
    },
    "2022-06-30": {
        "Tax Effect Of Unusual Items": -619600.0,
        "Tax Rate For Calcs": 0.4,
        "Normalized EBITDA": 9605000.0,
        "Total Unusual Items": -1549000.0,
        "Total Unusual Items Excluding Goodwill": -1549000.0,
        "Net Income From Continuing Operation Net Minority Interest": -2436000.0,
        "Reconciled Depreciation": 5618000.0,
        "Reconciled Cost Of Revenue": 52604000.0,
        "EBITDA": 8056000.0,
        "EBIT": 2438000.0,
        "Net Interest Income": -3343000.0,
        "Interest Expense": 3343000.0,
        "Normalized Income": -1506600.0,
        "Net Income From Continuing And Discontinued Operation": -2436000.0,
        "Total Expenses": 64534000.0,
        "Total Operating Income As Reported": -1572000.0,
        "Diluted Average Shares": 22952960.0,
        "Basic Average Shares": 22040512.0,
        "Diluted EPS": -0.11,
        "Basic EPS": -0.11,
        "Diluted NI Availto Com Stockholders": -2436000.0,
        "Net Income Common Stockholders": -2436000.0,
        "Net Income": -2436000.0,
        "Minority Interests": 7000.0,
        "Net Income Including Noncontrolling Interests": -2443000.0,
        "Net Income Continuous Operations": -2443000.0,
        "Tax Provision": 1538000.0,
        "Pretax Income": -905000.0,
        "Other Income Expense": 2461000.0,
        "Other Non Operating Income Expenses": 3773000.0,
        "Special Income Charges": -1549000.0,
        "Gain On Sale Of Ppe": 0.0,
        "Write Off": NaN,
        "Impairment Of Capital Assets": 1549000.0,
        "Earnings From Equity Interest": 237000.0,
        "Net Non Operating Interest Income Expense": -3343000.0,
        "Interest Expense Non Operating": 3343000.0,
        "Operating Income": -23000.0,
        "Operating Expense": 11559000.0,
        "Depreciation Amortization Depletion Income Statement": 5247000.0,
        "Depreciation And Amortization In Income Statement": 5247000.0,
        "Selling General And Administration": 6312000.0,
        "General And Administrative Expense": 6312000.0,
        "Other Gand A": 6312000.0,
        "Gross Profit": 11536000.0,
        "Cost Of Revenue": 52975000.0,
        "Total Revenue": 64511000.0,
        "Operating Revenue": 64511000.0
    },
    "2023-06-30": {
        "Tax Effect Of Unusual Items": NaN,
        "Tax Rate For Calcs": NaN,
        "Normalized EBITDA": NaN,
        "Total Unusual Items": NaN,
        "Total Unusual Items Excluding Goodwill": NaN,
        "Net Income From Continuing Operation Net Minority Interest": NaN,
        "Reconciled Depreciation": NaN,
        "Reconciled Cost Of Revenue": NaN,
        "EBITDA": NaN,
        "EBIT": NaN,
        "Net Interest Income": NaN,
        "Interest Expense": NaN,
        "Normalized Income": NaN,
        "Net Income From Continuing And Discontinued Operation": NaN,
        "Total Expenses": NaN,
        "Total Operating Income As Reported": NaN,
        "Diluted Average Shares": 23502506.0,
        "Basic Average Shares": 22262214.0,
        "Diluted EPS": -0.12,
        "Basic EPS": -0.12,
        "Diluted NI Availto Com Stockholders": NaN,
        "Net Income Common Stockholders": NaN,
        "Net Income": NaN,
        "Minority Interests": NaN,
        "Net Income Including Noncontrolling Interests": NaN,
        "Net Income Continuous Operations": NaN,
        "Tax Provision": NaN,
        "Pretax Income": NaN,
        "Other Income Expense": NaN,
        "Other Non Operating Income Expenses": NaN,
        "Special Income Charges": NaN,
        "Gain On Sale Of Ppe": NaN,
        "Write Off": 0.0,
        "Earnings From Equity Interest": NaN,
        "Net Non Operating Interest Income Expense": NaN,
        "Interest Expense Non Operating": NaN,
        "Operating Income": NaN,
        "Operating Expense": NaN,
        "Depreciation Amortization Depletion Income Statement": NaN,
        "Depreciation And Amortization In Income Statement": NaN,
        "Selling General And Administration": NaN,
        "General And Administrative Expense": NaN,
        "Other Gand A": NaN,
        "Gross Profit": NaN,
        "Cost Of Revenue": NaN,
        "Total Revenue": NaN,
        "Operating Revenue": NaN
    },
    "2023-09-30": {
        "Tax Effect Of Unusual Items": NaN,
        "Tax Rate For Calcs": NaN,
        "Normalized EBITDA": NaN,
        "Total Unusual Items": NaN,
        "Total Unusual Items Excluding Goodwill": NaN,
        "Net Income From Continuing Operation Net Minority Interest": NaN,
        "Reconciled Depreciation": NaN,
        "Reconciled Cost Of Revenue": NaN,
        "EBITDA": NaN,
        "EBIT": NaN,
        "Net Interest Income": NaN,
        "Interest Expense": NaN,
        "Normalized Income": NaN,
        "Net Income From Continuing And Discontinued Operation": NaN,
        "Total Expenses": NaN,
        "Total Operating Income As Reported": NaN,
        "Diluted Average Shares": 23513715.0,
        "Basic Average Shares": 22273423.0,
        "Diluted EPS": -0.2,
        "Basic EPS": -0.2,
        "Diluted NI Availto Com Stockholders": NaN,
        "Net Income Common Stockholders": NaN,
        "Net Income": NaN,
        "Minority Interests": NaN,
        "Net Income Including Noncontrolling Interests": NaN,
        "Net Income Continuous Operations": NaN,
        "Tax Provision": NaN,
        "Pretax Income": NaN,
        "Other Income Expense": NaN,
        "Other Non Operating Income Expenses": NaN,
        "Special Income Charges": NaN,
        "Gain On Sale Of Ppe": NaN,
        "Write Off": 0.0,
        "Earnings From Equity Interest": NaN,
        "Net Non Operating Interest Income Expense": NaN,
        "Interest Expense Non Operating": NaN,
        "Operating Income": NaN,
        "Operating Expense": NaN,
        "Depreciation Amortization Depletion Income Statement": NaN,
        "Depreciation And Amortization In Income Statement": NaN,
        "Selling General And Administration": NaN,
        "General And Administrative Expense": NaN,
        "Other Gand A": NaN,
        "Gross Profit": NaN,
        "Cost Of Revenue": NaN,
        "Total Revenue": NaN,
        "Operating Revenue": NaN
    },
    "2023-12-31": {
        "Tax Effect Of Unusual Items": 118020.0,
        "Tax Rate For Calcs": 0.21,
        "Normalized EBITDA": -2234000.0,
        "Total Unusual Items": 562000.0,
        "Total Unusual Items Excluding Goodwill": 562000.0,
        "Net Income From Continuing Operation Net Minority Interest": -12384000.0,
        "Reconciled Depreciation": 5231000.0,
        "Reconciled Cost Of Revenue": 42567000.0,
        "EBITDA": -1672000.0,
        "EBIT": -6903000.0,
        "Net Interest Income": -5355000.0,
        "Interest Expense": 5355000.0,
        "Normalized Income": -12827980.0,
        "Net Income From Continuing And Discontinued Operation": -12384000.0,
        "Total Expenses": 52277000.0,
        "Total Operating Income As Reported": -6958000.0,
        "Diluted Average Shares": NaN,
        "Basic Average Shares": NaN,
        "Diluted EPS": NaN,
        "Basic EPS": NaN,
        "Diluted NI Availto Com Stockholders": -12384000.0,
        "Net Income Common Stockholders": -12384000.0,
        "Net Income": -12384000.0,
        "Minority Interests": 151000.0,
        "Net Income Including Noncontrolling Interests": -12535000.0,
        "Net Income Continuous Operations": -12535000.0,
        "Tax Provision": 277000.0,
        "Pretax Income": -12258000.0,
        "Other Income Expense": 55000.0,
        "Other Non Operating Income Expenses": -520000.0,
        "Special Income Charges": 562000.0,
        "Gain On Sale Of Ppe": 562000.0,
        "Write Off": NaN,
        "Earnings From Equity Interest": 13000.0,
        "Net Non Operating Interest Income Expense": -5355000.0,
        "Interest Expense Non Operating": 5355000.0,
        "Operating Income": -6958000.0,
        "Operating Expense": 8993000.0,
        "Depreciation Amortization Depletion Income Statement": 4514000.0,
        "Depreciation And Amortization In Income Statement": 4514000.0,
        "Selling General And Administration": 4479000.0,
        "General And Administrative Expense": 4479000.0,
        "Other Gand A": 4479000.0,
        "Gross Profit": 2035000.0,
        "Cost Of Revenue": 43284000.0,
        "Total Revenue": 45319000.0,
        "Operating Revenue": 45319000.0
    },
    "2024-03-31": {
        "Tax Effect Of Unusual Items": NaN,
        "Tax Rate For Calcs": NaN,
        "Normalized EBITDA": NaN,
        "Total Unusual Items": NaN,
        "Total Unusual Items Excluding Goodwill": NaN,
        "Net Income From Continuing Operation Net Minority Interest": NaN,
        "Reconciled Depreciation": NaN,
        "Reconciled Cost Of Revenue": NaN,
        "EBITDA": NaN,
        "EBIT": NaN,
        "Net Interest Income": NaN,
        "Interest Expense": NaN,
        "Normalized Income": NaN,
        "Net Income From Continuing And Discontinued Operation": NaN,
        "Total Expenses": NaN,
        "Total Operating Income As Reported": NaN,
        "Diluted Average Shares": 22348994.0,
        "Basic Average Shares": 22348994.0,
        "Diluted EPS": -0.59,
        "Basic EPS": -0.59,
        "Diluted NI Availto Com Stockholders": NaN,
        "Net Income Common Stockholders": NaN,
        "Net Income": NaN,
        "Minority Interests": NaN,
        "Net Income Including Noncontrolling Interests": NaN,
        "Net Income Continuous Operations": NaN,
        "Tax Provision": NaN,
        "Pretax Income": NaN,
        "Other Income Expense": NaN,
        "Other Non Operating Income Expenses": NaN,
        "Special Income Charges": NaN,
        "Gain On Sale Of Ppe": NaN,
        "Earnings From Equity Interest": NaN,
        "Net Non Operating Interest Income Expense": NaN,
        "Interest Expense Non Operating": NaN,
        "Operating Income": NaN,
        "Operating Expense": NaN,
        "Depreciation Amortization Depletion Income Statement": NaN,
        "Depreciation And Amortization In Income Statement": NaN,
        "Selling General And Administration": NaN,
        "General And Administrative Expense": NaN,
        "Other Gand A": NaN,
        "Gross Profit": NaN,
        "Cost Of Revenue": NaN,
        "Total Revenue": NaN,
        "Operating Revenue": NaN
    },
    "2024-06-30": {
        "Tax Effect Of Unusual Items": 106.711256,
        "Tax Rate For Calcs": 0.011857,
        "Normalized EBITDA": -3454000.0,
        "Total Unusual Items": 9000.0,
        "Total Unusual Items Excluding Goodwill": 9000.0,
        "Net Income From Continuing Operation Net Minority Interest": -12806000.0,
        "Reconciled Depreciation": 4335000.0,
        "Reconciled Cost Of Revenue": 44895000.0,
        "EBITDA": -3445000.0,
        "EBIT": -7780000.0,
        "Net Interest Income": -5377000.0,
        "Interest Expense": 5377000.0,
        "Normalized Income": -12814893.288744,
        "Net Income From Continuing And Discontinued Operation": -12806000.0,
        "Total Expenses": 54501000.0,
        "Total Operating Income As Reported": -7692000.0,
        "Diluted Average Shares": 22413617.0,
        "Basic Average Shares": 22413617.0,
        "Diluted EPS": -0.57,
        "Basic EPS": -0.57,
        "Diluted NI Availto Com Stockholders": -12806000.0,
        "Net Income Common Stockholders": -12806000.0,
        "Net Income": -12806000.0,
        "Minority Interests": 195000.0,
        "Net Income Including Noncontrolling Interests": -13001000.0,
        "Net Income Continuous Operations": -13001000.0,
        "Tax Provision": -156000.0,
        "Pretax Income": -13157000.0,
        "Other Income Expense": -88000.0,
        "Other Non Operating Income Expenses": -216000.0,
        "Special Income Charges": 9000.0,
        "Gain On Sale Of Ppe": 9000.0,
        "Earnings From Equity Interest": 119000.0,
        "Net Non Operating Interest Income Expense": -5377000.0,
        "Interest Expense Non Operating": 5377000.0,
        "Operating Income": -7692000.0,
        "Operating Expense": 9282000.0,
        "Depreciation Amortization Depletion Income Statement": 4011000.0,
        "Depreciation And Amortization In Income Statement": 4011000.0,
        "Selling General And Administration": 5271000.0,
        "General And Administrative Expense": 5271000.0,
        "Other Gand A": 5271000.0,
        "Gross Profit": 1590000.0,
        "Cost Of Revenue": 45219000.0,
        "Total Revenue": 46809000.0,
        "Operating Revenue": 46809000.0
    },
    "2024-09-30": {
        "Tax Effect Of Unusual Items": -43680.0,
        "Tax Rate For Calcs": 0.21,
        "Normalized EBITDA": 3218000.0,
        "Total Unusual Items": -208000.0,
        "Total Unusual Items Excluding Goodwill": -208000.0,
        "Net Income From Continuing Operation Net Minority Interest": -7028000.0,
        "Reconciled Depreciation": 4204000.0,
        "Reconciled Cost Of Revenue": 51296000.0,
        "EBITDA": 3010000.0,
        "EBIT": -1194000.0,
        "Net Interest Income": -5245000.0,
        "Interest Expense": 5245000.0,
        "Normalized Income": -6863680.0,
        "Net Income From Continuing And Discontinued Operation": -7028000.0,
        "Total Expenses": 60433000.0,
        "Total Operating Income As Reported": -343000.0,
        "Diluted Average Shares": 23202192.0,
        "Basic Average Shares": 22426184.0,
        "Diluted EPS": -0.31,
        "Basic EPS": -0.31,
        "Diluted NI Availto Com Stockholders": -7028000.0,
        "Net Income Common Stockholders": -7028000.0,
        "Net Income": -7028000.0,
        "Minority Interests": 111000.0,
        "Net Income Including Noncontrolling Interests": -7139000.0,
        "Net Income Continuous Operations": -7139000.0,
        "Tax Provision": 700000.0,
        "Pretax Income": -6439000.0,
        "Other Income Expense": -851000.0,
        "Other Non Operating Income Expenses": -714000.0,
        "Special Income Charges": -208000.0,
        "Gain On Sale Of Ppe": -208000.0,
        "Earnings From Equity Interest": 71000.0,
        "Net Non Operating Interest Income Expense": -5245000.0,
        "Interest Expense Non Operating": 5245000.0,
        "Operating Income": -343000.0,
        "Operating Expense": 8859000.0,
        "Depreciation Amortization Depletion Income Statement": 3926000.0,
        "Depreciation And Amortization In Income Statement": 3926000.0,
        "Selling General And Administration": 4933000.0,
        "General And Administrative Expense": 4933000.0,
        "Other Gand A": 4933000.0,
        "Gross Profit": 8516000.0,
        "Cost Of Revenue": 51574000.0,
        "Total Revenue": 60090000.0,
        "Operating Revenue": 60090000.0
    },
    "2024-12-31": {
        "Tax Effect Of Unusual Items": -9870.0,
        "Tax Rate For Calcs": 0.21,
        "Normalized EBITDA": 3575000.0,
        "Total Unusual Items": -47000.0,
        "Total Unusual Items Excluding Goodwill": -47000.0,
        "Net Income From Continuing Operation Net Minority Interest": -5816000.0,
        "Reconciled Depreciation": 3912000.0,
        "Reconciled Cost Of Revenue": 52035000.0,
        "EBITDA": 3528000.0,
        "EBIT": -384000.0,
        "Net Interest Income": -5388000.0,
        "Interest Expense": 5388000.0,
        "Normalized Income": -5778870.0,
        "Net Income From Continuing And Discontinued Operation": -5816000.0,
        "Total Expenses": 60482000.0,
        "Total Operating Income As Reported": -1906000.0,
        "Diluted Average Shares": NaN,
        "Basic Average Shares": NaN,
        "Diluted EPS": NaN,
        "Basic EPS": NaN,
        "Diluted NI Availto Com Stockholders": -5816000.0,
        "Net Income Common Stockholders": -5816000.0,
        "Net Income": -5816000.0,
        "Minority Interests": 116000.0,
        "Net Income Including Noncontrolling Interests": -5932000.0,
        "Net Income Continuous Operations": -5932000.0,
        "Tax Provision": 160000.0,
        "Pretax Income": -5772000.0,
        "Other Income Expense": 1522000.0,
        "Other Non Operating Income Expenses": 2120000.0,
        "Special Income Charges": -47000.0,
        "Gain On Sale Of Ppe": -47000.0,
        "Earnings From Equity Interest": -551000.0,
        "Net Non Operating Interest Income Expense": -5388000.0,
        "Interest Expense Non Operating": 5388000.0,
        "Operating Income": -1906000.0,
        "Operating Expense": 8172000.0,
        "Depreciation Amortization Depletion Income Statement": 3637000.0,
        "Depreciation And Amortization In Income Statement": 3637000.0,
        "Selling General And Administration": 4535000.0,
        "General And Administrative Expense": 4535000.0,
        "Other Gand A": 4535000.0,
        "Gross Profit": 6266000.0,
        "Cost Of Revenue": 52310000.0,
        "Total Revenue": 58576000.0,
        "Operating Revenue": 58576000.0
    },
    "2025-03-31": {
        "Tax Effect Of Unusual Items": 567762.0,
        "Tax Rate For Calcs": 0.087,
        "Normalized EBITDA": -3510000.0,
        "Total Unusual Items": 6526000.0,
        "Total Unusual Items Excluding Goodwill": 6526000.0,
        "Net Income From Continuing Operation Net Minority Interest": -4752000.0,
        "Reconciled Depreciation": 3689000.0,
        "Reconciled Cost Of Revenue": 38218000.0,
        "EBITDA": 3016000.0,
        "EBIT": -673000.0,
        "Net Interest Income": -4742000.0,
        "Interest Expense": 4742000.0,
        "Normalized Income": -10710238.0,
        "Net Income From Continuing And Discontinued Operation": -4752000.0,
        "Total Expenses": 47060000.0,
        "Total Operating Income As Reported": -6891000.0,
        "Diluted Average Shares": 22426184.0,
        "Basic Average Shares": 22426184.0,
        "Diluted EPS": -0.21,
        "Basic EPS": -0.21,
        "Diluted NI Availto Com Stockholders": -4752000.0,
        "Net Income Common Stockholders": -4752000.0,
        "Net Income": -4752000.0,
        "Minority Interests": 191000.0,
        "Net Income Including Noncontrolling Interests": -4943000.0,
        "Net Income Continuous Operations": -4943000.0,
        "Tax Provision": -472000.0,
        "Pretax Income": -5415000.0,
        "Other Income Expense": 6218000.0,
        "Other Non Operating Income Expenses": -331000.0,
        "Special Income Charges": 6526000.0,
        "Gain On Sale Of Ppe": 6526000.0,
        "Earnings From Equity Interest": 23000.0,
        "Net Non Operating Interest Income Expense": -4742000.0,
        "Interest Expense Non Operating": 4742000.0,
        "Operating Income": -6891000.0,
        "Operating Expense": 8528000.0,
        "Depreciation Amortization Depletion Income Statement": 3375000.0,
        "Depreciation And Amortization In Income Statement": 3375000.0,
        "Selling General And Administration": 5153000.0,
        "General And Administrative Expense": 5153000.0,
        "Other Gand A": 5153000.0,
        "Gross Profit": 1637000.0,
        "Cost Of Revenue": 38532000.0,
        "Total Revenue": 40169000.0,
        "Operating Revenue": 40169000.0
    },
    "2025-06-30": {
        "Tax Effect Of Unusual Items": 393120.0,
        "Tax Rate For Calcs": 0.21,
        "Normalized EBITDA": 4554000.0,
        "Total Unusual Items": 1872000.0,
        "Total Unusual Items Excluding Goodwill": 1872000.0,
        "Net Income From Continuing Operation Net Minority Interest": -2667000.0,
        "Reconciled Depreciation": 3651000.0,
        "Reconciled Cost Of Revenue": 48452000.0,
        "EBITDA": 6426000.0,
        "EBIT": 2775000.0,
        "Net Interest Income": -4354000.0,
        "Interest Expense": 4354000.0,
        "Normalized Income": -4145880.0,
        "Net Income From Continuing And Discontinued Operation": -2667000.0,
        "Total Expenses": 57487000.0,
        "Total Operating Income As Reported": 2891000.0,
        "Diluted Average Shares": 22708206.0,
        "Basic Average Shares": 22708206.0,
        "Diluted EPS": -0.12,
        "Basic EPS": -0.12,
        "Diluted NI Availto Com Stockholders": -2667000.0,
        "Net Income Common Stockholders": -2667000.0,
        "Net Income": -2667000.0,
        "Minority Interests": 137000.0,
        "Net Income Including Noncontrolling Interests": -2804000.0,
        "Net Income Continuous Operations": -2804000.0,
        "Tax Provision": 1225000.0,
        "Pretax Income": -1579000.0,
        "Other Income Expense": -116000.0,
        "Other Non Operating Income Expenses": -2273000.0,
        "Special Income Charges": 1872000.0,
        "Gain On Sale Of Ppe": 1872000.0,
        "Earnings From Equity Interest": 285000.0,
        "Net Non Operating Interest Income Expense": -4354000.0,
        "Interest Expense Non Operating": 4354000.0,
        "Operating Income": 2891000.0,
        "Operating Expense": 8764000.0,
        "Depreciation Amortization Depletion Income Statement": 3380000.0,
        "Depreciation And Amortization In Income Statement": 3380000.0,
        "Selling General And Administration": 5384000.0,
        "General And Administrative Expense": 5384000.0,
        "Other Gand A": 5384000.0,
        "Gross Profit": 11655000.0,
        "Cost Of Revenue": 48723000.0,
        "Total Revenue": 60378000.0,
        "Operating Revenue": 60378000.0
    }
}