{
    "2023-05-31": {
        "Tax Effect Of Unusual Items": NaN,
        "Tax Rate For Calcs": NaN,
        "Normalized EBITDA": NaN,
        "Total Unusual Items": NaN,
        "Total Unusual Items Excluding Goodwill": NaN,
        "Net Income From Continuing Operation Net Minority Interest": NaN,
        "Reconciled Depreciation": NaN,
        "Reconciled Cost Of Revenue": NaN,
        "EBITDA": NaN,
        "EBIT": NaN,
        "Net Interest Income": NaN,
        "Interest Expense": NaN,
        "Normalized Income": NaN,
        "Net Income From Continuing And Discontinued Operation": NaN,
        "Total Expenses": NaN,
        "Total Operating Income As Reported": NaN,
        "Diluted Average Shares": NaN,
        "Basic Average Shares": NaN,
        "Diluted EPS": NaN,
        "Basic EPS": NaN,
        "Diluted NI Availto Com Stockholders": NaN,
        "Net Income Common Stockholders": NaN,
        "Net Income": NaN,
        "Minority Interests": NaN,
        "Net Income Including Noncontrolling Interests": NaN,
        "Net Income Discontinuous Operations": NaN,
        "Net Income Continuous Operations": NaN,
        "Tax Provision": NaN,
        "Pretax Income": NaN,
        "Other Income Expense": NaN,
        "Other Non Operating Income Expenses": NaN,
        "Special Income Charges": NaN,
        "Write Off": NaN,
        "Impairment Of Capital Assets": 0.0,
        "Restructuring And Mergern Acquisition": NaN,
        "Earnings From Equity Interest": NaN,
        "Net Non Operating Interest Income Expense": NaN,
        "Interest Expense Non Operating": NaN,
        "Operating Income": NaN,
        "Operating Expense": NaN,
        "Selling General And Administration": NaN,
        "Gross Profit": NaN,
        "Cost Of Revenue": NaN,
        "Total Revenue": NaN,
        "Operating Revenue": NaN
    },
    "2023-02-28": {
        "Tax Effect Of Unusual Items": NaN,
        "Tax Rate For Calcs": NaN,
        "Normalized EBITDA": NaN,
        "Total Unusual Items": NaN,
        "Total Unusual Items Excluding Goodwill": NaN,
        "Net Income From Continuing Operation Net Minority Interest": NaN,
        "Reconciled Depreciation": NaN,
        "Reconciled Cost Of Revenue": NaN,
        "EBITDA": NaN,
        "EBIT": NaN,
        "Net Interest Income": NaN,
        "Interest Expense": NaN,
        "Normalized Income": NaN,
        "Net Income From Continuing And Discontinued Operation": NaN,
        "Total Expenses": NaN,
        "Total Operating Income As Reported": NaN,
        "Diluted Average Shares": NaN,
        "Basic Average Shares": NaN,
        "Diluted EPS": NaN,
        "Basic EPS": NaN,
        "Diluted NI Availto Com Stockholders": NaN,
        "Net Income Common Stockholders": NaN,
        "Net Income": NaN,
        "Minority Interests": NaN,
        "Net Income Including Noncontrolling Interests": NaN,
        "Net Income Discontinuous Operations": NaN,
        "Net Income Continuous Operations": NaN,
        "Tax Provision": NaN,
        "Pretax Income": NaN,
        "Other Income Expense": NaN,
        "Other Non Operating Income Expenses": NaN,
        "Special Income Charges": NaN,
        "Write Off": NaN,
        "Impairment Of Capital Assets": 0.0,
        "Restructuring And Mergern Acquisition": NaN,
        "Earnings From Equity Interest": NaN,
        "Net Non Operating Interest Income Expense": NaN,
        "Interest Expense Non Operating": NaN,
        "Operating Income": NaN,
        "Operating Expense": NaN,
        "Selling General And Administration": NaN,
        "Gross Profit": NaN,
        "Cost Of Revenue": NaN,
        "Total Revenue": NaN,
        "Operating Revenue": NaN
    },
    "2022-11-30": {
        "Tax Effect Of Unusual Items": -407552.0,
        "Tax Rate For Calcs": 0.256,
        "Normalized EBITDA": 2848000.0,
        "Total Unusual Items": -1592000.0,
        "Total Unusual Items Excluding Goodwill": -1592000.0,
        "Net Income From Continuing Operation Net Minority Interest": -17719000.0,
        "Reconciled Depreciation": 21451000.0,
        "Reconciled Cost Of Revenue": 550011000.0,
        "EBITDA": 1256000.0,
        "EBIT": -20195000.0,
        "Net Interest Income": -3324000.0,
        "Interest Expense": 3324000.0,
        "Normalized Income": -16534552.0,
        "Net Income From Continuing And Discontinued Operation": -17788000.0,
        "Total Expenses": 614239000.0,
        "Total Operating Income As Reported": -16311000.0,
        "Diluted Average Shares": 27723000.0,
        "Basic Average Shares": 27723000.0,
        "Diluted EPS": -0.64,
        "Basic EPS": -0.64,
        "Diluted NI Availto Com Stockholders": -17788000.0,
        "Net Income Common Stockholders": -17788000.0,
        "Net Income": -17788000.0,
        "Minority Interests": -232000.0,
        "Net Income Including Noncontrolling Interests": -17556000.0,
        "Net Income Discontinuous Operations": -69000.0,
        "Net Income Continuous Operations": -17487000.0,
        "Tax Provision": -6032000.0,
        "Pretax Income": -23519000.0,
        "Other Income Expense": -4686000.0,
        "Other Non Operating Income Expenses": -3884000.0,
        "Special Income Charges": -1592000.0,
        "Impairment Of Capital Assets": NaN,
        "Restructuring And Mergern Acquisition": 1592000.0,
        "Earnings From Equity Interest": 790000.0,
        "Net Non Operating Interest Income Expense": -3324000.0,
        "Interest Expense Non Operating": 3324000.0,
        "Operating Income": -15509000.0,
        "Operating Expense": 64228000.0,
        "Selling General And Administration": 64228000.0,
        "Gross Profit": 48719000.0,
        "Cost Of Revenue": 550011000.0,
        "Total Revenue": 598730000.0,
        "Operating Revenue": 598730000.0
    },
    "2022-08-31": {
        "Tax Effect Of Unusual Items": -72930.0,
        "Tax Rate For Calcs": 0.11,
        "Normalized EBITDA": 16183000.0,
        "Total Unusual Items": -663000.0,
        "Total Unusual Items Excluding Goodwill": -663000.0,
        "Net Income From Continuing Operation Net Minority Interest": 10389000.0,
        "Reconciled Depreciation": 20487000.0,
        "Reconciled Cost Of Revenue": 809587000.0,
        "EBITDA": 15520000.0,
        "EBIT": 15520000.0,
        "Net Interest Income": -3042000.0,
        "Interest Expense": 3042000.0,
        "Normalized Income": 10979070.0,
        "Net Income From Continuing And Discontinued Operation": 10352000.0,
        "Total Expenses": 878824000.0,
        "Total Operating Income As Reported": 16076000.0,
        "Diluted Average Shares": 28892000.0,
        "Basic Average Shares": 27803000.0,
        "Diluted EPS": 0.36,
        "Basic EPS": 0.37,
        "Diluted NI Availto Com Stockholders": 10352000.0,
        "Net Income Common Stockholders": 10352000.0,
        "Net Income": 10352000.0,
        "Minority Interests": -699000.0,
        "Net Income Including Noncontrolling Interests": 11051000.0,
        "Net Income Discontinuous Operations": -37000.0,
        "Net Income Continuous Operations": 11088000.0,
        "Tax Provision": 1390000.0,
        "Pretax Income": 12478000.0,
        "Other Income Expense": -68000.0,
        "Other Non Operating Income Expenses": -556000.0,
        "Special Income Charges": -663000.0,
        "Write Off": NaN,
        "Impairment Of Capital Assets": 638000.0,
        "Restructuring And Mergern Acquisition": 25000.0,
        "Earnings From Equity Interest": 1151000.0,
        "Net Non Operating Interest Income Expense": -3042000.0,
        "Interest Expense Non Operating": 3042000.0,
        "Operating Income": 15588000.0,
        "Operating Expense": 69237000.0,
        "Selling General And Administration": 69237000.0,
        "Gross Profit": 84825000.0,
        "Cost Of Revenue": 809587000.0,
        "Total Revenue": 894412000.0,
        "Operating Revenue": 894412000.0
    },
    "2023-08-31": {
        "Tax Effect Of Unusual Items": NaN,
        "Tax Rate For Calcs": NaN,
        "Normalized EBITDA": NaN,
        "Total Unusual Items": NaN,
        "Total Unusual Items Excluding Goodwill": NaN,
        "Net Income From Continuing Operation Net Minority Interest": NaN,
        "Reconciled Depreciation": NaN,
        "Reconciled Cost Of Revenue": NaN,
        "EBITDA": NaN,
        "EBIT": NaN,
        "Net Interest Income": NaN,
        "Interest Expense": NaN,
        "Normalized Income": NaN,
        "Net Income From Continuing And Discontinued Operation": NaN,
        "Total Expenses": NaN,
        "Total Operating Income As Reported": NaN,
        "Diluted Average Shares": NaN,
        "Basic Average Shares": NaN,
        "Diluted EPS": NaN,
        "Basic EPS": NaN,
        "Diluted NI Availto Com Stockholders": NaN,
        "Net Income Common Stockholders": NaN,
        "Net Income": NaN,
        "Minority Interests": NaN,
        "Net Income Including Noncontrolling Interests": NaN,
        "Net Income Discontinuous Operations": NaN,
        "Net Income Continuous Operations": NaN,
        "Tax Provision": NaN,
        "Pretax Income": NaN,
        "Other Income Expense": NaN,
        "Other Non Operating Income Expenses": NaN,
        "Special Income Charges": NaN,
        "Write Off": NaN,
        "Impairment Of Capital Assets": 39270000.0,
        "Restructuring And Mergern Acquisition": NaN,
        "Earnings From Equity Interest": NaN,
        "Net Non Operating Interest Income Expense": NaN,
        "Interest Expense Non Operating": NaN,
        "Operating Income": NaN,
        "Operating Expense": NaN,
        "Selling General And Administration": NaN,
        "Gross Profit": NaN,
        "Cost Of Revenue": NaN,
        "Total Revenue": NaN,
        "Operating Revenue": NaN
    },
    "2023-11-30": {
        "Tax Effect Of Unusual Items": -12740.0,
        "Tax Rate For Calcs": 0.364,
        "Normalized EBITDA": 349000.0,
        "Total Unusual Items": -35000.0,
        "Total Unusual Items Excluding Goodwill": -35000.0,
        "Net Income From Continuing Operation Net Minority Interest": -17962000.0,
        "Reconciled Depreciation": 23471000.0,
        "Reconciled Cost Of Revenue": 633420000.0,
        "EBITDA": 314000.0,
        "EBIT": -23157000.0,
        "Net Interest Income": -4810000.0,
        "Interest Expense": 4810000.0,
        "Normalized Income": -17939740.0,
        "Net Income From Continuing And Discontinued Operation": -17964000.0,
        "Total Expenses": 696522000.0,
        "Total Operating Income As Reported": -22987000.0,
        "Diluted Average Shares": 28219000.0,
        "Basic Average Shares": 28219000.0,
        "Diluted EPS": -0.64,
        "Basic EPS": -0.64,
        "Diluted NI Availto Com Stockholders": -17964000.0,
        "Net Income Common Stockholders": -17964000.0,
        "Net Income": -17964000.0,
        "Minority Interests": -165000.0,
        "Net Income Including Noncontrolling Interests": -17799000.0,
        "Net Income Discontinuous Operations": -2000.0,
        "Net Income Continuous Operations": -17797000.0,
        "Tax Provision": -10170000.0,
        "Pretax Income": -27967000.0,
        "Other Income Expense": 468000.0,
        "Other Non Operating Income Expenses": -170000.0,
        "Special Income Charges": -35000.0,
        "Write Off": 0.0,
        "Impairment Of Capital Assets": NaN,
        "Restructuring And Mergern Acquisition": 35000.0,
        "Earnings From Equity Interest": 673000.0,
        "Net Non Operating Interest Income Expense": -4810000.0,
        "Interest Expense Non Operating": 4810000.0,
        "Operating Income": -23625000.0,
        "Operating Expense": 63102000.0,
        "Selling General And Administration": 63102000.0,
        "Gross Profit": 39477000.0,
        "Cost Of Revenue": 633420000.0,
        "Total Revenue": 672897000.0,
        "Operating Revenue": 672897000.0
    },
    "2024-02-29": {
        "Tax Effect Of Unusual Items": NaN,
        "Tax Rate For Calcs": NaN,
        "Normalized EBITDA": NaN,
        "Total Unusual Items": NaN,
        "Total Unusual Items Excluding Goodwill": NaN,
        "Net Income From Continuing Operation Net Minority Interest": NaN,
        "Reconciled Depreciation": NaN,
        "Reconciled Cost Of Revenue": NaN,
        "EBITDA": NaN,
        "EBIT": NaN,
        "Net Interest Income": NaN,
        "Interest Expense": NaN,
        "Normalized Income": NaN,
        "Net Income From Continuing And Discontinued Operation": NaN,
        "Total Expenses": NaN,
        "Total Operating Income As Reported": NaN,
        "Diluted Average Shares": NaN,
        "Basic Average Shares": NaN,
        "Diluted EPS": NaN,
        "Basic EPS": NaN,
        "Diluted NI Availto Com Stockholders": NaN,
        "Net Income Common Stockholders": NaN,
        "Net Income": NaN,
        "Minority Interests": NaN,
        "Net Income Including Noncontrolling Interests": NaN,
        "Net Income Discontinuous Operations": NaN,
        "Net Income Continuous Operations": NaN,
        "Tax Provision": NaN,
        "Pretax Income": NaN,
        "Other Income Expense": NaN,
        "Other Non Operating Income Expenses": NaN,
        "Special Income Charges": NaN,
        "Write Off": NaN,
        "Impairment Of Capital Assets": 1476000.0,
        "Restructuring And Mergern Acquisition": NaN,
        "Earnings From Equity Interest": NaN,
        "Net Non Operating Interest Income Expense": NaN,
        "Interest Expense Non Operating": NaN,
        "Operating Income": NaN,
        "Operating Expense": NaN,
        "Selling General And Administration": NaN,
        "Gross Profit": NaN,
        "Cost Of Revenue": NaN,
        "Total Revenue": NaN,
        "Operating Revenue": NaN
    },
    "2024-05-31": {
        "Tax Effect Of Unusual Items": -40116528.0,
        "Tax Rate For Calcs": 0.183,
        "Normalized EBITDA": 7949000.0,
        "Total Unusual Items": -219216000.0,
        "Total Unusual Items Excluding Goodwill": -219216000.0,
        "Net Income From Continuing Operation Net Minority Interest": -198369000.0,
        "Reconciled Depreciation": 24406000.0,
        "Reconciled Cost Of Revenue": 628390000.0,
        "EBITDA": -211267000.0,
        "EBIT": -235673000.0,
        "Net Interest Income": -7368000.0,
        "Interest Expense": 7368000.0,
        "Normalized Income": -19269528.0,
        "Net Income From Continuing And Discontinued Operation": -198390000.0,
        "Total Expenses": 690490000.0,
        "Total Operating Income As Reported": -235486000.0,
        "Diluted Average Shares": 28479000.0,
        "Basic Average Shares": 28479000.0,
        "Diluted EPS": -6.97,
        "Basic EPS": -6.97,
        "Diluted NI Availto Com Stockholders": -198390000.0,
        "Net Income Common Stockholders": -198390000.0,
        "Net Income": -198390000.0,
        "Minority Interests": 121000.0,
        "Net Income Including Noncontrolling Interests": -198511000.0,
        "Net Income Discontinuous Operations": -21000.0,
        "Net Income Continuous Operations": -198490000.0,
        "Tax Provision": -44551000.0,
        "Pretax Income": -243041000.0,
        "Other Income Expense": -219103000.0,
        "Other Non Operating Income Expenses": -187000.0,
        "Special Income Charges": -219216000.0,
        "Write Off": 0.0,
        "Impairment Of Capital Assets": 215941000.0,
        "Restructuring And Mergern Acquisition": 3275000.0,
        "Earnings From Equity Interest": 300000.0,
        "Net Non Operating Interest Income Expense": -7368000.0,
        "Interest Expense Non Operating": 7368000.0,
        "Operating Income": -16570000.0,
        "Operating Expense": 62100000.0,
        "Selling General And Administration": 62100000.0,
        "Gross Profit": 45530000.0,
        "Cost Of Revenue": 628390000.0,
        "Total Revenue": 673920000.0,
        "Operating Revenue": 673920000.0
    },
    "2024-08-31": {
        "Tax Effect Of Unusual Items": -24329.459781,
        "Tax Rate For Calcs": 0.099711,
        "Normalized EBITDA": 16094000.0,
        "Total Unusual Items": -244000.0,
        "Total Unusual Items Excluding Goodwill": -244000.0,
        "Net Income From Continuing Operation Net Minority Interest": -16056000.0,
        "Reconciled Depreciation": 24574000.0,
        "Reconciled Cost Of Revenue": 718785000.0,
        "EBITDA": 15850000.0,
        "EBIT": -8724000.0,
        "Net Interest Income": -8917000.0,
        "Interest Expense": 8917000.0,
        "Normalized Income": -15836329.459781,
        "Net Income From Continuing And Discontinued Operation": -16078000.0,
        "Total Expenses": 779759000.0,
        "Total Operating Income As Reported": -8790000.0,
        "Diluted Average Shares": 28511000.0,
        "Basic Average Shares": 28511000.0,
        "Diluted EPS": -0.56,
        "Basic EPS": -0.56,
        "Diluted NI Availto Com Stockholders": -16078000.0,
        "Net Income Common Stockholders": -16078000.0,
        "Net Income": -16078000.0,
        "Minority Interests": -174000.0,
        "Net Income Including Noncontrolling Interests": -15904000.0,
        "Net Income Discontinuous Operations": -22000.0,
        "Net Income Continuous Operations": -15882000.0,
        "Tax Provision": -1759000.0,
        "Pretax Income": -17641000.0,
        "Other Income Expense": 219000.0,
        "Other Non Operating Income Expenses": 66000.0,
        "Special Income Charges": -244000.0,
        "Write Off": 0.0,
        "Impairment Of Capital Assets": 0.0,
        "Restructuring And Mergern Acquisition": 244000.0,
        "Earnings From Equity Interest": 397000.0,
        "Net Non Operating Interest Income Expense": -8917000.0,
        "Interest Expense Non Operating": 8917000.0,
        "Operating Income": -8943000.0,
        "Operating Expense": 60974000.0,
        "Selling General And Administration": 60974000.0,
        "Gross Profit": 52031000.0,
        "Cost Of Revenue": 718785000.0,
        "Total Revenue": 770816000.0,
        "Operating Revenue": 770816000.0
    },
    "2024-11-30": {
        "Tax Effect Of Unusual Items": -437010.0,
        "Tax Rate For Calcs": 0.21,
        "Normalized EBITDA": 1839000.0,
        "Total Unusual Items": -2081000.0,
        "Total Unusual Items Excluding Goodwill": -2081000.0,
        "Net Income From Continuing Operation Net Minority Interest": -37173000.0,
        "Reconciled Depreciation": 24034000.0,
        "Reconciled Cost Of Revenue": 623132000.0,
        "EBITDA": -242000.0,
        "EBIT": -24276000.0,
        "Net Interest Income": -8862000.0,
        "Interest Expense": 8862000.0,
        "Normalized Income": -35529010.0,
        "Net Income From Continuing And Discontinued Operation": -37173000.0,
        "Total Expenses": 679816000.0,
        "Total Operating Income As Reported": -24912000.0,
        "Diluted Average Shares": 28573000.0,
        "Basic Average Shares": 28573000.0,
        "Diluted EPS": -1.3,
        "Basic EPS": -1.3,
        "Diluted NI Availto Com Stockholders": -37173000.0,
        "Net Income Common Stockholders": -37173000.0,
        "Net Income": -37173000.0,
        "Minority Interests": -244000.0,
        "Net Income Including Noncontrolling Interests": -36929000.0,
        "Net Income Discontinuous Operations": 0.0,
        "Net Income Continuous Operations": -36929000.0,
        "Tax Provision": 3791000.0,
        "Pretax Income": -33138000.0,
        "Other Income Expense": -997000.0,
        "Other Non Operating Income Expenses": 636000.0,
        "Special Income Charges": -2081000.0,
        "Write Off": 184000.0,
        "Impairment Of Capital Assets": NaN,
        "Restructuring And Mergern Acquisition": 1897000.0,
        "Earnings From Equity Interest": 448000.0,
        "Net Non Operating Interest Income Expense": -8862000.0,
        "Interest Expense Non Operating": 8862000.0,
        "Operating Income": -23279000.0,
        "Operating Expense": 56684000.0,
        "Selling General And Administration": 56684000.0,
        "Gross Profit": 33405000.0,
        "Cost Of Revenue": 623132000.0,
        "Total Revenue": 656537000.0,
        "Operating Revenue": 656537000.0
    },
    "2025-02-28": {
        "Tax Effect Of Unusual Items": -163530.0,
        "Tax Rate For Calcs": 0.115,
        "Normalized EBITDA": -3017000.0,
        "Total Unusual Items": -1422000.0,
        "Total Unusual Items Excluding Goodwill": -1422000.0,
        "Net Income From Continuing Operation Net Minority Interest": -32977000.0,
        "Reconciled Depreciation": 24032000.0,
        "Reconciled Cost Of Revenue": 615011000.0,
        "EBITDA": -4439000.0,
        "EBIT": -28471000.0,
        "Net Interest Income": -8771000.0,
        "Interest Expense": 8771000.0,
        "Normalized Income": -31718530.0,
        "Net Income From Continuing And Discontinued Operation": -32977000.0,
        "Total Expenses": 669954000.0,
        "Total Operating Income As Reported": -28680000.0,
        "Diluted Average Shares": 28684000.0,
        "Basic Average Shares": 28684000.0,
        "Diluted EPS": -1.15,
        "Basic EPS": -1.15,
        "Diluted NI Availto Com Stockholders": -32977000.0,
        "Net Income Common Stockholders": -32977000.0,
        "Net Income": -32977000.0,
        "Minority Interests": -12000.0,
        "Net Income Including Noncontrolling Interests": -32965000.0,
        "Net Income Discontinuous Operations": 0.0,
        "Net Income Continuous Operations": -32965000.0,
        "Tax Provision": -4277000.0,
        "Pretax Income": -37242000.0,
        "Other Income Expense": -1025000.0,
        "Other Non Operating Income Expenses": 209000.0,
        "Special Income Charges": -1422000.0,
        "Write Off": 0.0,
        "Impairment Of Capital Assets": NaN,
        "Restructuring And Mergern Acquisition": 1422000.0,
        "Earnings From Equity Interest": 188000.0,
        "Net Non Operating Interest Income Expense": -8771000.0,
        "Interest Expense Non Operating": 8771000.0,
        "Operating Income": -27446000.0,
        "Operating Expense": 54943000.0,
        "Selling General And Administration": 54943000.0,
        "Gross Profit": 27497000.0,
        "Cost Of Revenue": 615011000.0,
        "Total Revenue": 642508000.0,
        "Operating Revenue": 642508000.0
    },
    "2025-05-31": {
        "Tax Effect Of Unusual Items": -12620.0,
        "Tax Rate For Calcs": 0.02,
        "Normalized EBITDA": 16711000.0,
        "Total Unusual Items": -631000.0,
        "Total Unusual Items Excluding Goodwill": -631000.0,
        "Net Income From Continuing Operation Net Minority Interest": -16964000.0,
        "Reconciled Depreciation": 23683000.0,
        "Reconciled Cost Of Revenue": 677444000.0,
        "EBITDA": 16080000.0,
        "EBIT": -7603000.0,
        "Net Interest Income": -9131000.0,
        "Interest Expense": 9131000.0,
        "Normalized Income": -16345620.0,
        "Net Income From Continuing And Discontinued Operation": -16964000.0,
        "Total Expenses": 733794000.0,
        "Total Operating Income As Reported": -7203000.0,
        "Diluted Average Shares": 28700000.0,
        "Basic Average Shares": 28700000.0,
        "Diluted EPS": -0.59,
        "Basic EPS": -0.59,
        "Diluted NI Availto Com Stockholders": -16964000.0,
        "Net Income Common Stockholders": -16964000.0,
        "Net Income": -16964000.0,
        "Minority Interests": -558000.0,
        "Net Income Including Noncontrolling Interests": -16406000.0,
        "Net Income Discontinuous Operations": 0.0,
        "Net Income Continuous Operations": -16406000.0,
        "Tax Provision": -328000.0,
        "Pretax Income": -16734000.0,
        "Other Income Expense": -800000.0,
        "Other Non Operating Income Expenses": -400000.0,
        "Special Income Charges": -631000.0,
        "Write Off": 256000.0,
        "Impairment Of Capital Assets": 0.0,
        "Restructuring And Mergern Acquisition": 375000.0,
        "Earnings From Equity Interest": 231000.0,
        "Net Non Operating Interest Income Expense": -9131000.0,
        "Interest Expense Non Operating": 9131000.0,
        "Operating Income": -6803000.0,
        "Operating Expense": 56350000.0,
        "Selling General And Administration": 56350000.0,
        "Gross Profit": 49547000.0,
        "Cost Of Revenue": 677444000.0,
        "Total Revenue": 726991000.0,
        "Operating Revenue": 726991000.0
    }
}