{
    "2023-03-31": {
        "Tax Effect Of Unusual Items": NaN,
        "Tax Rate For Calcs": NaN,
        "Normalized EBITDA": NaN,
        "Net Income From Continuing Operation Net Minority Interest": NaN,
        "Reconciled Depreciation": NaN,
        "Reconciled Cost Of Revenue": NaN,
        "EBITDA": NaN,
        "EBIT": NaN,
        "Net Interest Income": NaN,
        "Interest Income": NaN,
        "Normalized Income": NaN,
        "Net Income From Continuing And Discontinued Operation": NaN,
        "Total Expenses": NaN,
        "Total Operating Income As Reported": NaN,
        "Diluted Average Shares": NaN,
        "Basic Average Shares": NaN,
        "Diluted EPS": NaN,
        "Basic EPS": NaN,
        "Diluted NI Availto Com Stockholders": NaN,
        "Net Income Common Stockholders": NaN,
        "Net Income": NaN,
        "Net Income Including Noncontrolling Interests": NaN,
        "Net Income Continuous Operations": NaN,
        "Tax Provision": NaN,
        "Pretax Income": NaN,
        "Net Non Operating Interest Income Expense": NaN,
        "Total Other Finance Cost": -286000.0,
        "Interest Income Non Operating": NaN,
        "Operating Income": NaN,
        "Operating Expense": NaN,
        "Depreciation Amortization Depletion Income Statement": NaN,
        "Depreciation And Amortization In Income Statement": NaN,
        "Selling General And Administration": NaN,
        "Selling And Marketing Expense": NaN,
        "General And Administrative Expense": NaN,
        "Other Gand A": NaN,
        "Salaries And Wages": NaN,
        "Gross Profit": NaN,
        "Cost Of Revenue": NaN,
        "Total Revenue": NaN,
        "Operating Revenue": NaN
    },
    "2022-12-31": {
        "Tax Effect Of Unusual Items": NaN,
        "Tax Rate For Calcs": NaN,
        "Normalized EBITDA": NaN,
        "Total Unusual Items": 0.0,
        "Total Unusual Items Excluding Goodwill": 0.0,
        "Net Income From Continuing Operation Net Minority Interest": NaN,
        "Reconciled Depreciation": NaN,
        "Reconciled Cost Of Revenue": NaN,
        "EBITDA": NaN,
        "EBIT": NaN,
        "Net Interest Income": NaN,
        "Interest Income": NaN,
        "Normalized Income": NaN,
        "Net Income From Continuing And Discontinued Operation": NaN,
        "Total Expenses": NaN,
        "Total Operating Income As Reported": NaN,
        "Diluted Average Shares": NaN,
        "Basic Average Shares": NaN,
        "Diluted EPS": NaN,
        "Basic EPS": NaN,
        "Diluted NI Availto Com Stockholders": NaN,
        "Net Income Common Stockholders": NaN,
        "Net Income": NaN,
        "Net Income Including Noncontrolling Interests": NaN,
        "Net Income Continuous Operations": NaN,
        "Tax Provision": NaN,
        "Pretax Income": NaN,
        "Special Income Charges": 0.0,
        "Net Non Operating Interest Income Expense": NaN,
        "Total Other Finance Cost": -225000.0,
        "Interest Income Non Operating": NaN,
        "Operating Income": NaN,
        "Operating Expense": NaN,
        "Depreciation Amortization Depletion Income Statement": NaN,
        "Depreciation And Amortization In Income Statement": NaN,
        "Selling General And Administration": NaN,
        "Selling And Marketing Expense": NaN,
        "General And Administrative Expense": NaN,
        "Other Gand A": NaN,
        "Salaries And Wages": NaN,
        "Gross Profit": NaN,
        "Cost Of Revenue": NaN,
        "Total Revenue": NaN,
        "Operating Revenue": NaN
    },
    "2022-09-30": {
        "Tax Effect Of Unusual Items": NaN,
        "Tax Rate For Calcs": NaN,
        "Normalized EBITDA": NaN,
        "Total Unusual Items": 0.0,
        "Total Unusual Items Excluding Goodwill": 0.0,
        "Net Income From Continuing Operation Net Minority Interest": NaN,
        "Reconciled Depreciation": NaN,
        "Reconciled Cost Of Revenue": NaN,
        "EBITDA": NaN,
        "EBIT": NaN,
        "Net Interest Income": NaN,
        "Interest Income": 125000.0,
        "Normalized Income": NaN,
        "Net Income From Continuing And Discontinued Operation": NaN,
        "Total Expenses": NaN,
        "Total Operating Income As Reported": NaN,
        "Diluted Average Shares": 13764262.0,
        "Basic Average Shares": 13748587.0,
        "Diluted EPS": 0.16,
        "Basic EPS": 0.16,
        "Diluted NI Availto Com Stockholders": NaN,
        "Net Income Common Stockholders": NaN,
        "Net Income": NaN,
        "Net Income Including Noncontrolling Interests": NaN,
        "Net Income Continuous Operations": NaN,
        "Tax Provision": NaN,
        "Pretax Income": NaN,
        "Special Income Charges": 0.0,
        "Net Non Operating Interest Income Expense": NaN,
        "Total Other Finance Cost": -125000.0,
        "Interest Income Non Operating": 125000.0,
        "Operating Income": NaN,
        "Operating Expense": NaN,
        "Depreciation Amortization Depletion Income Statement": NaN,
        "Depreciation And Amortization In Income Statement": NaN,
        "Selling General And Administration": NaN,
        "Selling And Marketing Expense": NaN,
        "General And Administrative Expense": NaN,
        "Other Gand A": NaN,
        "Salaries And Wages": 3900000.0,
        "Gross Profit": NaN,
        "Cost Of Revenue": NaN,
        "Total Revenue": NaN,
        "Operating Revenue": NaN
    },
    "2022-06-30": {
        "Tax Effect Of Unusual Items": 0.0,
        "Tax Rate For Calcs": 0.4,
        "Normalized EBITDA": 1452000.0,
        "Total Unusual Items": 0.0,
        "Total Unusual Items Excluding Goodwill": 0.0,
        "Net Income From Continuing Operation Net Minority Interest": -205000.0,
        "Reconciled Depreciation": 1613000.0,
        "Reconciled Cost Of Revenue": 2920000.0,
        "EBITDA": 1452000.0,
        "EBIT": -161000.0,
        "Net Interest Income": 0.0,
        "Interest Income": NaN,
        "Normalized Income": -205000.0,
        "Net Income From Continuing And Discontinued Operation": -205000.0,
        "Total Expenses": 12655000.0,
        "Total Operating Income As Reported": -161000.0,
        "Diluted Average Shares": 13776479.0,
        "Basic Average Shares": 13776479.0,
        "Diluted EPS": -0.01,
        "Basic EPS": -0.01,
        "Diluted NI Availto Com Stockholders": -205000.0,
        "Net Income Common Stockholders": -205000.0,
        "Net Income": -205000.0,
        "Net Income Including Noncontrolling Interests": -205000.0,
        "Net Income Continuous Operations": -205000.0,
        "Tax Provision": 44000.0,
        "Pretax Income": -161000.0,
        "Special Income Charges": 0.0,
        "Net Non Operating Interest Income Expense": 0.0,
        "Total Other Finance Cost": NaN,
        "Interest Income Non Operating": NaN,
        "Operating Income": -161000.0,
        "Operating Expense": 9735000.0,
        "Depreciation Amortization Depletion Income Statement": 1613000.0,
        "Depreciation And Amortization In Income Statement": 1613000.0,
        "Selling General And Administration": 8122000.0,
        "Selling And Marketing Expense": 2822000.0,
        "General And Administrative Expense": 5300000.0,
        "Other Gand A": 5300000.0,
        "Gross Profit": 9574000.0,
        "Cost Of Revenue": 2920000.0,
        "Total Revenue": 12494000.0,
        "Operating Revenue": 12494000.0
    },
    "2022-03-31": {
        "Diluted EPS": 0.01,
        "Total Revenue": 13,
        "Gross Profit": 10,
        "Operating Income": 0,
        "EBIT": 2,
        "Net Income": 0
    },
    "2021-12-31": {
        "Diluted EPS": -0.12,
        "Total Revenue": 11,
        "Gross Profit": 8,
        "Operating Income": -2,
        "EBIT": 0,
        "Net Income": -2
    },
    "2021-09-30": {
        "Diluted EPS": 0.09,
        "Total Revenue": 12,
        "Gross Profit": 9,
        "Operating Income": 1,
        "EBIT": 3,
        "Net Income": 1
    },
    "2021-06-30": {
        "Diluted EPS": 0.13,
        "Total Revenue": 11,
        "Gross Profit": 8,
        "Operating Income": 0,
        "EBIT": 1,
        "Net Income": 2
    },
    "2021-03-31": {
        "Diluted EPS": -0.05,
        "Total Revenue": 10,
        "Gross Profit": 7,
        "Operating Income": -1,
        "EBIT": 1,
        "Net Income": -1
    },
    "2020-12-31": {
        "Diluted EPS": -0.14,
        "Total Revenue": 9,
        "Gross Profit": 6,
        "Operating Income": -2,
        "EBIT": -1,
        "Net Income": -2
    },
    "2020-09-30": {
        "Diluted EPS": -0.08,
        "Total Revenue": 9,
        "Gross Profit": 7,
        "Operating Income": -1,
        "EBIT": 0,
        "Net Income": -1
    },
    "2020-06-30": {
        "Diluted EPS": -0.22,
        "Total Revenue": 7,
        "Gross Profit": 4,
        "Operating Income": -3,
        "EBIT": -2,
        "Net Income": -3
    },
    "2020-03-31": {
        "Diluted EPS": -0.13,
        "Total Revenue": 9,
        "Gross Profit": 6,
        "Operating Income": -2,
        "EBIT": -1,
        "Net Income": -1
    },
    "2019-12-31": {
        "Diluted EPS": -0.44,
        "Total Revenue": 9,
        "Gross Profit": 6,
        "Operating Income": -5,
        "EBIT": -4,
        "Net Income": -5
    },
    "2019-09-30": {
        "Diluted EPS": -0.09,
        "Total Revenue": 8,
        "Gross Profit": 5,
        "Operating Income": -1,
        "EBIT": 0,
        "Net Income": -1
    },
    "2019-06-30": {
        "Diluted EPS": -0.37,
        "Total Revenue": 7,
        "Gross Profit": 4,
        "Operating Income": -4,
        "EBIT": -3,
        "Net Income": -4
    },
    "2019-03-31": {
        "Diluted EPS": -0.13,
        "Total Revenue": 6,
        "Gross Profit": 3,
        "Operating Income": -1,
        "EBIT": -1,
        "Net Income": -1
    },
    "2018-12-31": {
        "Diluted EPS": -0.2,
        "Total Revenue": 5,
        "Gross Profit": 2,
        "Operating Income": -2,
        "EBIT": -2,
        "Net Income": -2
    },
    "2018-09-30": {
        "Diluted EPS": -0.12,
        "Total Revenue": 4,
        "Gross Profit": 2,
        "Operating Income": -2,
        "EBIT": -1,
        "Net Income": -1
    },
    "2018-06-30": {
        "Diluted EPS": -0.15,
        "Total Revenue": 4,
        "Gross Profit": 2,
        "Operating Income": -2,
        "EBIT": -1,
        "Net Income": -1
    },
    "2018-03-31": {
        "Diluted EPS": -0.2,
        "Total Revenue": 3,
        "Gross Profit": 1,
        "Operating Income": -2,
        "EBIT": -2,
        "Net Income": -2
    },
    "2017-12-31": {
        "Diluted EPS": -0.31,
        "Total Revenue": 3,
        "Gross Profit": 1,
        "Operating Income": -3,
        "EBIT": -3,
        "Net Income": -3
    },
    "2017-09-30": {
        "Diluted EPS": -0.32,
        "Total Revenue": 2,
        "Gross Profit": 0,
        "Operating Income": -3,
        "EBIT": -3,
        "Net Income": -3
    },
    "2017-06-30": {
        "Diluted EPS": -1.18,
        "Total Revenue": 2,
        "Gross Profit": 0,
        "Operating Income": -12,
        "EBIT": -12,
        "Net Income": -12
    },
    "2017-03-31": {
        "Diluted EPS": -0.28,
        "Total Revenue": 2,
        "Gross Profit": 0,
        "Operating Income": -3,
        "EBIT": -3,
        "Net Income": -3
    },
    "2023-06-30": {
        "Tax Effect Of Unusual Items": NaN,
        "Tax Rate For Calcs": NaN,
        "Normalized EBITDA": NaN,
        "Net Income From Continuing Operation Net Minority Interest": NaN,
        "Reconciled Depreciation": NaN,
        "Reconciled Cost Of Revenue": NaN,
        "EBITDA": NaN,
        "EBIT": NaN,
        "Net Interest Income": NaN,
        "Interest Income": 315000.0,
        "Normalized Income": NaN,
        "Net Income From Continuing And Discontinued Operation": NaN,
        "Total Expenses": NaN,
        "Total Operating Income As Reported": NaN,
        "Diluted Average Shares": 14172024.0,
        "Basic Average Shares": 13961862.0,
        "Diluted EPS": 0.1,
        "Basic EPS": 0.1,
        "Diluted NI Availto Com Stockholders": NaN,
        "Net Income Common Stockholders": NaN,
        "Net Income": NaN,
        "Net Income Including Noncontrolling Interests": NaN,
        "Net Income Continuous Operations": NaN,
        "Tax Provision": NaN,
        "Pretax Income": NaN,
        "Net Non Operating Interest Income Expense": NaN,
        "Total Other Finance Cost": -315000.0,
        "Interest Income Non Operating": 315000.0,
        "Operating Income": NaN,
        "Operating Expense": NaN,
        "Depreciation Amortization Depletion Income Statement": NaN,
        "Depreciation And Amortization In Income Statement": NaN,
        "Selling General And Administration": NaN,
        "Selling And Marketing Expense": NaN,
        "General And Administrative Expense": NaN,
        "Other Gand A": NaN,
        "Salaries And Wages": NaN,
        "Gross Profit": NaN,
        "Cost Of Revenue": NaN,
        "Total Revenue": NaN,
        "Operating Revenue": NaN
    },
    "2023-09-30": {
        "Tax Effect Of Unusual Items": NaN,
        "Tax Rate For Calcs": NaN,
        "Normalized EBITDA": NaN,
        "Net Income From Continuing Operation Net Minority Interest": NaN,
        "Reconciled Depreciation": NaN,
        "Reconciled Cost Of Revenue": NaN,
        "EBITDA": NaN,
        "EBIT": NaN,
        "Net Interest Income": NaN,
        "Interest Income": NaN,
        "Normalized Income": NaN,
        "Net Income From Continuing And Discontinued Operation": NaN,
        "Total Expenses": NaN,
        "Total Operating Income As Reported": NaN,
        "Diluted Average Shares": 14329878.0,
        "Basic Average Shares": 13952426.0,
        "Diluted EPS": 0.87,
        "Basic EPS": 0.9,
        "Diluted NI Availto Com Stockholders": NaN,
        "Net Income Common Stockholders": NaN,
        "Net Income": NaN,
        "Net Income Including Noncontrolling Interests": NaN,
        "Net Income Continuous Operations": NaN,
        "Tax Provision": NaN,
        "Pretax Income": NaN,
        "Net Non Operating Interest Income Expense": NaN,
        "Total Other Finance Cost": NaN,
        "Interest Income Non Operating": NaN,
        "Operating Income": NaN,
        "Operating Expense": NaN,
        "Depreciation Amortization Depletion Income Statement": NaN,
        "Depreciation And Amortization In Income Statement": NaN,
        "Selling General And Administration": NaN,
        "Selling And Marketing Expense": NaN,
        "General And Administrative Expense": NaN,
        "Other Gand A": NaN,
        "Salaries And Wages": 3700000.0,
        "Gross Profit": NaN,
        "Cost Of Revenue": NaN,
        "Total Revenue": NaN,
        "Operating Revenue": NaN
    },
    "2023-12-31": {
        "Tax Effect Of Unusual Items": 0.0,
        "Tax Rate For Calcs": 0.21,
        "Normalized EBITDA": 1316000.0,
        "Net Income From Continuing Operation Net Minority Interest": -1070000.0,
        "Reconciled Depreciation": 2211000.0,
        "Reconciled Cost Of Revenue": 3337000.0,
        "EBITDA": 1316000.0,
        "EBIT": -895000.0,
        "Net Interest Income": 387000.0,
        "Interest Income": NaN,
        "Normalized Income": -1070000.0,
        "Net Income From Continuing And Discontinued Operation": -1070000.0,
        "Total Expenses": 15956000.0,
        "Total Operating Income As Reported": -895000.0,
        "Diluted Average Shares": NaN,
        "Basic Average Shares": NaN,
        "Diluted EPS": NaN,
        "Basic EPS": NaN,
        "Diluted NI Availto Com Stockholders": -1070000.0,
        "Net Income Common Stockholders": -1070000.0,
        "Net Income": -1070000.0,
        "Net Income Including Noncontrolling Interests": -1070000.0,
        "Net Income Continuous Operations": -1070000.0,
        "Tax Provision": 562000.0,
        "Pretax Income": -508000.0,
        "Net Non Operating Interest Income Expense": 387000.0,
        "Total Other Finance Cost": NaN,
        "Interest Income Non Operating": NaN,
        "Operating Income": -895000.0,
        "Operating Expense": 12619000.0,
        "Depreciation Amortization Depletion Income Statement": 2211000.0,
        "Depreciation And Amortization In Income Statement": 2211000.0,
        "Selling General And Administration": 10408000.0,
        "Selling And Marketing Expense": 3501000.0,
        "General And Administrative Expense": 6907000.0,
        "Other Gand A": 18307000.0,
        "Salaries And Wages": NaN,
        "Gross Profit": 11724000.0,
        "Cost Of Revenue": 3337000.0,
        "Total Revenue": 15061000.0,
        "Operating Revenue": 15061000.0
    },
    "2024-03-31": {
        "Tax Effect Of Unusual Items": NaN,
        "Tax Rate For Calcs": NaN,
        "Normalized EBITDA": NaN,
        "Net Income From Continuing Operation Net Minority Interest": NaN,
        "Reconciled Depreciation": NaN,
        "Reconciled Cost Of Revenue": NaN,
        "EBITDA": NaN,
        "EBIT": NaN,
        "Net Interest Income": NaN,
        "Interest Income": NaN,
        "Normalized Income": NaN,
        "Net Income From Continuing And Discontinued Operation": NaN,
        "Total Expenses": NaN,
        "Total Operating Income As Reported": NaN,
        "Diluted Average Shares": 14164506.0,
        "Basic Average Shares": 13997064.0,
        "Diluted EPS": 0.13,
        "Basic EPS": 0.13,
        "Diluted NI Availto Com Stockholders": NaN,
        "Net Income Common Stockholders": NaN,
        "Net Income": NaN,
        "Net Income Including Noncontrolling Interests": NaN,
        "Net Income Continuous Operations": NaN,
        "Tax Provision": NaN,
        "Pretax Income": NaN,
        "Net Non Operating Interest Income Expense": NaN,
        "Total Other Finance Cost": -365000.0,
        "Interest Income Non Operating": NaN,
        "Operating Income": NaN,
        "Operating Expense": NaN,
        "Depreciation Amortization Depletion Income Statement": NaN,
        "Depreciation And Amortization In Income Statement": NaN,
        "Selling General And Administration": NaN,
        "Selling And Marketing Expense": NaN,
        "General And Administrative Expense": NaN,
        "Other Gand A": NaN,
        "Salaries And Wages": 4000000.0,
        "Gross Profit": NaN,
        "Cost Of Revenue": NaN,
        "Total Revenue": NaN,
        "Operating Revenue": NaN
    },
    "2024-06-30": {
        "Tax Effect Of Unusual Items": 0.0,
        "Tax Rate For Calcs": 0.220284,
        "Normalized EBITDA": 5445000.0,
        "Net Income From Continuing Operation Net Minority Interest": 2637000.0,
        "Reconciled Depreciation": 2377000.0,
        "Reconciled Cost Of Revenue": 3455000.0,
        "EBITDA": 5445000.0,
        "EBIT": 3068000.0,
        "Net Interest Income": 314000.0,
        "Interest Income": 314000.0,
        "Normalized Income": 2637000.0,
        "Net Income From Continuing And Discontinued Operation": 2637000.0,
        "Total Expenses": 15988000.0,
        "Total Operating Income As Reported": 3068000.0,
        "Diluted Average Shares": 14051466.0,
        "Basic Average Shares": 13780074.0,
        "Diluted EPS": 0.19,
        "Basic EPS": 0.19,
        "Diluted NI Availto Com Stockholders": 2637000.0,
        "Net Income Common Stockholders": 2637000.0,
        "Net Income": 2637000.0,
        "Net Income Including Noncontrolling Interests": 2637000.0,
        "Net Income Continuous Operations": 2637000.0,
        "Tax Provision": 745000.0,
        "Pretax Income": 3382000.0,
        "Net Non Operating Interest Income Expense": 314000.0,
        "Total Other Finance Cost": NaN,
        "Interest Income Non Operating": 314000.0,
        "Operating Income": 3068000.0,
        "Operating Expense": 12533000.0,
        "Depreciation Amortization Depletion Income Statement": 2377000.0,
        "Depreciation And Amortization In Income Statement": 2377000.0,
        "Selling General And Administration": 10156000.0,
        "Selling And Marketing Expense": 4406000.0,
        "General And Administrative Expense": 5750000.0,
        "Other Gand A": 5750000.0,
        "Salaries And Wages": NaN,
        "Gross Profit": 15601000.0,
        "Cost Of Revenue": 3455000.0,
        "Total Revenue": 19056000.0,
        "Operating Revenue": 19056000.0
    },
    "2024-09-30": {
        "Tax Effect Of Unusual Items": 0.0,
        "Tax Rate For Calcs": 0.4,
        "Normalized EBITDA": 4932000.0,
        "Net Income From Continuing Operation Net Minority Interest": 1719000.0,
        "Reconciled Depreciation": 2434000.0,
        "Reconciled Cost Of Revenue": 3314000.0,
        "EBITDA": 4932000.0,
        "EBIT": 2498000.0,
        "Net Interest Income": 353000.0,
        "Interest Income": 353000.0,
        "Normalized Income": 1719000.0,
        "Net Income From Continuing And Discontinued Operation": 1719000.0,
        "Total Expenses": 16559000.0,
        "Total Operating Income As Reported": 2498000.0,
        "Diluted Average Shares": 14311575.0,
        "Basic Average Shares": 13782476.0,
        "Diluted EPS": 0.12,
        "Basic EPS": 0.12,
        "Diluted NI Availto Com Stockholders": 1719000.0,
        "Net Income Common Stockholders": 1719000.0,
        "Net Income": 1719000.0,
        "Net Income Including Noncontrolling Interests": 1719000.0,
        "Net Income Continuous Operations": 1719000.0,
        "Tax Provision": 1132000.0,
        "Pretax Income": 2851000.0,
        "Net Non Operating Interest Income Expense": 353000.0,
        "Total Other Finance Cost": NaN,
        "Interest Income Non Operating": 353000.0,
        "Operating Income": 2498000.0,
        "Operating Expense": 13245000.0,
        "Depreciation Amortization Depletion Income Statement": 2434000.0,
        "Depreciation And Amortization In Income Statement": 2434000.0,
        "Selling General And Administration": 10811000.0,
        "Selling And Marketing Expense": 4817000.0,
        "General And Administrative Expense": 5994000.0,
        "Other Gand A": 1594000.0,
        "Salaries And Wages": 4400000.0,
        "Gross Profit": 15743000.0,
        "Cost Of Revenue": 3314000.0,
        "Total Revenue": 19057000.0,
        "Operating Revenue": 19057000.0
    },
    "2024-12-31": {
        "Tax Effect Of Unusual Items": 0.0,
        "Tax Rate For Calcs": 0.21,
        "Normalized EBITDA": 2852000.0,
        "Net Income From Continuing Operation Net Minority Interest": 863000.0,
        "Reconciled Depreciation": 2481000.0,
        "Reconciled Cost Of Revenue": 3472000.0,
        "EBITDA": 2852000.0,
        "EBIT": 371000.0,
        "Net Interest Income": 368000.0,
        "Interest Income": 368000.0,
        "Normalized Income": 863000.0,
        "Net Income From Continuing And Discontinued Operation": 863000.0,
        "Total Expenses": 19194000.0,
        "Total Operating Income As Reported": 371000.0,
        "Diluted Average Shares": NaN,
        "Basic Average Shares": NaN,
        "Diluted EPS": NaN,
        "Basic EPS": NaN,
        "Diluted NI Availto Com Stockholders": 863000.0,
        "Net Income Common Stockholders": 863000.0,
        "Net Income": 863000.0,
        "Net Income Including Noncontrolling Interests": 863000.0,
        "Net Income Continuous Operations": 863000.0,
        "Tax Provision": -124000.0,
        "Pretax Income": 739000.0,
        "Net Non Operating Interest Income Expense": 368000.0,
        "Total Other Finance Cost": NaN,
        "Interest Income Non Operating": 368000.0,
        "Operating Income": 371000.0,
        "Operating Expense": 15722000.0,
        "Depreciation Amortization Depletion Income Statement": 2481000.0,
        "Depreciation And Amortization In Income Statement": 2481000.0,
        "Selling General And Administration": 13241000.0,
        "Selling And Marketing Expense": 4900000.0,
        "General And Administrative Expense": 8341000.0,
        "Other Gand A": 20841000.0,
        "Salaries And Wages": NaN,
        "Gross Profit": 16093000.0,
        "Cost Of Revenue": 3472000.0,
        "Total Revenue": 19565000.0,
        "Operating Revenue": 19565000.0
    },
    "2025-03-31": {
        "Tax Effect Of Unusual Items": 0.0,
        "Tax Rate For Calcs": 0.24,
        "Normalized EBITDA": 6761000.0,
        "Net Income From Continuing Operation Net Minority Interest": 3440000.0,
        "Reconciled Depreciation": 2550000.0,
        "Reconciled Cost Of Revenue": 3661000.0,
        "EBITDA": 6761000.0,
        "EBIT": 4211000.0,
        "Net Interest Income": 308000.0,
        "Interest Income": 308000.0,
        "Normalized Income": 3440000.0,
        "Net Income From Continuing And Discontinued Operation": 3440000.0,
        "Total Expenses": 17792000.0,
        "Total Operating Income As Reported": 4211000.0,
        "Diluted Average Shares": 14491713.0,
        "Basic Average Shares": 13998028.0,
        "Diluted EPS": 0.24,
        "Basic EPS": 0.25,
        "Diluted NI Availto Com Stockholders": 3440000.0,
        "Net Income Common Stockholders": 3440000.0,
        "Net Income": 3440000.0,
        "Net Income Including Noncontrolling Interests": 3440000.0,
        "Net Income Continuous Operations": 3440000.0,
        "Tax Provision": 1079000.0,
        "Pretax Income": 4519000.0,
        "Net Non Operating Interest Income Expense": 308000.0,
        "Total Other Finance Cost": NaN,
        "Interest Income Non Operating": 308000.0,
        "Operating Income": 4211000.0,
        "Operating Expense": 14131000.0,
        "Depreciation Amortization Depletion Income Statement": 2550000.0,
        "Depreciation And Amortization In Income Statement": 2550000.0,
        "Selling General And Administration": 11581000.0,
        "Selling And Marketing Expense": 5407000.0,
        "General And Administrative Expense": 6174000.0,
        "Other Gand A": 1674000.0,
        "Salaries And Wages": 4500000.0,
        "Gross Profit": 18342000.0,
        "Cost Of Revenue": 3661000.0,
        "Total Revenue": 22003000.0,
        "Operating Revenue": 22003000.0
    },
    "2025-06-30": {
        "Tax Effect Of Unusual Items": 0.0,
        "Tax Rate For Calcs": 0.130744,
        "Normalized EBITDA": 5398000.0,
        "Net Income From Continuing Operation Net Minority Interest": 2686000.0,
        "Reconciled Depreciation": 2647000.0,
        "Reconciled Cost Of Revenue": 3501000.0,
        "EBITDA": 5398000.0,
        "EBIT": 2751000.0,
        "Net Interest Income": 339000.0,
        "Interest Income": 339000.0,
        "Normalized Income": 2686000.0,
        "Net Income From Continuing And Discontinued Operation": 2686000.0,
        "Total Expenses": 19023000.0,
        "Total Operating Income As Reported": 2751000.0,
        "Diluted Average Shares": 14553282.0,
        "Basic Average Shares": 14018629.0,
        "Diluted EPS": 0.18,
        "Basic EPS": 0.19,
        "Diluted NI Availto Com Stockholders": 2686000.0,
        "Net Income Common Stockholders": 2686000.0,
        "Net Income": 2686000.0,
        "Net Income Including Noncontrolling Interests": 2686000.0,
        "Net Income Continuous Operations": 2686000.0,
        "Tax Provision": 404000.0,
        "Pretax Income": 3090000.0,
        "Net Non Operating Interest Income Expense": 339000.0,
        "Total Other Finance Cost": NaN,
        "Interest Income Non Operating": 339000.0,
        "Operating Income": 2751000.0,
        "Operating Expense": 15522000.0,
        "Depreciation Amortization Depletion Income Statement": 2647000.0,
        "Depreciation And Amortization In Income Statement": 2647000.0,
        "Selling General And Administration": 12875000.0,
        "Selling And Marketing Expense": 5622000.0,
        "General And Administrative Expense": 7253000.0,
        "Other Gand A": 7253000.0,
        "Salaries And Wages": NaN,
        "Gross Profit": 18273000.0,
        "Cost Of Revenue": 3501000.0,
        "Total Revenue": 21774000.0,
        "Operating Revenue": 21774000.0
    }
}