{
    "2023-03-31": {
        "Tax Effect Of Unusual Items": NaN,
        "Tax Rate For Calcs": NaN,
        "Normalized EBITDA": NaN,
        "Total Unusual Items": NaN,
        "Total Unusual Items Excluding Goodwill": NaN,
        "Net Income From Continuing Operation Net Minority Interest": NaN,
        "Reconciled Depreciation": NaN,
        "Reconciled Cost Of Revenue": NaN,
        "EBITDA": NaN,
        "EBIT": NaN,
        "Net Interest Income": NaN,
        "Interest Expense": NaN,
        "Interest Income": NaN,
        "Normalized Income": NaN,
        "Net Income From Continuing And Discontinued Operation": NaN,
        "Total Expenses": NaN,
        "Total Operating Income As Reported": NaN,
        "Diluted Average Shares": 99608071.0,
        "Basic Average Shares": 99608071.0,
        "Diluted EPS": -0.83,
        "Basic EPS": -0.83,
        "Diluted NI Availto Com Stockholders": NaN,
        "Average Dilution Earnings": NaN,
        "Net Income Common Stockholders": NaN,
        "Net Income": NaN,
        "Net Income Including Noncontrolling Interests": NaN,
        "Net Income Continuous Operations": NaN,
        "Tax Provision": NaN,
        "Pretax Income": NaN,
        "Other Income Expense": NaN,
        "Special Income Charges": NaN,
        "Other Special Charges": NaN,
        "Restructuring And Mergern Acquisition": NaN,
        "Gain On Sale Of Security": NaN,
        "Net Non Operating Interest Income Expense": NaN,
        "Interest Expense Non Operating": NaN,
        "Interest Income Non Operating": NaN,
        "Operating Income": NaN,
        "Operating Expense": NaN,
        "Other Operating Expenses": NaN,
        "Selling General And Administration": NaN,
        "Selling And Marketing Expense": NaN,
        "General And Administrative Expense": NaN,
        "Other Gand A": NaN,
        "Gross Profit": NaN,
        "Cost Of Revenue": NaN,
        "Total Revenue": NaN,
        "Operating Revenue": NaN
    },
    "2022-12-31": {
        "Tax Effect Of Unusual Items": NaN,
        "Tax Rate For Calcs": NaN,
        "Normalized EBITDA": NaN,
        "Total Unusual Items": NaN,
        "Total Unusual Items Excluding Goodwill": NaN,
        "Net Income From Continuing Operation Net Minority Interest": NaN,
        "Reconciled Depreciation": NaN,
        "Reconciled Cost Of Revenue": NaN,
        "EBITDA": NaN,
        "EBIT": NaN,
        "Net Interest Income": NaN,
        "Interest Expense": NaN,
        "Interest Income": NaN,
        "Normalized Income": NaN,
        "Net Income From Continuing And Discontinued Operation": NaN,
        "Total Expenses": NaN,
        "Total Operating Income As Reported": NaN,
        "Diluted Average Shares": NaN,
        "Basic Average Shares": NaN,
        "Diluted EPS": NaN,
        "Basic EPS": NaN,
        "Diluted NI Availto Com Stockholders": NaN,
        "Average Dilution Earnings": NaN,
        "Net Income Common Stockholders": NaN,
        "Net Income": NaN,
        "Net Income Including Noncontrolling Interests": NaN,
        "Net Income Continuous Operations": NaN,
        "Tax Provision": NaN,
        "Pretax Income": NaN,
        "Other Income Expense": NaN,
        "Other Non Operating Income Expenses": 38000.0,
        "Special Income Charges": NaN,
        "Other Special Charges": 0.0,
        "Restructuring And Mergern Acquisition": NaN,
        "Gain On Sale Of Security": NaN,
        "Net Non Operating Interest Income Expense": NaN,
        "Interest Expense Non Operating": NaN,
        "Interest Income Non Operating": NaN,
        "Operating Income": NaN,
        "Operating Expense": NaN,
        "Other Operating Expenses": NaN,
        "Selling General And Administration": NaN,
        "Selling And Marketing Expense": NaN,
        "General And Administrative Expense": NaN,
        "Other Gand A": NaN,
        "Gross Profit": NaN,
        "Cost Of Revenue": NaN,
        "Total Revenue": NaN,
        "Operating Revenue": NaN
    },
    "2022-09-30": {
        "Tax Effect Of Unusual Items": NaN,
        "Tax Rate For Calcs": NaN,
        "Normalized EBITDA": NaN,
        "Total Unusual Items": NaN,
        "Total Unusual Items Excluding Goodwill": NaN,
        "Net Income From Continuing Operation Net Minority Interest": NaN,
        "Reconciled Depreciation": NaN,
        "Reconciled Cost Of Revenue": NaN,
        "EBITDA": NaN,
        "EBIT": NaN,
        "Net Interest Income": NaN,
        "Interest Expense": NaN,
        "Interest Income": NaN,
        "Normalized Income": NaN,
        "Net Income From Continuing And Discontinued Operation": NaN,
        "Total Expenses": NaN,
        "Total Operating Income As Reported": NaN,
        "Diluted Average Shares": NaN,
        "Basic Average Shares": NaN,
        "Diluted EPS": NaN,
        "Basic EPS": NaN,
        "Diluted NI Availto Com Stockholders": NaN,
        "Net Income Common Stockholders": NaN,
        "Net Income": NaN,
        "Net Income Including Noncontrolling Interests": NaN,
        "Net Income Continuous Operations": NaN,
        "Tax Provision": NaN,
        "Pretax Income": NaN,
        "Other Income Expense": NaN,
        "Other Non Operating Income Expenses": 6000.0,
        "Special Income Charges": NaN,
        "Other Special Charges": 152000.0,
        "Restructuring And Mergern Acquisition": NaN,
        "Gain On Sale Of Security": NaN,
        "Net Non Operating Interest Income Expense": NaN,
        "Interest Expense Non Operating": NaN,
        "Interest Income Non Operating": NaN,
        "Operating Income": NaN,
        "Operating Expense": NaN,
        "Other Operating Expenses": NaN,
        "Selling General And Administration": NaN,
        "Selling And Marketing Expense": NaN,
        "General And Administrative Expense": NaN,
        "Other Gand A": NaN,
        "Gross Profit": NaN,
        "Cost Of Revenue": NaN,
        "Total Revenue": NaN,
        "Operating Revenue": NaN
    },
    "2022-06-30": {
        "Tax Effect Of Unusual Items": 0.0,
        "Tax Rate For Calcs": 0.4,
        "Normalized EBITDA": -43761000.0,
        "Total Unusual Items": 0.0,
        "Total Unusual Items Excluding Goodwill": 0.0,
        "Net Income From Continuing Operation Net Minority Interest": -53165000.0,
        "Reconciled Depreciation": 6696000.0,
        "Reconciled Cost Of Revenue": 66748000.0,
        "EBITDA": -43761000.0,
        "EBIT": -50457000.0,
        "Net Interest Income": -2415000.0,
        "Interest Expense": 2675000.0,
        "Interest Income": 260000.0,
        "Normalized Income": -53165000.0,
        "Net Income From Continuing And Discontinued Operation": -53165000.0,
        "Total Expenses": 205418000.0,
        "Total Operating Income As Reported": -50983000.0,
        "Diluted Average Shares": 94901943.0,
        "Basic Average Shares": 94901943.0,
        "Diluted EPS": -0.56,
        "Basic EPS": -0.56,
        "Diluted NI Availto Com Stockholders": -53165000.0,
        "Net Income Common Stockholders": -53165000.0,
        "Net Income": -53165000.0,
        "Net Income Including Noncontrolling Interests": -53165000.0,
        "Net Income Continuous Operations": -53165000.0,
        "Tax Provision": 33000.0,
        "Pretax Income": -53132000.0,
        "Other Income Expense": 266000.0,
        "Other Non Operating Income Expenses": 266000.0,
        "Special Income Charges": 0.0,
        "Other Special Charges": NaN,
        "Restructuring And Mergern Acquisition": NaN,
        "Net Non Operating Interest Income Expense": -2415000.0,
        "Interest Expense Non Operating": 2675000.0,
        "Interest Income Non Operating": 260000.0,
        "Operating Income": -50983000.0,
        "Operating Expense": 138670000.0,
        "Other Operating Expenses": 69428000.0,
        "Selling General And Administration": 138670000.0,
        "Selling And Marketing Expense": 16997000.0,
        "General And Administrative Expense": 121673000.0,
        "Other Gand A": 121673000.0,
        "Gross Profit": 87687000.0,
        "Cost Of Revenue": 66748000.0,
        "Total Revenue": 154435000.0,
        "Operating Revenue": 154435000.0
    },
    "2023-06-30": {
        "Tax Effect Of Unusual Items": NaN,
        "Tax Rate For Calcs": NaN,
        "Normalized EBITDA": NaN,
        "Total Unusual Items": NaN,
        "Total Unusual Items Excluding Goodwill": NaN,
        "Net Income From Continuing Operation Net Minority Interest": NaN,
        "Reconciled Depreciation": NaN,
        "Reconciled Cost Of Revenue": NaN,
        "EBITDA": NaN,
        "EBIT": NaN,
        "Net Interest Income": NaN,
        "Interest Expense": NaN,
        "Interest Income": NaN,
        "Normalized Income": NaN,
        "Net Income From Continuing And Discontinued Operation": NaN,
        "Total Expenses": NaN,
        "Total Operating Income As Reported": NaN,
        "Diluted Average Shares": 100973105.0,
        "Basic Average Shares": 100973105.0,
        "Diluted EPS": -0.41,
        "Basic EPS": -0.41,
        "Diluted NI Availto Com Stockholders": NaN,
        "Average Dilution Earnings": 0.0,
        "Net Income Common Stockholders": NaN,
        "Net Income": NaN,
        "Net Income Including Noncontrolling Interests": NaN,
        "Net Income Continuous Operations": NaN,
        "Tax Provision": NaN,
        "Pretax Income": NaN,
        "Other Income Expense": NaN,
        "Special Income Charges": NaN,
        "Other Special Charges": NaN,
        "Restructuring And Mergern Acquisition": NaN,
        "Gain On Sale Of Security": NaN,
        "Net Non Operating Interest Income Expense": NaN,
        "Interest Expense Non Operating": NaN,
        "Interest Income Non Operating": NaN,
        "Operating Income": NaN,
        "Operating Expense": NaN,
        "Other Operating Expenses": NaN,
        "Selling General And Administration": NaN,
        "Selling And Marketing Expense": NaN,
        "General And Administrative Expense": NaN,
        "Other Gand A": NaN,
        "Gross Profit": NaN,
        "Cost Of Revenue": NaN,
        "Total Revenue": NaN,
        "Operating Revenue": NaN
    },
    "2023-09-30": {
        "Tax Effect Of Unusual Items": NaN,
        "Tax Rate For Calcs": NaN,
        "Normalized EBITDA": NaN,
        "Total Unusual Items": NaN,
        "Total Unusual Items Excluding Goodwill": NaN,
        "Net Income From Continuing Operation Net Minority Interest": NaN,
        "Reconciled Depreciation": NaN,
        "Reconciled Cost Of Revenue": NaN,
        "EBITDA": NaN,
        "EBIT": NaN,
        "Net Interest Income": NaN,
        "Interest Expense": NaN,
        "Interest Income": NaN,
        "Normalized Income": NaN,
        "Net Income From Continuing And Discontinued Operation": NaN,
        "Total Expenses": NaN,
        "Total Operating Income As Reported": NaN,
        "Diluted Average Shares": NaN,
        "Basic Average Shares": NaN,
        "Diluted EPS": NaN,
        "Basic EPS": NaN,
        "Diluted NI Availto Com Stockholders": NaN,
        "Average Dilution Earnings": 0.0,
        "Net Income Common Stockholders": NaN,
        "Net Income": NaN,
        "Net Income Including Noncontrolling Interests": NaN,
        "Net Income Continuous Operations": NaN,
        "Tax Provision": NaN,
        "Pretax Income": NaN,
        "Other Income Expense": NaN,
        "Other Non Operating Income Expenses": NaN,
        "Special Income Charges": NaN,
        "Other Special Charges": NaN,
        "Restructuring And Mergern Acquisition": NaN,
        "Gain On Sale Of Security": NaN,
        "Net Non Operating Interest Income Expense": NaN,
        "Interest Expense Non Operating": NaN,
        "Interest Income Non Operating": NaN,
        "Operating Income": NaN,
        "Operating Expense": NaN,
        "Other Operating Expenses": NaN,
        "Selling General And Administration": NaN,
        "Selling And Marketing Expense": NaN,
        "General And Administrative Expense": NaN,
        "Other Gand A": NaN,
        "Gross Profit": NaN,
        "Cost Of Revenue": NaN,
        "Total Revenue": NaN,
        "Operating Revenue": NaN
    },
    "2023-12-31": {
        "Tax Effect Of Unusual Items": -1555260.0,
        "Tax Rate For Calcs": 0.21,
        "Normalized EBITDA": -3403000.0,
        "Total Unusual Items": -7406000.0,
        "Total Unusual Items Excluding Goodwill": -7406000.0,
        "Net Income From Continuing Operation Net Minority Interest": -21693000.0,
        "Reconciled Depreciation": 8165000.0,
        "Reconciled Cost Of Revenue": 37324000.0,
        "EBITDA": -10809000.0,
        "EBIT": -18974000.0,
        "Net Interest Income": -595000.0,
        "Interest Expense": 2683000.0,
        "Interest Income": 2088000.0,
        "Normalized Income": -15842260.0,
        "Net Income From Continuing And Discontinued Operation": -21693000.0,
        "Total Expenses": 157029000.0,
        "Total Operating Income As Reported": -21062000.0,
        "Diluted Average Shares": NaN,
        "Basic Average Shares": NaN,
        "Diluted EPS": NaN,
        "Basic EPS": NaN,
        "Diluted NI Availto Com Stockholders": -21693000.0,
        "Average Dilution Earnings": NaN,
        "Net Income Common Stockholders": -21693000.0,
        "Net Income": -21693000.0,
        "Net Income Including Noncontrolling Interests": -21693000.0,
        "Net Income Continuous Operations": -21693000.0,
        "Tax Provision": 36000.0,
        "Pretax Income": -21657000.0,
        "Other Income Expense": -7406000.0,
        "Special Income Charges": -7406000.0,
        "Other Special Charges": NaN,
        "Restructuring And Mergern Acquisition": 6066000.0,
        "Gain On Sale Of Security": NaN,
        "Net Non Operating Interest Income Expense": -595000.0,
        "Interest Expense Non Operating": 2683000.0,
        "Interest Income Non Operating": 2088000.0,
        "Operating Income": -13656000.0,
        "Operating Expense": 119705000.0,
        "Other Operating Expenses": 62396000.0,
        "Selling General And Administration": 57309000.0,
        "Selling And Marketing Expense": 13815000.0,
        "General And Administrative Expense": 43494000.0,
        "Other Gand A": 43494000.0,
        "Gross Profit": 106049000.0,
        "Cost Of Revenue": 37324000.0,
        "Total Revenue": 143373000.0,
        "Operating Revenue": 143373000.0
    },
    "2024-03-31": {
        "Tax Effect Of Unusual Items": NaN,
        "Tax Rate For Calcs": NaN,
        "Normalized EBITDA": NaN,
        "Total Unusual Items": NaN,
        "Total Unusual Items Excluding Goodwill": NaN,
        "Net Income From Continuing Operation Net Minority Interest": NaN,
        "Reconciled Depreciation": NaN,
        "Reconciled Cost Of Revenue": NaN,
        "EBITDA": NaN,
        "EBIT": NaN,
        "Net Interest Income": NaN,
        "Interest Expense": NaN,
        "Interest Income": NaN,
        "Normalized Income": NaN,
        "Net Income From Continuing And Discontinued Operation": NaN,
        "Total Expenses": NaN,
        "Total Operating Income As Reported": NaN,
        "Diluted Average Shares": NaN,
        "Basic Average Shares": NaN,
        "Diluted EPS": NaN,
        "Basic EPS": NaN,
        "Diluted NI Availto Com Stockholders": NaN,
        "Average Dilution Earnings": NaN,
        "Net Income Common Stockholders": NaN,
        "Net Income": NaN,
        "Net Income Including Noncontrolling Interests": NaN,
        "Net Income Continuous Operations": NaN,
        "Tax Provision": NaN,
        "Pretax Income": NaN,
        "Other Income Expense": NaN,
        "Other Non Operating Income Expenses": NaN,
        "Special Income Charges": NaN,
        "Other Special Charges": -4177000.0,
        "Restructuring And Mergern Acquisition": NaN,
        "Gain On Sale Of Security": NaN,
        "Net Non Operating Interest Income Expense": NaN,
        "Interest Expense Non Operating": NaN,
        "Interest Income Non Operating": NaN,
        "Operating Income": NaN,
        "Operating Expense": NaN,
        "Other Operating Expenses": NaN,
        "Selling General And Administration": NaN,
        "Selling And Marketing Expense": NaN,
        "General And Administrative Expense": NaN,
        "Other Gand A": NaN,
        "Gross Profit": NaN,
        "Cost Of Revenue": NaN,
        "Total Revenue": NaN,
        "Operating Revenue": NaN
    },
    "2024-06-30": {
        "Tax Effect Of Unusual Items": NaN,
        "Tax Rate For Calcs": NaN,
        "Normalized EBITDA": NaN,
        "Total Unusual Items": NaN,
        "Total Unusual Items Excluding Goodwill": NaN,
        "Net Income From Continuing Operation Net Minority Interest": NaN,
        "Reconciled Depreciation": NaN,
        "Reconciled Cost Of Revenue": NaN,
        "EBITDA": NaN,
        "EBIT": NaN,
        "Net Interest Income": NaN,
        "Interest Expense": NaN,
        "Interest Income": NaN,
        "Normalized Income": NaN,
        "Net Income From Continuing And Discontinued Operation": NaN,
        "Total Expenses": NaN,
        "Total Operating Income As Reported": NaN,
        "Diluted Average Shares": NaN,
        "Basic Average Shares": NaN,
        "Diluted EPS": NaN,
        "Basic EPS": NaN,
        "Diluted NI Availto Com Stockholders": NaN,
        "Average Dilution Earnings": -5630000.0,
        "Net Income Common Stockholders": NaN,
        "Net Income": NaN,
        "Net Income Including Noncontrolling Interests": NaN,
        "Net Income Continuous Operations": NaN,
        "Tax Provision": NaN,
        "Pretax Income": NaN,
        "Other Income Expense": NaN,
        "Other Non Operating Income Expenses": NaN,
        "Special Income Charges": NaN,
        "Other Special Charges": NaN,
        "Restructuring And Mergern Acquisition": NaN,
        "Gain On Sale Of Security": NaN,
        "Net Non Operating Interest Income Expense": NaN,
        "Interest Expense Non Operating": NaN,
        "Interest Income Non Operating": NaN,
        "Operating Income": NaN,
        "Operating Expense": NaN,
        "Other Operating Expenses": NaN,
        "Selling General And Administration": NaN,
        "Selling And Marketing Expense": NaN,
        "General And Administrative Expense": NaN,
        "Other Gand A": NaN,
        "Gross Profit": NaN,
        "Cost Of Revenue": NaN,
        "Total Revenue": NaN,
        "Operating Revenue": NaN
    },
    "2024-09-30": {
        "Tax Effect Of Unusual Items": 156240.0,
        "Tax Rate For Calcs": 0.21,
        "Normalized EBITDA": -4392000.0,
        "Total Unusual Items": 744000.0,
        "Total Unusual Items Excluding Goodwill": 744000.0,
        "Net Income From Continuing Operation Net Minority Interest": -17938000.0,
        "Reconciled Depreciation": 8270000.0,
        "Reconciled Cost Of Revenue": 37042000.0,
        "EBITDA": -3648000.0,
        "EBIT": -11918000.0,
        "Net Interest Income": -4008000.0,
        "Interest Expense": 5948000.0,
        "Interest Income": 1940000.0,
        "Normalized Income": -18525760.0,
        "Net Income From Continuing And Discontinued Operation": -17938000.0,
        "Total Expenses": 162357000.0,
        "Total Operating Income As Reported": -14602000.0,
        "Diluted Average Shares": 112418751.0,
        "Basic Average Shares": 109016060.0,
        "Diluted EPS": -0.17,
        "Basic EPS": -0.16,
        "Diluted NI Availto Com Stockholders": -18682000.0,
        "Average Dilution Earnings": -744000.0,
        "Net Income Common Stockholders": -17938000.0,
        "Net Income": -17938000.0,
        "Net Income Including Noncontrolling Interests": -17938000.0,
        "Net Income Continuous Operations": -17938000.0,
        "Tax Provision": 72000.0,
        "Pretax Income": -17866000.0,
        "Other Income Expense": 744000.0,
        "Other Non Operating Income Expenses": NaN,
        "Special Income Charges": 0.0,
        "Other Special Charges": NaN,
        "Restructuring And Mergern Acquisition": 0.0,
        "Gain On Sale Of Security": 744000.0,
        "Net Non Operating Interest Income Expense": -4008000.0,
        "Interest Expense Non Operating": 5948000.0,
        "Interest Income Non Operating": 1940000.0,
        "Operating Income": -14602000.0,
        "Operating Expense": 125315000.0,
        "Other Operating Expenses": 66199000.0,
        "Selling General And Administration": 59116000.0,
        "Selling And Marketing Expense": 11604000.0,
        "General And Administrative Expense": 47512000.0,
        "Other Gand A": 47512000.0,
        "Gross Profit": 110713000.0,
        "Cost Of Revenue": 37042000.0,
        "Total Revenue": 147755000.0,
        "Operating Revenue": 147755000.0
    },
    "2024-12-31": {
        "Tax Effect Of Unusual Items": -12381180.0,
        "Tax Rate For Calcs": 0.21,
        "Normalized EBITDA": 4811000.0,
        "Total Unusual Items": -58958000.0,
        "Total Unusual Items Excluding Goodwill": -58958000.0,
        "Net Income From Continuing Operation Net Minority Interest": -68455000.0,
        "Reconciled Depreciation": 8294000.0,
        "Reconciled Cost Of Revenue": 41932000.0,
        "EBITDA": -54147000.0,
        "EBIT": -62441000.0,
        "Net Interest Income": -4245000.0,
        "Interest Expense": 5916000.0,
        "Interest Income": 1671000.0,
        "Normalized Income": -21878180.0,
        "Net Income From Continuing And Discontinued Operation": -68455000.0,
        "Total Expenses": 169149000.0,
        "Total Operating Income As Reported": -5154000.0,
        "Diluted Average Shares": 110363487.0,
        "Basic Average Shares": 110363487.0,
        "Diluted EPS": -0.62,
        "Basic EPS": -0.62,
        "Diluted NI Availto Com Stockholders": -68455000.0,
        "Average Dilution Earnings": NaN,
        "Net Income Common Stockholders": -68455000.0,
        "Net Income": -68455000.0,
        "Net Income Including Noncontrolling Interests": -68455000.0,
        "Net Income Continuous Operations": -68455000.0,
        "Tax Provision": 98000.0,
        "Pretax Income": -68357000.0,
        "Other Income Expense": -58958000.0,
        "Other Non Operating Income Expenses": NaN,
        "Special Income Charges": 0.0,
        "Other Special Charges": 0.0,
        "Restructuring And Mergern Acquisition": 0.0,
        "Gain On Sale Of Security": -58958000.0,
        "Net Non Operating Interest Income Expense": -4245000.0,
        "Interest Expense Non Operating": 5916000.0,
        "Interest Income Non Operating": 1671000.0,
        "Operating Income": -5154000.0,
        "Operating Expense": 127217000.0,
        "Other Operating Expenses": 66234000.0,
        "Selling General And Administration": 60983000.0,
        "Selling And Marketing Expense": 14610000.0,
        "General And Administrative Expense": 46373000.0,
        "Other Gand A": 46373000.0,
        "Gross Profit": 122063000.0,
        "Cost Of Revenue": 41932000.0,
        "Total Revenue": 163995000.0,
        "Operating Revenue": 163995000.0
    },
    "2025-03-31": {
        "Tax Effect Of Unusual Items": 121007.760621,
        "Tax Rate For Calcs": 0.00152,
        "Normalized EBITDA": -2414000.0,
        "Total Unusual Items": 79604000.0,
        "Total Unusual Items Excluding Goodwill": 79604000.0,
        "Net Income From Continuing Operation Net Minority Interest": 62400000.0,
        "Reconciled Depreciation": 8375000.0,
        "Reconciled Cost Of Revenue": 40010000.0,
        "EBITDA": 77190000.0,
        "EBIT": 68815000.0,
        "Net Interest Income": -4946000.0,
        "Interest Expense": 6320000.0,
        "Interest Income": 1374000.0,
        "Normalized Income": -17082992.239379,
        "Net Income From Continuing And Discontinued Operation": 62400000.0,
        "Total Expenses": 172804000.0,
        "Total Operating Income As Reported": -12771000.0,
        "Diluted Average Shares": 120779324.0,
        "Basic Average Shares": 112038075.0,
        "Diluted EPS": -0.14,
        "Basic EPS": 0.56,
        "Diluted NI Availto Com Stockholders": 62400000.0,
        "Average Dilution Earnings": NaN,
        "Net Income Common Stockholders": 62400000.0,
        "Net Income": 62400000.0,
        "Net Income Including Noncontrolling Interests": 62400000.0,
        "Net Income Continuous Operations": 62400000.0,
        "Tax Provision": 95000.0,
        "Pretax Income": 62495000.0,
        "Other Income Expense": 80212000.0,
        "Other Non Operating Income Expenses": 608000.0,
        "Special Income Charges": 37101000.0,
        "Other Special Charges": -37101000.0,
        "Restructuring And Mergern Acquisition": 0.0,
        "Gain On Sale Of Security": 42503000.0,
        "Net Non Operating Interest Income Expense": -4946000.0,
        "Interest Expense Non Operating": 6320000.0,
        "Interest Income Non Operating": 1374000.0,
        "Operating Income": -12771000.0,
        "Operating Expense": 132794000.0,
        "Other Operating Expenses": 66978000.0,
        "Selling General And Administration": 65816000.0,
        "Selling And Marketing Expense": 15855000.0,
        "General And Administrative Expense": 49961000.0,
        "Other Gand A": 49961000.0,
        "Gross Profit": 120023000.0,
        "Cost Of Revenue": 40010000.0,
        "Total Revenue": 160033000.0,
        "Operating Revenue": 160033000.0
    },
    "2025-06-30": {
        "Tax Effect Of Unusual Items": 952770.0,
        "Tax Rate For Calcs": 0.21,
        "Normalized EBITDA": -520000.0,
        "Total Unusual Items": 4537000.0,
        "Total Unusual Items Excluding Goodwill": 4537000.0,
        "Net Income From Continuing Operation Net Minority Interest": -11366000.0,
        "Reconciled Depreciation": 8256000.0,
        "Reconciled Cost Of Revenue": 42512000.0,
        "EBITDA": 4017000.0,
        "EBIT": -4239000.0,
        "Net Interest Income": -5929000.0,
        "Interest Expense": 7038000.0,
        "Interest Income": 1109000.0,
        "Normalized Income": -14950230.0,
        "Net Income From Continuing And Discontinued Operation": -11366000.0,
        "Total Expenses": 175073000.0,
        "Total Operating Income As Reported": -9885000.0,
        "Diluted Average Shares": 119484716.0,
        "Basic Average Shares": 114044057.0,
        "Diluted EPS": -0.13,
        "Basic EPS": -0.1,
        "Diluted NI Availto Com Stockholders": -15903000.0,
        "Average Dilution Earnings": -4537000.0,
        "Net Income Common Stockholders": -11366000.0,
        "Net Income": -11366000.0,
        "Net Income Including Noncontrolling Interests": -11366000.0,
        "Net Income Continuous Operations": -11366000.0,
        "Tax Provision": 89000.0,
        "Pretax Income": -11277000.0,
        "Other Income Expense": 4537000.0,
        "Other Non Operating Income Expenses": NaN,
        "Special Income Charges": 0.0,
        "Other Special Charges": NaN,
        "Restructuring And Mergern Acquisition": 0.0,
        "Gain On Sale Of Security": 4537000.0,
        "Net Non Operating Interest Income Expense": -5929000.0,
        "Interest Expense Non Operating": 7038000.0,
        "Interest Income Non Operating": 1109000.0,
        "Operating Income": -9885000.0,
        "Operating Expense": 132561000.0,
        "Other Operating Expenses": 68986000.0,
        "Selling General And Administration": 63575000.0,
        "Selling And Marketing Expense": 15548000.0,
        "General And Administrative Expense": 48027000.0,
        "Other Gand A": 48027000.0,
        "Gross Profit": 122676000.0,
        "Cost Of Revenue": 42512000.0,
        "Total Revenue": 165188000.0,
        "Operating Revenue": 165188000.0
    },
    "2025-09-30": {
        "Tax Effect Of Unusual Items": -8451240.0,
        "Tax Rate For Calcs": 0.21,
        "Normalized EBITDA": 1511000.0,
        "Total Unusual Items": -40244000.0,
        "Total Unusual Items Excluding Goodwill": -40244000.0,
        "Net Income From Continuing Operation Net Minority Interest": -54051000.0,
        "Reconciled Depreciation": 8209000.0,
        "Reconciled Cost Of Revenue": 44653000.0,
        "EBITDA": -38733000.0,
        "EBIT": -46942000.0,
        "Net Interest Income": -6267000.0,
        "Interest Expense": 7085000.0,
        "Interest Income": 818000.0,
        "Normalized Income": -22258240.0,
        "Net Income From Continuing And Discontinued Operation": -54051000.0,
        "Total Expenses": 181123000.0,
        "Total Operating Income As Reported": -7550000.0,
        "Diluted Average Shares": 116772661.0,
        "Basic Average Shares": 115893232.0,
        "Diluted EPS": -0.49,
        "Basic EPS": -0.47,
        "Diluted NI Availto Com Stockholders": -57632000.0,
        "Average Dilution Earnings": -3581000.0,
        "Net Income Common Stockholders": -54051000.0,
        "Net Income": -54051000.0,
        "Net Income Including Noncontrolling Interests": -54051000.0,
        "Net Income Continuous Operations": -54051000.0,
        "Tax Provision": 24000.0,
        "Pretax Income": -54027000.0,
        "Other Income Expense": -40210000.0,
        "Other Non Operating Income Expenses": 34000.0,
        "Special Income Charges": 3684000.0,
        "Other Special Charges": -3684000.0,
        "Restructuring And Mergern Acquisition": 0.0,
        "Gain On Sale Of Security": -43928000.0,
        "Net Non Operating Interest Income Expense": -6267000.0,
        "Interest Expense Non Operating": 7085000.0,
        "Interest Income Non Operating": 818000.0,
        "Operating Income": -7550000.0,
        "Operating Expense": 136470000.0,
        "Other Operating Expenses": 70703000.0,
        "Selling General And Administration": 65767000.0,
        "Selling And Marketing Expense": 14146000.0,
        "General And Administrative Expense": 51621000.0,
        "Other Gand A": 51621000.0,
        "Gross Profit": 128920000.0,
        "Cost Of Revenue": 44653000.0,
        "Total Revenue": 173573000.0,
        "Operating Revenue": 173573000.0
    }
}