{
    "2023-03-31": {
        "Tax Effect Of Unusual Items": NaN,
        "Tax Rate For Calcs": NaN,
        "Normalized EBITDA": NaN,
        "Total Unusual Items": NaN,
        "Total Unusual Items Excluding Goodwill": NaN,
        "Net Income From Continuing Operation Net Minority Interest": NaN,
        "Reconciled Depreciation": NaN,
        "EBITDA": NaN,
        "EBIT": NaN,
        "Normalized Income": NaN,
        "Net Income From Continuing And Discontinued Operation": NaN,
        "Total Expenses": NaN,
        "Total Operating Income As Reported": NaN,
        "Diluted Average Shares": 33286648.0,
        "Basic Average Shares": 33286648.0,
        "Diluted EPS": -0.01,
        "Basic EPS": -0.01,
        "Diluted NI Availto Com Stockholders": NaN,
        "Net Income Common Stockholders": NaN,
        "Net Income": NaN,
        "Net Income Including Noncontrolling Interests": NaN,
        "Net Income Continuous Operations": NaN,
        "Pretax Income": NaN,
        "Other Income Expense": NaN,
        "Gain On Sale Of Security": NaN,
        "Operating Income": NaN,
        "Operating Expense": NaN,
        "Other Operating Expenses": NaN,
        "Research And Development": NaN,
        "Total Revenue": NaN,
        "Operating Revenue": NaN
    },
    "2022-12-31": {
        "Tax Effect Of Unusual Items": 0.0,
        "Tax Rate For Calcs": 0.0,
        "Normalized EBITDA": -780860.0,
        "Total Unusual Items": 4652.0,
        "Total Unusual Items Excluding Goodwill": 4652.0,
        "Net Income From Continuing Operation Net Minority Interest": -815434.0,
        "Reconciled Depreciation": 43878.0,
        "EBITDA": -776208.0,
        "EBIT": -820086.0,
        "Normalized Income": -820086.0,
        "Net Income From Continuing And Discontinued Operation": -815434.0,
        "Total Expenses": 949989.0,
        "Total Operating Income As Reported": -820086.0,
        "Diluted Average Shares": NaN,
        "Basic Average Shares": NaN,
        "Diluted EPS": NaN,
        "Basic EPS": NaN,
        "Diluted NI Availto Com Stockholders": -815434.0,
        "Net Income Common Stockholders": -815434.0,
        "Net Income": -815434.0,
        "Net Income Including Noncontrolling Interests": -815434.0,
        "Net Income Continuous Operations": -815434.0,
        "Pretax Income": -815434.0,
        "Other Income Expense": 4652.0,
        "Gain On Sale Of Security": 4652.0,
        "Operating Income": -820086.0,
        "Operating Expense": 949989.0,
        "Other Operating Expenses": 785275.0,
        "Research And Development": 164714.0,
        "Total Revenue": 129903.0,
        "Operating Revenue": 129903.0
    },
    "2022-09-30": {
        "Tax Effect Of Unusual Items": NaN,
        "Tax Rate For Calcs": NaN,
        "Normalized EBITDA": NaN,
        "Total Unusual Items": NaN,
        "Total Unusual Items Excluding Goodwill": NaN,
        "Net Income From Continuing Operation Net Minority Interest": NaN,
        "Reconciled Depreciation": NaN,
        "EBITDA": NaN,
        "EBIT": NaN,
        "Normalized Income": NaN,
        "Net Income From Continuing And Discontinued Operation": NaN,
        "Total Expenses": NaN,
        "Total Operating Income As Reported": NaN,
        "Diluted Average Shares": 31829744.0,
        "Basic Average Shares": 31829744.0,
        "Diluted EPS": -0.02,
        "Basic EPS": -0.02,
        "Diluted NI Availto Com Stockholders": NaN,
        "Net Income Common Stockholders": NaN,
        "Net Income": NaN,
        "Net Income Including Noncontrolling Interests": NaN,
        "Net Income Continuous Operations": NaN,
        "Pretax Income": NaN,
        "Other Income Expense": NaN,
        "Gain On Sale Of Security": NaN,
        "Operating Income": NaN,
        "Operating Expense": NaN,
        "Other Operating Expenses": NaN,
        "Research And Development": NaN,
        "Total Revenue": NaN,
        "Operating Revenue": NaN
    },
    "2022-06-30": {
        "Tax Effect Of Unusual Items": 0.0,
        "Tax Rate For Calcs": 0.0,
        "Normalized EBITDA": -657164.0,
        "Total Unusual Items": 1322.0,
        "Total Unusual Items Excluding Goodwill": 1322.0,
        "Net Income From Continuing Operation Net Minority Interest": -741838.0,
        "Reconciled Depreciation": 87318.0,
        "EBITDA": -655842.0,
        "EBIT": -743160.0,
        "Normalized Income": -743160.0,
        "Net Income From Continuing And Discontinued Operation": -741838.0,
        "Total Expenses": 828671.0,
        "Total Operating Income As Reported": -743160.0,
        "Diluted Average Shares": 31650396.0,
        "Basic Average Shares": 31650396.0,
        "Diluted EPS": -0.02,
        "Basic EPS": -0.02,
        "Diluted NI Availto Com Stockholders": -741838.0,
        "Net Income Common Stockholders": -741838.0,
        "Net Income": -741838.0,
        "Net Income Including Noncontrolling Interests": -741838.0,
        "Net Income Continuous Operations": -741838.0,
        "Pretax Income": -741838.0,
        "Other Income Expense": 1322.0,
        "Gain On Sale Of Security": 1322.0,
        "Operating Income": -743160.0,
        "Operating Expense": 828671.0,
        "Other Operating Expenses": 682239.0,
        "Research And Development": 146432.0,
        "Total Revenue": 85511.0,
        "Operating Revenue": 85511.0
    },
    "2022-03-31": {
        "Diluted EPS": -0.02,
        "Total Revenue": 0,
        "Gross Profit": 0,
        "Operating Income": -1,
        "EBIT": -1,
        "Net Income": -1
    },
    "2021-12-31": {
        "Diluted EPS": -0.02,
        "Total Revenue": 0,
        "Gross Profit": -1,
        "Operating Income": -1,
        "EBIT": -1,
        "Net Income": -1
    },
    "2021-09-30": {
        "Diluted EPS": 0.0,
        "Total Revenue": 1,
        "Gross Profit": 0,
        "Operating Income": 0,
        "EBIT": 0,
        "Net Income": 0
    },
    "2021-06-30": {
        "Diluted EPS": -0.02,
        "Total Revenue": 0,
        "Gross Profit": 0,
        "Operating Income": -1,
        "EBIT": 0,
        "Net Income": -1
    },
    "2021-03-31": {
        "Diluted EPS": -0.02,
        "Total Revenue": 0,
        "Gross Profit": 0,
        "Operating Income": -1,
        "EBIT": -1,
        "Net Income": -1
    },
    "2020-12-31": {
        "Diluted EPS": -0.03,
        "Total Revenue": 0,
        "Gross Profit": -1,
        "Operating Income": -1,
        "EBIT": -1,
        "Net Income": -1
    },
    "2020-09-30": {
        "Diluted EPS": -0.01,
        "Total Revenue": 0,
        "Gross Profit": 0,
        "Operating Income": 0,
        "EBIT": 0,
        "Net Income": 0
    },
    "2020-06-30": {
        "Diluted EPS": -0.01,
        "Total Revenue": 0,
        "Gross Profit": 0,
        "Operating Income": -1,
        "EBIT": -1,
        "Net Income": 0
    },
    "2020-03-31": {
        "Diluted EPS": -0.02,
        "Total Revenue": 0,
        "Gross Profit": 0,
        "Operating Income": -1,
        "EBIT": -1,
        "Net Income": -1
    },
    "2019-12-31": {
        "Diluted EPS": -0.04,
        "Total Revenue": 0,
        "Gross Profit": -1,
        "Operating Income": -1,
        "EBIT": -1,
        "Net Income": -1
    },
    "2019-09-30": {
        "Diluted EPS": -0.01,
        "Total Revenue": 0,
        "Gross Profit": 0,
        "Operating Income": 0,
        "EBIT": 0,
        "Net Income": 0
    },
    "2019-06-30": {
        "Diluted EPS": -0.05,
        "Total Revenue": 0,
        "Gross Profit": -1,
        "Operating Income": -1,
        "EBIT": -1,
        "Net Income": -1
    },
    "2019-03-31": {
        "Diluted EPS": -0.03,
        "Total Revenue": 0,
        "Gross Profit": 0,
        "Operating Income": -1,
        "EBIT": -1,
        "Net Income": -1
    },
    "2018-12-31": {
        "Diluted EPS": -0.02,
        "Total Revenue": 0,
        "Gross Profit": 0,
        "Operating Income": -1,
        "EBIT": -1,
        "Net Income": -1
    },
    "2018-09-30": {
        "Diluted EPS": -0.03,
        "Total Revenue": 0,
        "Gross Profit": 0,
        "Operating Income": 0,
        "EBIT": 0,
        "Net Income": -1
    },
    "2018-06-30": {
        "Diluted EPS": -0.02,
        "Total Revenue": 0,
        "Gross Profit": 0,
        "Operating Income": -1,
        "EBIT": -1,
        "Net Income": -1
    },
    "2018-03-31": {
        "Diluted EPS": -0.03,
        "Total Revenue": 0,
        "Gross Profit": -1,
        "Operating Income": -1,
        "EBIT": -1,
        "Net Income": -1
    },
    "2017-12-31": {
        "Diluted EPS": -0.03,
        "Total Revenue": 0,
        "Gross Profit": 0,
        "Operating Income": -1,
        "EBIT": -1,
        "Net Income": -1
    },
    "2017-09-30": {
        "Diluted EPS": -0.01,
        "Total Revenue": 0,
        "Gross Profit": 0,
        "Operating Income": 0,
        "EBIT": 0,
        "Net Income": 0
    },
    "2017-06-30": {
        "Diluted EPS": -0.02,
        "Total Revenue": 0,
        "Gross Profit": 0,
        "Operating Income": 0,
        "EBIT": 0,
        "Net Income": 0
    },
    "2017-03-31": {
        "Diluted EPS": -0.04,
        "Total Revenue": 0,
        "Gross Profit": -1,
        "Operating Income": -1,
        "EBIT": -1,
        "Net Income": -1
    },
    "2016-12-31": {
        "Diluted EPS": -0.06,
        "Total Revenue": 0,
        "Gross Profit": -1,
        "Operating Income": -1,
        "EBIT": -1,
        "Net Income": -1
    },
    "2016-09-30": {
        "Diluted EPS": -0.02,
        "Total Revenue": 0,
        "Gross Profit": 0,
        "Operating Income": -1,
        "EBIT": -1,
        "Net Income": -1
    },
    "2016-06-30": {
        "Diluted EPS": -0.05,
        "Total Revenue": 0,
        "Gross Profit": -1,
        "Operating Income": -1,
        "EBIT": -1,
        "Net Income": -1
    },
    "2016-03-31": {
        "Diluted EPS": -0.05,
        "Total Revenue": 0,
        "Gross Profit": -1,
        "Operating Income": -1,
        "EBIT": -1,
        "Net Income": -1
    },
    "2015-12-31": {
        "Diluted EPS": -0.08,
        "Total Revenue": 0,
        "Gross Profit": -1,
        "Operating Income": -2,
        "EBIT": -2,
        "Net Income": -2
    },
    "2015-09-30": {
        "Diluted EPS": -0.03,
        "Total Revenue": 0,
        "Gross Profit": 0,
        "Operating Income": -1,
        "EBIT": -1,
        "Net Income": -1
    },
    "2015-06-30": {
        "Diluted EPS": -0.02,
        "Total Revenue": 1,
        "Gross Profit": 0,
        "Operating Income": 0,
        "EBIT": 0,
        "Net Income": 0
    },
    "2015-03-31": {
        "Diluted EPS": -0.05,
        "Total Revenue": 0,
        "Gross Profit": -1,
        "Operating Income": -1,
        "EBIT": -1,
        "Net Income": -1
    },
    "2014-12-31": {
        "Diluted EPS": -0.06,
        "Total Revenue": 0,
        "Gross Profit": -1,
        "Operating Income": -1,
        "EBIT": -1,
        "Net Income": -1
    },
    "2014-09-30": {
        "Diluted EPS": -0.03,
        "Total Revenue": 0,
        "Gross Profit": 0,
        "Operating Income": -1,
        "EBIT": -1,
        "Net Income": -1
    },
    "2014-06-30": {
        "Diluted EPS": -0.05,
        "Total Revenue": 0,
        "Gross Profit": -1,
        "Operating Income": -1,
        "EBIT": -1,
        "Net Income": -1
    },
    "2014-03-31": {
        "Diluted EPS": -0.05,
        "Total Revenue": 0,
        "Gross Profit": -1,
        "Operating Income": -1,
        "EBIT": -1,
        "Net Income": -1
    },
    "2013-12-31": {
        "Diluted EPS": -0.12,
        "Total Revenue": 0,
        "Gross Profit": -2,
        "Operating Income": -3,
        "EBIT": -3,
        "Net Income": -3
    },
    "2013-09-30": {
        "Diluted EPS": -0.04,
        "Total Revenue": 1,
        "Gross Profit": 0,
        "Operating Income": -1,
        "EBIT": -1,
        "Net Income": -1
    },
    "2013-06-30": {
        "Diluted EPS": -0.03,
        "Total Revenue": 1,
        "Gross Profit": 0,
        "Operating Income": -1,
        "EBIT": -1,
        "Net Income": -1
    },
    "2013-03-31": {
        "Diluted EPS": -0.07,
        "Total Revenue": 1,
        "Gross Profit": -1,
        "Operating Income": -2,
        "EBIT": -2,
        "Net Income": -2
    },
    "2012-12-31": {
        "Diluted EPS": -0.04,
        "Total Revenue": 1,
        "Gross Profit": 0,
        "Operating Income": -1,
        "EBIT": -1,
        "Net Income": -1
    },
    "2012-09-30": {
        "Diluted EPS": -0.04,
        "Total Revenue": 0,
        "Gross Profit": -1,
        "Operating Income": -1,
        "EBIT": -1,
        "Net Income": -1
    },
    "2012-06-30": {
        "Diluted EPS": -0.04,
        "Total Revenue": 0,
        "Gross Profit": 0,
        "Operating Income": -1,
        "EBIT": -1,
        "Net Income": -1
    },
    "2012-03-31": {
        "Diluted EPS": -0.04,
        "Total Revenue": 0,
        "Gross Profit": -1,
        "Operating Income": -1,
        "EBIT": -1,
        "Net Income": -1
    },
    "2011-12-31": {
        "Diluted EPS": -0.04,
        "Total Revenue": 0,
        "Gross Profit": -1,
        "Operating Income": -1,
        "EBIT": -1,
        "Net Income": -1
    },
    "2011-09-30": {
        "Diluted EPS": -0.04,
        "Total Revenue": 0,
        "Gross Profit": 0,
        "Operating Income": -1,
        "EBIT": -1,
        "Net Income": -1
    },
    "2011-06-30": {
        "Diluted EPS": -0.05,
        "Total Revenue": 0,
        "Gross Profit": -1,
        "Operating Income": -1,
        "EBIT": -1,
        "Net Income": -1
    },
    "2011-03-31": {
        "Diluted EPS": -0.09,
        "Total Revenue": 0,
        "Gross Profit": -1,
        "Operating Income": -2,
        "EBIT": -2,
        "Net Income": -2
    },
    "2010-12-31": {
        "Diluted EPS": -0.04,
        "Total Revenue": 0,
        "Gross Profit": 0,
        "Operating Income": -1,
        "EBIT": -1,
        "Net Income": -1
    },
    "2010-09-30": {
        "Diluted EPS": -0.04,
        "Total Revenue": 0,
        "Gross Profit": 0,
        "Operating Income": -1,
        "EBIT": -1,
        "Net Income": -1
    },
    "2010-06-30": {
        "Diluted EPS": -0.04,
        "Total Revenue": 0,
        "Gross Profit": 0,
        "Operating Income": -1,
        "EBIT": -1,
        "Net Income": -1
    },
    "2010-03-31": {
        "Diluted EPS": -0.1,
        "Total Revenue": 0,
        "Gross Profit": -1,
        "Operating Income": -2,
        "EBIT": -2,
        "Net Income": -2
    },
    "2009-12-31": {
        "Diluted EPS": -0.05,
        "Total Revenue": 0,
        "Gross Profit": 0,
        "Operating Income": -1,
        "EBIT": -1,
        "Net Income": -1
    },
    "2009-09-30": {
        "Diluted EPS": -0.05,
        "Total Revenue": 0,
        "Gross Profit": 0,
        "Operating Income": -1,
        "EBIT": -1,
        "Net Income": -1
    },
    "2009-06-30": {
        "Diluted EPS": -0.05,
        "Total Revenue": 0,
        "Gross Profit": -1,
        "Operating Income": -1,
        "EBIT": -1,
        "Net Income": -1
    },
    "2009-03-31": {
        "Diluted EPS": -0.1,
        "Total Revenue": 0,
        "Gross Profit": -1,
        "Operating Income": -2,
        "EBIT": -2,
        "Net Income": -2
    },
    "2023-06-30": {
        "Tax Effect Of Unusual Items": NaN,
        "Tax Rate For Calcs": NaN,
        "Normalized EBITDA": NaN,
        "Total Unusual Items": NaN,
        "Total Unusual Items Excluding Goodwill": NaN,
        "Net Income From Continuing Operation Net Minority Interest": NaN,
        "Reconciled Depreciation": NaN,
        "EBITDA": NaN,
        "EBIT": NaN,
        "Normalized Income": NaN,
        "Net Income From Continuing And Discontinued Operation": NaN,
        "Total Expenses": NaN,
        "Total Operating Income As Reported": NaN,
        "Diluted Average Shares": 33509287.0,
        "Basic Average Shares": 33509287.0,
        "Diluted EPS": -0.01,
        "Basic EPS": -0.01,
        "Diluted NI Availto Com Stockholders": NaN,
        "Net Income Common Stockholders": NaN,
        "Net Income": NaN,
        "Net Income Including Noncontrolling Interests": NaN,
        "Net Income Continuous Operations": NaN,
        "Pretax Income": NaN,
        "Other Income Expense": NaN,
        "Other Non Operating Income Expenses": NaN,
        "Gain On Sale Of Security": NaN,
        "Operating Income": NaN,
        "Operating Expense": NaN,
        "Other Operating Expenses": NaN,
        "Research And Development": NaN,
        "Total Revenue": NaN,
        "Operating Revenue": NaN
    },
    "2023-09-30": {
        "Tax Effect Of Unusual Items": NaN,
        "Tax Rate For Calcs": NaN,
        "Normalized EBITDA": NaN,
        "Total Unusual Items": NaN,
        "Total Unusual Items Excluding Goodwill": NaN,
        "Net Income From Continuing Operation Net Minority Interest": NaN,
        "Reconciled Depreciation": NaN,
        "EBITDA": NaN,
        "EBIT": NaN,
        "Normalized Income": NaN,
        "Net Income From Continuing And Discontinued Operation": NaN,
        "Total Expenses": NaN,
        "Total Operating Income As Reported": NaN,
        "Diluted Average Shares": 33509287.0,
        "Basic Average Shares": 33509287.0,
        "Diluted EPS": -0.01,
        "Basic EPS": -0.01,
        "Diluted NI Availto Com Stockholders": NaN,
        "Net Income Common Stockholders": NaN,
        "Net Income": NaN,
        "Net Income Including Noncontrolling Interests": NaN,
        "Net Income Continuous Operations": NaN,
        "Pretax Income": NaN,
        "Other Income Expense": NaN,
        "Other Non Operating Income Expenses": NaN,
        "Gain On Sale Of Security": NaN,
        "Operating Income": NaN,
        "Operating Expense": NaN,
        "Other Operating Expenses": NaN,
        "Research And Development": NaN,
        "Total Revenue": NaN,
        "Operating Revenue": NaN
    },
    "2023-12-31": {
        "Tax Effect Of Unusual Items": 0.0,
        "Tax Rate For Calcs": 0.0,
        "Normalized EBITDA": -488258.0,
        "Total Unusual Items": 25475.0,
        "Total Unusual Items Excluding Goodwill": 25475.0,
        "Net Income From Continuing Operation Net Minority Interest": -479910.0,
        "Reconciled Depreciation": 42602.0,
        "EBITDA": -462783.0,
        "EBIT": -505385.0,
        "Normalized Income": -505385.0,
        "Net Income From Continuing And Discontinued Operation": -479910.0,
        "Total Expenses": 817621.0,
        "Total Operating Income As Reported": -505385.0,
        "Diluted Average Shares": NaN,
        "Basic Average Shares": NaN,
        "Diluted EPS": NaN,
        "Basic EPS": NaN,
        "Diluted NI Availto Com Stockholders": -479910.0,
        "Net Income Common Stockholders": -479910.0,
        "Net Income": -479910.0,
        "Net Income Including Noncontrolling Interests": -479910.0,
        "Net Income Continuous Operations": -479910.0,
        "Pretax Income": -479910.0,
        "Other Income Expense": 25475.0,
        "Other Non Operating Income Expenses": NaN,
        "Gain On Sale Of Security": 25475.0,
        "Operating Income": -505385.0,
        "Operating Expense": 817621.0,
        "Other Operating Expenses": 664505.0,
        "Research And Development": 153116.0,
        "Total Revenue": 312236.0,
        "Operating Revenue": 312236.0
    },
    "2024-03-31": {
        "Tax Effect Of Unusual Items": NaN,
        "Tax Rate For Calcs": NaN,
        "Normalized EBITDA": NaN,
        "Total Unusual Items": 27146.0,
        "Total Unusual Items Excluding Goodwill": 27146.0,
        "Net Income From Continuing Operation Net Minority Interest": NaN,
        "Reconciled Depreciation": NaN,
        "EBITDA": NaN,
        "EBIT": NaN,
        "Net Interest Income": NaN,
        "Interest Income": NaN,
        "Normalized Income": NaN,
        "Net Income From Continuing And Discontinued Operation": NaN,
        "Total Expenses": NaN,
        "Total Operating Income As Reported": NaN,
        "Diluted Average Shares": NaN,
        "Basic Average Shares": NaN,
        "Diluted EPS": NaN,
        "Basic EPS": NaN,
        "Diluted NI Availto Com Stockholders": NaN,
        "Net Income Common Stockholders": NaN,
        "Net Income": NaN,
        "Net Income Including Noncontrolling Interests": NaN,
        "Net Income Continuous Operations": NaN,
        "Pretax Income": NaN,
        "Other Income Expense": 27146.0,
        "Other Non Operating Income Expenses": NaN,
        "Gain On Sale Of Security": 27146.0,
        "Net Non Operating Interest Income Expense": NaN,
        "Interest Income Non Operating": NaN,
        "Operating Income": NaN,
        "Operating Expense": NaN,
        "Other Operating Expenses": NaN,
        "Research And Development": NaN,
        "Total Revenue": NaN,
        "Operating Revenue": NaN
    },
    "2024-06-30": {
        "Tax Effect Of Unusual Items": NaN,
        "Tax Rate For Calcs": NaN,
        "Normalized EBITDA": NaN,
        "Total Unusual Items": 22112.0,
        "Total Unusual Items Excluding Goodwill": 22112.0,
        "Net Income From Continuing Operation Net Minority Interest": NaN,
        "Reconciled Depreciation": NaN,
        "EBITDA": NaN,
        "EBIT": NaN,
        "Net Interest Income": 22112.0,
        "Interest Income": 22112.0,
        "Normalized Income": NaN,
        "Net Income From Continuing And Discontinued Operation": NaN,
        "Total Expenses": NaN,
        "Total Operating Income As Reported": NaN,
        "Diluted Average Shares": 33517787.0,
        "Basic Average Shares": 33517787.0,
        "Diluted EPS": 0.0,
        "Basic EPS": 0.0,
        "Diluted NI Availto Com Stockholders": NaN,
        "Net Income Common Stockholders": NaN,
        "Net Income": NaN,
        "Net Income Including Noncontrolling Interests": NaN,
        "Net Income Continuous Operations": NaN,
        "Pretax Income": NaN,
        "Other Income Expense": 22112.0,
        "Other Non Operating Income Expenses": NaN,
        "Gain On Sale Of Security": 22112.0,
        "Net Non Operating Interest Income Expense": 22112.0,
        "Interest Income Non Operating": 22112.0,
        "Operating Income": NaN,
        "Operating Expense": NaN,
        "Other Operating Expenses": NaN,
        "Research And Development": NaN,
        "Total Revenue": NaN,
        "Operating Revenue": NaN
    },
    "2024-09-30": {
        "Tax Effect Of Unusual Items": 0.0,
        "Tax Rate For Calcs": 0.0,
        "Normalized EBITDA": -189330.0,
        "Total Unusual Items": 29736.0,
        "Total Unusual Items Excluding Goodwill": 29736.0,
        "Net Income From Continuing Operation Net Minority Interest": -166816.0,
        "Reconciled Depreciation": 42374.0,
        "EBITDA": -189330.0,
        "EBIT": -231704.0,
        "Net Interest Income": 29736.0,
        "Interest Income": 29736.0,
        "Normalized Income": -166816.0,
        "Net Income From Continuing And Discontinued Operation": -166816.0,
        "Total Expenses": 586112.0,
        "Total Operating Income As Reported": -231704.0,
        "Diluted Average Shares": 33517787.0,
        "Basic Average Shares": 33517787.0,
        "Diluted EPS": 0.0,
        "Basic EPS": 0.0,
        "Diluted NI Availto Com Stockholders": -166816.0,
        "Net Income Common Stockholders": -166816.0,
        "Net Income": -166816.0,
        "Net Income Including Noncontrolling Interests": -166816.0,
        "Net Income Continuous Operations": -166816.0,
        "Pretax Income": -166816.0,
        "Other Income Expense": 35152.0,
        "Other Non Operating Income Expenses": 35152.0,
        "Gain On Sale Of Security": 29736.0,
        "Net Non Operating Interest Income Expense": 29736.0,
        "Interest Income Non Operating": 29736.0,
        "Operating Income": -231704.0,
        "Operating Expense": 586112.0,
        "Other Operating Expenses": 454866.0,
        "Research And Development": 131246.0,
        "Total Revenue": 354408.0,
        "Operating Revenue": 354408.0
    },
    "2024-12-31": {
        "Tax Effect Of Unusual Items": 0.0,
        "Tax Rate For Calcs": 0.0,
        "Normalized EBITDA": -503876.0,
        "Total Unusual Items": 16344.0,
        "Total Unusual Items Excluding Goodwill": 16344.0,
        "Net Income From Continuing Operation Net Minority Interest": -607940.0,
        "Reconciled Depreciation": 136752.0,
        "EBITDA": -487532.0,
        "EBIT": -624284.0,
        "Net Interest Income": NaN,
        "Interest Income": NaN,
        "Normalized Income": -624284.0,
        "Net Income From Continuing And Discontinued Operation": -607940.0,
        "Total Expenses": 802435.0,
        "Total Operating Income As Reported": -624284.0,
        "Diluted Average Shares": NaN,
        "Basic Average Shares": NaN,
        "Diluted EPS": NaN,
        "Basic EPS": NaN,
        "Diluted NI Availto Com Stockholders": -607940.0,
        "Net Income Common Stockholders": -607940.0,
        "Net Income": -607940.0,
        "Net Income Including Noncontrolling Interests": -607940.0,
        "Net Income Continuous Operations": -607940.0,
        "Pretax Income": -607940.0,
        "Other Income Expense": 16344.0,
        "Other Non Operating Income Expenses": 0.0,
        "Gain On Sale Of Security": 16344.0,
        "Net Non Operating Interest Income Expense": NaN,
        "Interest Income Non Operating": NaN,
        "Operating Income": -624284.0,
        "Operating Expense": 802435.0,
        "Other Operating Expenses": 642245.0,
        "Research And Development": 160190.0,
        "Total Revenue": 178151.0,
        "Operating Revenue": 178151.0
    },
    "2025-03-31": {
        "Tax Effect Of Unusual Items": 0.0,
        "Tax Rate For Calcs": 0.0,
        "Normalized EBITDA": -207786.0,
        "Total Unusual Items": 14533.0,
        "Total Unusual Items Excluding Goodwill": 14533.0,
        "Net Income From Continuing Operation Net Minority Interest": -177687.0,
        "Reconciled Depreciation": 46324.0,
        "EBITDA": -193253.0,
        "EBIT": -239577.0,
        "Net Interest Income": NaN,
        "Interest Income": NaN,
        "Normalized Income": -192220.0,
        "Net Income From Continuing And Discontinued Operation": -177687.0,
        "Total Expenses": 799353.0,
        "Total Operating Income As Reported": -239577.0,
        "Diluted Average Shares": 33648221.0,
        "Basic Average Shares": 33648221.0,
        "Diluted EPS": -0.01,
        "Basic EPS": -0.01,
        "Diluted NI Availto Com Stockholders": -177687.0,
        "Net Income Common Stockholders": -177687.0,
        "Net Income": -177687.0,
        "Net Income Including Noncontrolling Interests": -177687.0,
        "Net Income Continuous Operations": -177687.0,
        "Pretax Income": -177687.0,
        "Other Income Expense": 61890.0,
        "Other Non Operating Income Expenses": 47357.0,
        "Gain On Sale Of Security": 14533.0,
        "Net Non Operating Interest Income Expense": NaN,
        "Interest Income Non Operating": NaN,
        "Operating Income": -239577.0,
        "Operating Expense": 799353.0,
        "Other Operating Expenses": 636476.0,
        "Research And Development": 162877.0,
        "Total Revenue": 559776.0,
        "Operating Revenue": 559776.0
    },
    "2025-06-30": {
        "Tax Effect Of Unusual Items": 0.0,
        "Tax Rate For Calcs": 0.0,
        "Normalized EBITDA": -768337.0,
        "Total Unusual Items": NaN,
        "Total Unusual Items Excluding Goodwill": NaN,
        "Net Income From Continuing Operation Net Minority Interest": -803826.0,
        "Reconciled Depreciation": 46767.0,
        "EBITDA": -768337.0,
        "EBIT": -815104.0,
        "Net Interest Income": 11278.0,
        "Interest Income": 11278.0,
        "Normalized Income": -803826.0,
        "Net Income From Continuing And Discontinued Operation": -803826.0,
        "Total Expenses": 945008.0,
        "Total Operating Income As Reported": -815104.0,
        "Diluted Average Shares": 33648221.0,
        "Basic Average Shares": 33648221.0,
        "Diluted EPS": -0.02,
        "Basic EPS": -0.02,
        "Diluted NI Availto Com Stockholders": -803826.0,
        "Net Income Common Stockholders": -803826.0,
        "Net Income": -803826.0,
        "Net Income Including Noncontrolling Interests": -803826.0,
        "Net Income Continuous Operations": -803826.0,
        "Pretax Income": -803826.0,
        "Other Income Expense": NaN,
        "Other Non Operating Income Expenses": NaN,
        "Gain On Sale Of Security": NaN,
        "Net Non Operating Interest Income Expense": 11278.0,
        "Interest Income Non Operating": 11278.0,
        "Operating Income": -815104.0,
        "Operating Expense": 945008.0,
        "Other Operating Expenses": 775922.0,
        "Research And Development": 169086.0,
        "Total Revenue": 129904.0,
        "Operating Revenue": 129904.0
    },
    "2025-09-30": {
        "Tax Effect Of Unusual Items": 0.0,
        "Tax Rate For Calcs": 0.0,
        "Normalized EBITDA": -257149.0,
        "Total Unusual Items": NaN,
        "Total Unusual Items Excluding Goodwill": NaN,
        "Net Income From Continuing Operation Net Minority Interest": -298508.0,
        "Reconciled Depreciation": 46795.0,
        "EBITDA": -257149.0,
        "EBIT": -303944.0,
        "Net Interest Income": 5436.0,
        "Interest Income": 5436.0,
        "Normalized Income": -298508.0,
        "Net Income From Continuing And Discontinued Operation": -298508.0,
        "Total Expenses": 663388.0,
        "Total Operating Income As Reported": -303944.0,
        "Diluted Average Shares": 33648221.0,
        "Basic Average Shares": 33648221.0,
        "Diluted EPS": -0.01,
        "Basic EPS": -0.01,
        "Diluted NI Availto Com Stockholders": -298508.0,
        "Net Income Common Stockholders": -298508.0,
        "Net Income": -298508.0,
        "Net Income Including Noncontrolling Interests": -298508.0,
        "Net Income Continuous Operations": -298508.0,
        "Pretax Income": -298508.0,
        "Other Income Expense": NaN,
        "Other Non Operating Income Expenses": NaN,
        "Gain On Sale Of Security": NaN,
        "Net Non Operating Interest Income Expense": 5436.0,
        "Interest Income Non Operating": 5436.0,
        "Operating Income": -303944.0,
        "Operating Expense": 663388.0,
        "Other Operating Expenses": 521642.0,
        "Research And Development": 141746.0,
        "Total Revenue": 359444.0,
        "Operating Revenue": 359444.0
    }
}