{
    "2024-03-31": {
        "Tax Effect Of Unusual Items": NaN,
        "Tax Rate For Calcs": NaN,
        "Normalized EBITDA": NaN,
        "Total Unusual Items": NaN,
        "Total Unusual Items Excluding Goodwill": NaN,
        "Net Income From Continuing Operation Net Minority Interest": NaN,
        "Reconciled Depreciation": NaN,
        "Reconciled Cost Of Revenue": NaN,
        "EBITDA": NaN,
        "EBIT": NaN,
        "Net Interest Income": NaN,
        "Interest Expense": NaN,
        "Interest Income": NaN,
        "Normalized Income": NaN,
        "Net Income From Continuing And Discontinued Operation": NaN,
        "Total Expenses": NaN,
        "Total Operating Income As Reported": NaN,
        "Diluted Average Shares": NaN,
        "Basic Average Shares": NaN,
        "Diluted EPS": NaN,
        "Basic EPS": NaN,
        "Diluted NI Availto Com Stockholders": NaN,
        "Net Income Common Stockholders": NaN,
        "Net Income": NaN,
        "Net Income Including Noncontrolling Interests": NaN,
        "Net Income Continuous Operations": NaN,
        "Tax Provision": NaN,
        "Pretax Income": NaN,
        "Other Income Expense": NaN,
        "Other Non Operating Income Expenses": 25686.0,
        "Special Income Charges": NaN,
        "Gain On Sale Of Ppe": NaN,
        "Gain On Sale Of Security": NaN,
        "Net Non Operating Interest Income Expense": NaN,
        "Total Other Finance Cost": 1461235.0,
        "Interest Expense Non Operating": NaN,
        "Interest Income Non Operating": NaN,
        "Operating Income": NaN,
        "Operating Expense": NaN,
        "Other Operating Expenses": NaN,
        "Selling General And Administration": NaN,
        "General And Administrative Expense": NaN,
        "Other Gand A": NaN,
        "Salaries And Wages": 1723832.0,
        "Gross Profit": NaN,
        "Cost Of Revenue": NaN,
        "Total Revenue": NaN,
        "Operating Revenue": NaN
    },
    "2023-12-31": {
        "Tax Effect Of Unusual Items": NaN,
        "Tax Rate For Calcs": NaN,
        "Normalized EBITDA": NaN,
        "Total Unusual Items": NaN,
        "Total Unusual Items Excluding Goodwill": NaN,
        "Net Income From Continuing Operation Net Minority Interest": NaN,
        "Reconciled Depreciation": NaN,
        "Reconciled Cost Of Revenue": NaN,
        "EBITDA": NaN,
        "EBIT": NaN,
        "Net Interest Income": NaN,
        "Interest Expense": NaN,
        "Interest Income": NaN,
        "Normalized Income": NaN,
        "Net Income From Continuing And Discontinued Operation": NaN,
        "Total Expenses": NaN,
        "Total Operating Income As Reported": NaN,
        "Diluted Average Shares": NaN,
        "Basic Average Shares": NaN,
        "Diluted EPS": NaN,
        "Basic EPS": NaN,
        "Diluted NI Availto Com Stockholders": NaN,
        "Net Income Common Stockholders": NaN,
        "Net Income": NaN,
        "Net Income Including Noncontrolling Interests": NaN,
        "Net Income Continuous Operations": NaN,
        "Tax Provision": NaN,
        "Pretax Income": NaN,
        "Other Income Expense": NaN,
        "Other Non Operating Income Expenses": 72725.0,
        "Special Income Charges": NaN,
        "Gain On Sale Of Ppe": NaN,
        "Gain On Sale Of Security": NaN,
        "Net Non Operating Interest Income Expense": NaN,
        "Total Other Finance Cost": NaN,
        "Interest Expense Non Operating": NaN,
        "Interest Income Non Operating": NaN,
        "Operating Income": NaN,
        "Operating Expense": NaN,
        "Other Operating Expenses": NaN,
        "Selling General And Administration": NaN,
        "General And Administrative Expense": NaN,
        "Other Gand A": NaN,
        "Salaries And Wages": NaN,
        "Gross Profit": NaN,
        "Cost Of Revenue": NaN,
        "Total Revenue": NaN,
        "Operating Revenue": NaN
    },
    "2023-09-30": {
        "Tax Effect Of Unusual Items": NaN,
        "Tax Rate For Calcs": NaN,
        "Normalized EBITDA": NaN,
        "Total Unusual Items": NaN,
        "Total Unusual Items Excluding Goodwill": NaN,
        "Net Income From Continuing Operation Net Minority Interest": NaN,
        "Reconciled Depreciation": NaN,
        "Reconciled Cost Of Revenue": NaN,
        "EBITDA": NaN,
        "EBIT": NaN,
        "Net Interest Income": NaN,
        "Interest Expense": NaN,
        "Interest Income": NaN,
        "Normalized Income": NaN,
        "Net Income From Continuing And Discontinued Operation": NaN,
        "Total Expenses": NaN,
        "Total Operating Income As Reported": NaN,
        "Diluted Average Shares": NaN,
        "Basic Average Shares": NaN,
        "Diluted EPS": NaN,
        "Basic EPS": NaN,
        "Diluted NI Availto Com Stockholders": NaN,
        "Net Income Common Stockholders": NaN,
        "Net Income": NaN,
        "Net Income Including Noncontrolling Interests": NaN,
        "Net Income Continuous Operations": NaN,
        "Tax Provision": NaN,
        "Pretax Income": NaN,
        "Other Income Expense": NaN,
        "Other Non Operating Income Expenses": NaN,
        "Special Income Charges": NaN,
        "Gain On Sale Of Ppe": NaN,
        "Gain On Sale Of Security": NaN,
        "Net Non Operating Interest Income Expense": NaN,
        "Total Other Finance Cost": 1624181.0,
        "Interest Expense Non Operating": NaN,
        "Interest Income Non Operating": NaN,
        "Operating Income": NaN,
        "Operating Expense": NaN,
        "Other Operating Expenses": NaN,
        "Selling General And Administration": NaN,
        "General And Administrative Expense": NaN,
        "Other Gand A": NaN,
        "Salaries And Wages": 2170735.0,
        "Gross Profit": NaN,
        "Cost Of Revenue": NaN,
        "Total Revenue": NaN,
        "Operating Revenue": NaN
    },
    "2023-06-30": {
        "Tax Effect Of Unusual Items": NaN,
        "Tax Rate For Calcs": NaN,
        "Normalized EBITDA": NaN,
        "Total Unusual Items": NaN,
        "Total Unusual Items Excluding Goodwill": NaN,
        "Net Income From Continuing Operation Net Minority Interest": NaN,
        "Reconciled Depreciation": NaN,
        "Reconciled Cost Of Revenue": NaN,
        "EBITDA": NaN,
        "EBIT": NaN,
        "Net Interest Income": NaN,
        "Interest Expense": NaN,
        "Interest Income": NaN,
        "Normalized Income": NaN,
        "Net Income From Continuing And Discontinued Operation": NaN,
        "Total Expenses": NaN,
        "Total Operating Income As Reported": NaN,
        "Diluted Average Shares": 195866533.0,
        "Basic Average Shares": 193077859.0,
        "Diluted EPS": 0.15,
        "Basic EPS": 0.15,
        "Diluted NI Availto Com Stockholders": NaN,
        "Net Income Common Stockholders": NaN,
        "Net Income": NaN,
        "Net Income Including Noncontrolling Interests": NaN,
        "Net Income Continuous Operations": NaN,
        "Tax Provision": NaN,
        "Pretax Income": NaN,
        "Other Income Expense": NaN,
        "Other Non Operating Income Expenses": 116610.0,
        "Special Income Charges": NaN,
        "Gain On Sale Of Ppe": NaN,
        "Gain On Sale Of Security": NaN,
        "Net Non Operating Interest Income Expense": NaN,
        "Total Other Finance Cost": 1460460.0,
        "Interest Expense Non Operating": NaN,
        "Interest Income Non Operating": NaN,
        "Operating Income": NaN,
        "Operating Expense": NaN,
        "Other Operating Expenses": NaN,
        "Selling General And Administration": NaN,
        "General And Administrative Expense": NaN,
        "Other Gand A": NaN,
        "Salaries And Wages": 2260312.0,
        "Gross Profit": NaN,
        "Cost Of Revenue": NaN,
        "Total Revenue": NaN,
        "Operating Revenue": NaN
    },
    "2023-03-31": {
        "Tax Effect Of Unusual Items": NaN,
        "Tax Rate For Calcs": NaN,
        "Normalized EBITDA": NaN,
        "Total Unusual Items": NaN,
        "Total Unusual Items Excluding Goodwill": NaN,
        "Net Income From Continuing Operation Net Minority Interest": NaN,
        "Reconciled Depreciation": NaN,
        "Reconciled Cost Of Revenue": NaN,
        "EBITDA": NaN,
        "EBIT": NaN,
        "Net Interest Income": NaN,
        "Interest Expense": NaN,
        "Interest Income": NaN,
        "Normalized Income": NaN,
        "Net Income From Continuing And Discontinued Operation": NaN,
        "Total Expenses": NaN,
        "Total Operating Income As Reported": NaN,
        "Diluted Average Shares": NaN,
        "Basic Average Shares": NaN,
        "Diluted EPS": NaN,
        "Basic EPS": NaN,
        "Diluted NI Availto Com Stockholders": NaN,
        "Net Income Common Stockholders": NaN,
        "Net Income": NaN,
        "Net Income Including Noncontrolling Interests": NaN,
        "Net Income Continuous Operations": NaN,
        "Tax Provision": NaN,
        "Pretax Income": NaN,
        "Other Income Expense": NaN,
        "Other Non Operating Income Expenses": 9600.0,
        "Special Income Charges": NaN,
        "Gain On Sale Of Ppe": NaN,
        "Gain On Sale Of Security": NaN,
        "Net Non Operating Interest Income Expense": NaN,
        "Total Other Finance Cost": NaN,
        "Interest Expense Non Operating": NaN,
        "Interest Income Non Operating": NaN,
        "Operating Income": NaN,
        "Operating Expense": NaN,
        "Other Operating Expenses": NaN,
        "Selling General And Administration": NaN,
        "General And Administrative Expense": NaN,
        "Other Gand A": NaN,
        "Salaries And Wages": NaN,
        "Gross Profit": NaN,
        "Cost Of Revenue": NaN,
        "Total Revenue": NaN,
        "Operating Revenue": NaN
    },
    "2022-12-31": {
        "Tax Effect Of Unusual Items": NaN,
        "Tax Rate For Calcs": NaN,
        "Normalized EBITDA": NaN,
        "Total Unusual Items": NaN,
        "Total Unusual Items Excluding Goodwill": NaN,
        "Net Income From Continuing Operation Net Minority Interest": NaN,
        "Reconciled Depreciation": NaN,
        "Reconciled Cost Of Revenue": NaN,
        "EBITDA": NaN,
        "EBIT": NaN,
        "Net Interest Income": NaN,
        "Interest Expense": NaN,
        "Interest Income": NaN,
        "Normalized Income": NaN,
        "Net Income From Continuing And Discontinued Operation": NaN,
        "Total Expenses": NaN,
        "Total Operating Income As Reported": NaN,
        "Diluted Average Shares": 178736799.0,
        "Basic Average Shares": 162743445.0,
        "Diluted EPS": 0.08,
        "Basic EPS": 0.09,
        "Diluted NI Availto Com Stockholders": NaN,
        "Net Income Common Stockholders": NaN,
        "Net Income": NaN,
        "Net Income Including Noncontrolling Interests": NaN,
        "Net Income Continuous Operations": NaN,
        "Tax Provision": NaN,
        "Pretax Income": NaN,
        "Other Income Expense": NaN,
        "Other Non Operating Income Expenses": NaN,
        "Special Income Charges": NaN,
        "Gain On Sale Of Ppe": NaN,
        "Gain On Sale Of Security": NaN,
        "Net Non Operating Interest Income Expense": NaN,
        "Total Other Finance Cost": NaN,
        "Interest Expense Non Operating": NaN,
        "Interest Income Non Operating": NaN,
        "Operating Income": NaN,
        "Operating Expense": NaN,
        "Other Operating Expenses": NaN,
        "Selling General And Administration": NaN,
        "General And Administrative Expense": NaN,
        "Other Gand A": NaN,
        "Salaries And Wages": NaN,
        "Gross Profit": NaN,
        "Cost Of Revenue": NaN,
        "Total Revenue": NaN,
        "Operating Revenue": NaN
    },
    "2022-09-30": {
        "Tax Effect Of Unusual Items": NaN,
        "Tax Rate For Calcs": NaN,
        "Normalized EBITDA": NaN,
        "Total Unusual Items": NaN,
        "Total Unusual Items Excluding Goodwill": NaN,
        "Net Income From Continuing Operation Net Minority Interest": NaN,
        "Reconciled Depreciation": NaN,
        "Reconciled Cost Of Revenue": NaN,
        "EBITDA": NaN,
        "EBIT": NaN,
        "Net Interest Income": NaN,
        "Interest Expense": NaN,
        "Interest Income": NaN,
        "Normalized Income": NaN,
        "Net Income From Continuing And Discontinued Operation": NaN,
        "Total Expenses": NaN,
        "Total Operating Income As Reported": NaN,
        "Diluted Average Shares": NaN,
        "Basic Average Shares": NaN,
        "Diluted EPS": NaN,
        "Basic EPS": NaN,
        "Diluted NI Availto Com Stockholders": NaN,
        "Net Income Common Stockholders": NaN,
        "Net Income": NaN,
        "Net Income Including Noncontrolling Interests": NaN,
        "Net Income Continuous Operations": NaN,
        "Tax Provision": NaN,
        "Pretax Income": NaN,
        "Other Income Expense": NaN,
        "Other Non Operating Income Expenses": NaN,
        "Special Income Charges": NaN,
        "Gain On Sale Of Ppe": NaN,
        "Gain On Sale Of Security": NaN,
        "Net Non Operating Interest Income Expense": NaN,
        "Total Other Finance Cost": NaN,
        "Interest Expense Non Operating": NaN,
        "Interest Income Non Operating": NaN,
        "Operating Income": NaN,
        "Operating Expense": NaN,
        "Other Operating Expenses": NaN,
        "Selling General And Administration": NaN,
        "General And Administrative Expense": NaN,
        "Other Gand A": NaN,
        "Salaries And Wages": 1543033.0,
        "Gross Profit": NaN,
        "Cost Of Revenue": NaN,
        "Total Revenue": NaN,
        "Operating Revenue": NaN
    },
    "2024-06-30": {
        "Tax Effect Of Unusual Items": -414569.014434,
        "Tax Rate For Calcs": 0.233263,
        "Normalized EBITDA": 65279344.0,
        "Total Unusual Items": -1777261.0,
        "Total Unusual Items Excluding Goodwill": -1777261.0,
        "Net Income From Continuing Operation Net Minority Interest": 22418994.0,
        "Reconciled Depreciation": 24699421.0,
        "Reconciled Cost Of Revenue": 49255697.0,
        "EBITDA": 63502083.0,
        "EBIT": 38802662.0,
        "Net Interest Income": -10801194.0,
        "Interest Expense": 9563183.0,
        "Interest Income": 228894.0,
        "Normalized Income": 23781685.985566,
        "Net Income From Continuing And Discontinued Operation": 22418994.0,
        "Total Expenses": 57321415.0,
        "Total Operating Income As Reported": 41817934.0,
        "Diluted Average Shares": 200428813.0,
        "Basic Average Shares": 197976721.0,
        "Diluted EPS": 0.11,
        "Basic EPS": 0.11,
        "Diluted NI Availto Com Stockholders": 22418994.0,
        "Net Income Common Stockholders": 22418994.0,
        "Net Income": 22418994.0,
        "Net Income Including Noncontrolling Interests": 22418994.0,
        "Net Income Continuous Operations": 22418994.0,
        "Tax Provision": 6820485.0,
        "Pretax Income": 29239479.0,
        "Other Income Expense": -1777261.0,
        "Other Non Operating Income Expenses": NaN,
        "Special Income Charges": 51338.0,
        "Gain On Sale Of Ppe": 51338.0,
        "Gain On Sale Of Security": -1828599.0,
        "Net Non Operating Interest Income Expense": -10801194.0,
        "Total Other Finance Cost": 1466905.0,
        "Interest Expense Non Operating": 9563183.0,
        "Interest Income Non Operating": 228894.0,
        "Operating Income": 41817934.0,
        "Operating Expense": 8065718.0,
        "Other Operating Expenses": 352184.0,
        "Selling General And Administration": 7713534.0,
        "General And Administrative Expense": 7713534.0,
        "Other Gand A": 5635756.0,
        "Salaries And Wages": 2077778.0,
        "Gross Profit": 49883652.0,
        "Cost Of Revenue": 49255697.0,
        "Total Revenue": 99139349.0,
        "Operating Revenue": 99139349.0
    },
    "2024-09-30": {
        "Tax Effect Of Unusual Items": 5673434.775,
        "Tax Rate For Calcs": 0.2294,
        "Normalized EBITDA": 54157947.0,
        "Total Unusual Items": 24731625.0,
        "Total Unusual Items Excluding Goodwill": 24731625.0,
        "Net Income From Continuing Operation Net Minority Interest": 33878424.0,
        "Reconciled Depreciation": 25662123.0,
        "Reconciled Cost Of Revenue": 52623329.0,
        "EBITDA": 78889572.0,
        "EBIT": 53227449.0,
        "Net Interest Income": -10610539.0,
        "Interest Expense": 9261071.0,
        "Interest Income": 143704.0,
        "Normalized Income": 14820233.775,
        "Net Income From Continuing And Discontinued Operation": 33878424.0,
        "Total Expenses": 59399091.0,
        "Total Operating Income As Reported": 29845292.0,
        "Diluted Average Shares": 200723863.0,
        "Basic Average Shares": 198177046.0,
        "Diluted EPS": 0.17,
        "Basic EPS": 0.17,
        "Diluted NI Availto Com Stockholders": 33878424.0,
        "Net Income Common Stockholders": 33878424.0,
        "Net Income": 33878424.0,
        "Net Income Including Noncontrolling Interests": 33878424.0,
        "Net Income Continuous Operations": 33878424.0,
        "Tax Provision": 10087954.0,
        "Pretax Income": 43966378.0,
        "Other Income Expense": 24731625.0,
        "Other Non Operating Income Expenses": NaN,
        "Special Income Charges": 0.0,
        "Gain On Sale Of Ppe": 0.0,
        "Gain On Sale Of Security": 24731625.0,
        "Net Non Operating Interest Income Expense": -10610539.0,
        "Total Other Finance Cost": 1493172.0,
        "Interest Expense Non Operating": 9261071.0,
        "Interest Income Non Operating": 143704.0,
        "Operating Income": 29845292.0,
        "Operating Expense": 6775762.0,
        "Other Operating Expenses": 354195.0,
        "Selling General And Administration": 6421567.0,
        "General And Administrative Expense": 6421567.0,
        "Other Gand A": 6389480.0,
        "Salaries And Wages": 32087.0,
        "Gross Profit": 36621054.0,
        "Cost Of Revenue": 52623329.0,
        "Total Revenue": 89244383.0,
        "Operating Revenue": 89244383.0
    },
    "2024-12-31": {
        "Tax Effect Of Unusual Items": -1511926.018864,
        "Tax Rate For Calcs": 0.241736,
        "Normalized EBITDA": 52798253.0,
        "Total Unusual Items": -6254448.0,
        "Total Unusual Items Excluding Goodwill": -6254448.0,
        "Net Income From Continuing Operation Net Minority Interest": 5657519.0,
        "Reconciled Depreciation": 24548849.0,
        "Reconciled Cost Of Revenue": 51459127.0,
        "EBITDA": 46543805.0,
        "EBIT": 21994956.0,
        "Net Interest Income": -9987731.0,
        "Interest Expense": 14533808.0,
        "Interest Income": 124765.0,
        "Normalized Income": 10400040.981136,
        "Net Income From Continuing And Discontinued Operation": 5657519.0,
        "Total Expenses": 59818189.0,
        "Total Operating Income As Reported": 23622357.0,
        "Diluted Average Shares": 200723863.0,
        "Basic Average Shares": 198177046.0,
        "Diluted EPS": 0.03,
        "Basic EPS": 0.03,
        "Diluted NI Availto Com Stockholders": 5657519.0,
        "Net Income Common Stockholders": 5657519.0,
        "Net Income": 5657519.0,
        "Net Income Including Noncontrolling Interests": 5657519.0,
        "Net Income Continuous Operations": 5657519.0,
        "Tax Provision": 1803629.0,
        "Pretax Income": 7461148.0,
        "Other Income Expense": -6173478.0,
        "Other Non Operating Income Expenses": 80970.0,
        "Special Income Charges": 0.0,
        "Gain On Sale Of Ppe": 0.0,
        "Gain On Sale Of Security": -6254448.0,
        "Net Non Operating Interest Income Expense": -9987731.0,
        "Total Other Finance Cost": NaN,
        "Interest Expense Non Operating": 14533808.0,
        "Interest Income Non Operating": 124765.0,
        "Operating Income": 23622357.0,
        "Operating Expense": 8359062.0,
        "Other Operating Expenses": 323085.0,
        "Selling General And Administration": 8035977.0,
        "General And Administrative Expense": 8035977.0,
        "Other Gand A": 11869674.0,
        "Salaries And Wages": NaN,
        "Gross Profit": 31981419.0,
        "Cost Of Revenue": 51459127.0,
        "Total Revenue": 83440546.0,
        "Operating Revenue": 83440546.0
    },
    "2025-03-31": {
        "Tax Effect Of Unusual Items": -201286.254,
        "Tax Rate For Calcs": 0.2503,
        "Normalized EBITDA": 43554982.0,
        "Total Unusual Items": -804180.0,
        "Total Unusual Items Excluding Goodwill": -804180.0,
        "Net Income From Continuing Operation Net Minority Interest": 9110738.0,
        "Reconciled Depreciation": 22615983.0,
        "Reconciled Cost Of Revenue": 47788801.0,
        "EBITDA": 42750802.0,
        "EBIT": 20134819.0,
        "Net Interest Income": -9408728.0,
        "Interest Expense": 7982904.0,
        "Interest Income": 90058.0,
        "Normalized Income": 9713631.746,
        "Net Income From Continuing And Discontinued Operation": 9110738.0,
        "Total Expenses": 56735326.0,
        "Total Operating Income As Reported": 22355881.0,
        "Diluted Average Shares": 201072594.0,
        "Basic Average Shares": 199314182.0,
        "Diluted EPS": 0.05,
        "Basic EPS": 0.05,
        "Diluted NI Availto Com Stockholders": 9110738.0,
        "Net Income Common Stockholders": 9110738.0,
        "Net Income": 9110738.0,
        "Net Income Including Noncontrolling Interests": 9110738.0,
        "Net Income Continuous Operations": 9110738.0,
        "Tax Provision": 3041177.0,
        "Pretax Income": 12151915.0,
        "Other Income Expense": -795238.0,
        "Other Non Operating Income Expenses": 8942.0,
        "Special Income Charges": 124610.0,
        "Gain On Sale Of Ppe": 124610.0,
        "Gain On Sale Of Security": -928790.0,
        "Net Non Operating Interest Income Expense": -9408728.0,
        "Total Other Finance Cost": 1515882.0,
        "Interest Expense Non Operating": 7982904.0,
        "Interest Income Non Operating": 90058.0,
        "Operating Income": 22355881.0,
        "Operating Expense": 8946525.0,
        "Other Operating Expenses": 326549.0,
        "Selling General And Administration": 8619976.0,
        "General And Administrative Expense": 8619976.0,
        "Other Gand A": 6929018.0,
        "Salaries And Wages": 1690958.0,
        "Gross Profit": 31302406.0,
        "Cost Of Revenue": 47788801.0,
        "Total Revenue": 79091207.0,
        "Operating Revenue": 79091207.0
    },
    "2025-06-30": {
        "Tax Effect Of Unusual Items": 3380797.125973,
        "Tax Rate For Calcs": 0.228381,
        "Normalized EBITDA": 47029979.0,
        "Total Unusual Items": 14803347.0,
        "Total Unusual Items Excluding Goodwill": 14803347.0,
        "Net Income From Continuing Operation Net Minority Interest": 20634887.0,
        "Reconciled Depreciation": 25569914.0,
        "Reconciled Cost Of Revenue": 51606048.0,
        "EBITDA": 61833326.0,
        "EBIT": 36263412.0,
        "Net Interest Income": -11687746.0,
        "Interest Expense": 9521100.0,
        "Interest Income": 69658.0,
        "Normalized Income": 9212337.125973,
        "Net Income From Continuing And Discontinued Operation": 20634887.0,
        "Total Expenses": 59126818.0,
        "Total Operating Income As Reported": 23475941.0,
        "Diluted Average Shares": 206982327.0,
        "Basic Average Shares": 206522356.0,
        "Diluted EPS": 0.1,
        "Basic EPS": 0.1,
        "Diluted NI Availto Com Stockholders": 20634887.0,
        "Net Income Common Stockholders": 20634887.0,
        "Net Income": 20634887.0,
        "Net Income Including Noncontrolling Interests": 20634887.0,
        "Net Income Continuous Operations": 20634887.0,
        "Tax Provision": 6107425.0,
        "Pretax Income": 26742312.0,
        "Other Income Expense": 14954117.0,
        "Other Non Operating Income Expenses": 150770.0,
        "Special Income Charges": 155293.0,
        "Gain On Sale Of Ppe": 155293.0,
        "Gain On Sale Of Security": 14648054.0,
        "Net Non Operating Interest Income Expense": -11687746.0,
        "Total Other Finance Cost": 2236304.0,
        "Interest Expense Non Operating": 9521100.0,
        "Interest Income Non Operating": 69658.0,
        "Operating Income": 23475941.0,
        "Operating Expense": 7520770.0,
        "Other Operating Expenses": 382251.0,
        "Selling General And Administration": 7138519.0,
        "General And Administrative Expense": 7138519.0,
        "Other Gand A": 5786680.0,
        "Salaries And Wages": 1351839.0,
        "Gross Profit": 30996711.0,
        "Cost Of Revenue": 51606048.0,
        "Total Revenue": 82602759.0,
        "Operating Revenue": 82602759.0
    }
}