{
    "2023-03-31": {
        "Tax Effect Of Unusual Items": NaN,
        "Tax Rate For Calcs": NaN,
        "Normalized EBITDA": NaN,
        "Total Unusual Items": NaN,
        "Total Unusual Items Excluding Goodwill": NaN,
        "Net Income From Continuing Operation Net Minority Interest": NaN,
        "Reconciled Depreciation": NaN,
        "EBITDA": NaN,
        "EBIT": NaN,
        "Net Interest Income": NaN,
        "Interest Expense": NaN,
        "Interest Income": NaN,
        "Normalized Income": NaN,
        "Net Income From Continuing And Discontinued Operation": NaN,
        "Total Expenses": NaN,
        "Total Operating Income As Reported": NaN,
        "Diluted Average Shares": 55974605.0,
        "Basic Average Shares": 55974605.0,
        "Diluted EPS": -0.08,
        "Basic EPS": -0.08,
        "Diluted NI Availto Com Stockholders": NaN,
        "Net Income Common Stockholders": NaN,
        "Net Income": NaN,
        "Net Income Including Noncontrolling Interests": NaN,
        "Net Income Continuous Operations": NaN,
        "Tax Provision": 0.0,
        "Pretax Income": NaN,
        "Other Income Expense": NaN,
        "Special Income Charges": NaN,
        "Other Special Charges": NaN,
        "Impairment Of Capital Assets": 0.0,
        "Restructuring And Mergern Acquisition": NaN,
        "Net Non Operating Interest Income Expense": NaN,
        "Interest Expense Non Operating": NaN,
        "Interest Income Non Operating": NaN,
        "Operating Income": NaN,
        "Operating Expense": NaN,
        "Depreciation Amortization Depletion Income Statement": NaN,
        "Depreciation And Amortization In Income Statement": NaN,
        "Research And Development": NaN,
        "Selling General And Administration": NaN,
        "General And Administrative Expense": NaN,
        "Other Gand A": NaN,
        "Total Revenue": NaN,
        "Operating Revenue": NaN
    },
    "2022-12-31": {
        "Tax Effect Of Unusual Items": NaN,
        "Tax Rate For Calcs": NaN,
        "Normalized EBITDA": NaN,
        "Total Unusual Items": NaN,
        "Total Unusual Items Excluding Goodwill": NaN,
        "Net Income From Continuing Operation Net Minority Interest": NaN,
        "Reconciled Depreciation": NaN,
        "EBITDA": NaN,
        "EBIT": NaN,
        "Net Interest Income": NaN,
        "Interest Expense": NaN,
        "Interest Income": 3010.0,
        "Normalized Income": NaN,
        "Net Income From Continuing And Discontinued Operation": NaN,
        "Total Expenses": NaN,
        "Total Operating Income As Reported": NaN,
        "Diluted Average Shares": 55509239.0,
        "Basic Average Shares": 55509239.0,
        "Diluted EPS": -0.08,
        "Basic EPS": -0.08,
        "Diluted NI Availto Com Stockholders": NaN,
        "Net Income Common Stockholders": NaN,
        "Net Income": NaN,
        "Net Income Including Noncontrolling Interests": NaN,
        "Net Income Continuous Operations": NaN,
        "Tax Provision": 0.0,
        "Pretax Income": NaN,
        "Other Income Expense": NaN,
        "Special Income Charges": NaN,
        "Other Special Charges": NaN,
        "Impairment Of Capital Assets": NaN,
        "Restructuring And Mergern Acquisition": NaN,
        "Net Non Operating Interest Income Expense": NaN,
        "Interest Expense Non Operating": NaN,
        "Interest Income Non Operating": 3010.0,
        "Operating Income": NaN,
        "Operating Expense": NaN,
        "Depreciation Amortization Depletion Income Statement": NaN,
        "Depreciation And Amortization In Income Statement": NaN,
        "Research And Development": NaN,
        "Selling General And Administration": NaN,
        "General And Administrative Expense": NaN,
        "Other Gand A": NaN,
        "Total Revenue": NaN,
        "Operating Revenue": NaN
    },
    "2022-09-30": {
        "Tax Effect Of Unusual Items": NaN,
        "Tax Rate For Calcs": NaN,
        "Normalized EBITDA": NaN,
        "Total Unusual Items": NaN,
        "Total Unusual Items Excluding Goodwill": NaN,
        "Net Income From Continuing Operation Net Minority Interest": NaN,
        "Reconciled Depreciation": NaN,
        "EBITDA": NaN,
        "EBIT": NaN,
        "Net Interest Income": NaN,
        "Interest Expense": NaN,
        "Interest Income": 5623.0,
        "Normalized Income": NaN,
        "Net Income From Continuing And Discontinued Operation": NaN,
        "Total Expenses": NaN,
        "Total Operating Income As Reported": NaN,
        "Diluted Average Shares": NaN,
        "Basic Average Shares": NaN,
        "Diluted EPS": NaN,
        "Basic EPS": NaN,
        "Diluted NI Availto Com Stockholders": NaN,
        "Net Income Common Stockholders": NaN,
        "Net Income": NaN,
        "Net Income Including Noncontrolling Interests": NaN,
        "Net Income Continuous Operations": NaN,
        "Tax Provision": 0.0,
        "Pretax Income": NaN,
        "Other Income Expense": -419182.0,
        "Special Income Charges": NaN,
        "Other Special Charges": 419182.0,
        "Impairment Of Capital Assets": NaN,
        "Restructuring And Mergern Acquisition": NaN,
        "Net Non Operating Interest Income Expense": NaN,
        "Interest Expense Non Operating": NaN,
        "Interest Income Non Operating": 5623.0,
        "Operating Income": NaN,
        "Operating Expense": NaN,
        "Depreciation Amortization Depletion Income Statement": NaN,
        "Depreciation And Amortization In Income Statement": NaN,
        "Research And Development": NaN,
        "Selling General And Administration": NaN,
        "General And Administrative Expense": NaN,
        "Other Gand A": NaN,
        "Total Revenue": NaN,
        "Operating Revenue": NaN
    },
    "2022-06-30": {
        "Tax Effect Of Unusual Items": 0.0,
        "Tax Rate For Calcs": 0.0,
        "Normalized EBITDA": -4828686.0,
        "Total Unusual Items": -85285482.0,
        "Total Unusual Items Excluding Goodwill": -85285482.0,
        "Net Income From Continuing Operation Net Minority Interest": -90237017.0,
        "Reconciled Depreciation": 28332.0,
        "EBITDA": -90114168.0,
        "EBIT": -90142500.0,
        "Net Interest Income": 4636.0,
        "Interest Expense": 94517.0,
        "Interest Income": 99153.0,
        "Normalized Income": -4951535.0,
        "Net Income From Continuing And Discontinued Operation": -90237017.0,
        "Total Expenses": 4956171.0,
        "Total Operating Income As Reported": -98209171.0,
        "Diluted Average Shares": 52937002.0,
        "Basic Average Shares": 52937002.0,
        "Diluted EPS": -1.72,
        "Basic EPS": -1.72,
        "Diluted NI Availto Com Stockholders": -90237017.0,
        "Net Income Common Stockholders": -90237017.0,
        "Net Income": -90237017.0,
        "Net Income Including Noncontrolling Interests": -90237017.0,
        "Net Income Continuous Operations": -90237017.0,
        "Tax Provision": 0.0,
        "Pretax Income": -90237017.0,
        "Other Income Expense": -85285482.0,
        "Special Income Charges": -85285482.0,
        "Other Special Charges": NaN,
        "Restructuring And Mergern Acquisition": -7967518.0,
        "Gain On Sale Of Security": 0.0,
        "Net Non Operating Interest Income Expense": 4636.0,
        "Interest Expense Non Operating": 94517.0,
        "Interest Income Non Operating": 99153.0,
        "Operating Income": -4956171.0,
        "Operating Expense": 4956171.0,
        "Depreciation Amortization Depletion Income Statement": 28332.0,
        "Depreciation And Amortization In Income Statement": 28332.0,
        "Research And Development": 1767762.0,
        "Selling General And Administration": 3160077.0,
        "General And Administrative Expense": 3160077.0,
        "Other Gand A": 3160077.0,
        "Total Revenue": 0.0,
        "Operating Revenue": 0.0
    },
    "2023-06-30": {
        "Tax Effect Of Unusual Items": NaN,
        "Tax Rate For Calcs": NaN,
        "Normalized EBITDA": NaN,
        "Total Unusual Items": NaN,
        "Total Unusual Items Excluding Goodwill": NaN,
        "Net Income From Continuing Operation Net Minority Interest": NaN,
        "Reconciled Depreciation": NaN,
        "EBITDA": NaN,
        "EBIT": NaN,
        "Net Interest Income": NaN,
        "Interest Expense": NaN,
        "Interest Income": NaN,
        "Normalized Income": NaN,
        "Net Income From Continuing And Discontinued Operation": NaN,
        "Total Expenses": NaN,
        "Total Operating Income As Reported": NaN,
        "Diluted Average Shares": NaN,
        "Basic Average Shares": NaN,
        "Diluted EPS": NaN,
        "Basic EPS": NaN,
        "Diluted NI Availto Com Stockholders": NaN,
        "Net Income Common Stockholders": NaN,
        "Net Income": NaN,
        "Net Income Including Noncontrolling Interests": NaN,
        "Net Income Continuous Operations": NaN,
        "Tax Provision": 0.0,
        "Pretax Income": NaN,
        "Other Income Expense": -18961019.0,
        "Special Income Charges": NaN,
        "Other Special Charges": NaN,
        "Impairment Of Capital Assets": NaN,
        "Restructuring And Mergern Acquisition": NaN,
        "Net Non Operating Interest Income Expense": NaN,
        "Interest Expense Non Operating": NaN,
        "Interest Income Non Operating": NaN,
        "Operating Income": NaN,
        "Operating Expense": NaN,
        "Depreciation Amortization Depletion Income Statement": NaN,
        "Depreciation And Amortization In Income Statement": NaN,
        "Research And Development": NaN,
        "Selling General And Administration": NaN,
        "General And Administrative Expense": NaN,
        "Other Gand A": NaN,
        "Total Revenue": NaN,
        "Operating Revenue": NaN
    },
    "2023-09-30": {
        "Tax Effect Of Unusual Items": 0.0,
        "Tax Rate For Calcs": 0.0,
        "Normalized EBITDA": -8848479.0,
        "Total Unusual Items": -120018.0,
        "Total Unusual Items Excluding Goodwill": -120018.0,
        "Net Income From Continuing Operation Net Minority Interest": -9175028.0,
        "Reconciled Depreciation": 27260.0,
        "EBITDA": -8968497.0,
        "EBIT": -8995757.0,
        "Net Interest Income": -170896.0,
        "Interest Expense": 179271.0,
        "Interest Income": 8375.0,
        "Normalized Income": -9055010.0,
        "Net Income From Continuing And Discontinued Operation": -9175028.0,
        "Total Expenses": 8884114.0,
        "Total Operating Income As Reported": -8884114.0,
        "Diluted Average Shares": 64480753.0,
        "Basic Average Shares": 64480753.0,
        "Diluted EPS": -0.14,
        "Basic EPS": -0.14,
        "Diluted NI Availto Com Stockholders": -9175028.0,
        "Net Income Common Stockholders": -9175028.0,
        "Net Income": -9175028.0,
        "Net Income Including Noncontrolling Interests": -9175028.0,
        "Net Income Continuous Operations": -9175028.0,
        "Tax Provision": 0.0,
        "Pretax Income": -9175028.0,
        "Other Income Expense": -120018.0,
        "Special Income Charges": -120018.0,
        "Other Special Charges": 120018.0,
        "Impairment Of Capital Assets": 0.0,
        "Restructuring And Mergern Acquisition": 0.0,
        "Net Non Operating Interest Income Expense": -170896.0,
        "Interest Expense Non Operating": 179271.0,
        "Interest Income Non Operating": 8375.0,
        "Operating Income": -8884114.0,
        "Operating Expense": 8884114.0,
        "Depreciation Amortization Depletion Income Statement": 27260.0,
        "Depreciation And Amortization In Income Statement": 27260.0,
        "Research And Development": 566644.0,
        "Selling General And Administration": 8290210.0,
        "General And Administrative Expense": 8290210.0,
        "Other Gand A": 8290210.0,
        "Total Revenue": 0.0,
        "Operating Revenue": 0.0
    },
    "2023-12-31": {
        "Tax Effect Of Unusual Items": 0.0,
        "Tax Rate For Calcs": 0.0,
        "Normalized EBITDA": -4220975.0,
        "Total Unusual Items": 0.0,
        "Total Unusual Items Excluding Goodwill": 0.0,
        "Net Income From Continuing Operation Net Minority Interest": -4529121.0,
        "Reconciled Depreciation": 33162.0,
        "EBITDA": -4220975.0,
        "EBIT": -4254137.0,
        "Net Interest Income": -259046.0,
        "Interest Expense": 274984.0,
        "Interest Income": 15938.0,
        "Normalized Income": -4529121.0,
        "Net Income From Continuing And Discontinued Operation": -4529121.0,
        "Total Expenses": 4270075.0,
        "Total Operating Income As Reported": -4270075.0,
        "Diluted Average Shares": 65852497.0,
        "Basic Average Shares": 65852497.0,
        "Diluted EPS": -0.07,
        "Basic EPS": -0.07,
        "Diluted NI Availto Com Stockholders": -4529121.0,
        "Net Income Common Stockholders": -4529121.0,
        "Net Income": -4529121.0,
        "Net Income Including Noncontrolling Interests": -4529121.0,
        "Net Income Continuous Operations": -4529121.0,
        "Tax Provision": NaN,
        "Pretax Income": -4529121.0,
        "Other Income Expense": NaN,
        "Special Income Charges": 0.0,
        "Other Special Charges": NaN,
        "Impairment Of Capital Assets": NaN,
        "Restructuring And Mergern Acquisition": 0.0,
        "Net Non Operating Interest Income Expense": -259046.0,
        "Interest Expense Non Operating": 274984.0,
        "Interest Income Non Operating": 15938.0,
        "Operating Income": -4270075.0,
        "Operating Expense": 4270075.0,
        "Depreciation Amortization Depletion Income Statement": 33162.0,
        "Depreciation And Amortization In Income Statement": 33162.0,
        "Research And Development": 620521.0,
        "Selling General And Administration": 3616392.0,
        "General And Administrative Expense": 3616392.0,
        "Other Gand A": 3616392.0,
        "Total Revenue": 0.0,
        "Operating Revenue": 0.0
    },
    "2024-03-31": {
        "Tax Effect Of Unusual Items": 0.0,
        "Tax Rate For Calcs": 0.0,
        "Normalized EBITDA": -8739535.0,
        "Total Unusual Items": -42124500.0,
        "Total Unusual Items Excluding Goodwill": -42124500.0,
        "Net Income From Continuing Operation Net Minority Interest": -51214414.0,
        "Reconciled Depreciation": 30305.0,
        "EBITDA": -50864035.0,
        "EBIT": -50894340.0,
        "Net Interest Income": -320074.0,
        "Interest Expense": 320074.0,
        "Interest Income": NaN,
        "Normalized Income": -9089914.0,
        "Net Income From Continuing And Discontinued Operation": -51214414.0,
        "Total Expenses": 8769840.0,
        "Total Operating Income As Reported": -51380840.0,
        "Diluted Average Shares": 107480475.0,
        "Basic Average Shares": 107480475.0,
        "Diluted EPS": -0.48,
        "Basic EPS": -0.48,
        "Diluted NI Availto Com Stockholders": -51214414.0,
        "Net Income Common Stockholders": -51214414.0,
        "Net Income": -51214414.0,
        "Net Income Including Noncontrolling Interests": -51214414.0,
        "Net Income Continuous Operations": -51214414.0,
        "Tax Provision": NaN,
        "Pretax Income": -51214414.0,
        "Other Income Expense": -42124500.0,
        "Special Income Charges": -42124500.0,
        "Other Special Charges": NaN,
        "Impairment Of Capital Assets": 42611000.0,
        "Restructuring And Mergern Acquisition": -486500.0,
        "Net Non Operating Interest Income Expense": -320074.0,
        "Interest Expense Non Operating": 320074.0,
        "Interest Income Non Operating": NaN,
        "Operating Income": -8769840.0,
        "Operating Expense": 8769840.0,
        "Depreciation Amortization Depletion Income Statement": 30305.0,
        "Depreciation And Amortization In Income Statement": 30305.0,
        "Research And Development": 1087156.0,
        "Selling General And Administration": 7652379.0,
        "General And Administrative Expense": 7652379.0,
        "Other Gand A": 7652379.0,
        "Total Revenue": 0.0,
        "Operating Revenue": 0.0
    },
    "2024-06-30": {
        "Tax Effect Of Unusual Items": 0.0,
        "Tax Rate For Calcs": 0.0,
        "Normalized EBITDA": -5441176.0,
        "Total Unusual Items": -42772587.0,
        "Total Unusual Items Excluding Goodwill": -42772587.0,
        "Net Income From Continuing Operation Net Minority Interest": -49921609.0,
        "Reconciled Depreciation": 31132.0,
        "EBITDA": -48213763.0,
        "EBIT": -48244895.0,
        "Net Interest Income": -1684755.0,
        "Interest Expense": 1676714.0,
        "Interest Income": NaN,
        "Normalized Income": -7149022.0,
        "Net Income From Continuing And Discontinued Operation": -49921609.0,
        "Total Expenses": 5464267.0,
        "Total Operating Income As Reported": -51294267.0,
        "Diluted Average Shares": NaN,
        "Basic Average Shares": NaN,
        "Diluted EPS": NaN,
        "Basic EPS": NaN,
        "Diluted NI Availto Com Stockholders": -49921609.0,
        "Net Income Common Stockholders": -49921609.0,
        "Net Income": -49921609.0,
        "Net Income Including Noncontrolling Interests": -49921609.0,
        "Net Income Continuous Operations": -49921609.0,
        "Tax Provision": NaN,
        "Pretax Income": -49921609.0,
        "Other Income Expense": -42772587.0,
        "Special Income Charges": -42772587.0,
        "Other Special Charges": 1183560.0,
        "Impairment Of Capital Assets": 45830000.0,
        "Restructuring And Mergern Acquisition": -4240973.0,
        "Net Non Operating Interest Income Expense": -1684755.0,
        "Interest Expense Non Operating": 1676714.0,
        "Interest Income Non Operating": NaN,
        "Operating Income": -5464267.0,
        "Operating Expense": 5464267.0,
        "Depreciation Amortization Depletion Income Statement": 31132.0,
        "Depreciation And Amortization In Income Statement": 31132.0,
        "Research And Development": 434508.0,
        "Selling General And Administration": 4998627.0,
        "General And Administrative Expense": 4998627.0,
        "Other Gand A": 4998627.0,
        "Total Revenue": 0.0,
        "Operating Revenue": 0.0
    },
    "2024-09-30": {
        "Tax Effect Of Unusual Items": 0.0,
        "Tax Rate For Calcs": 0.0,
        "Normalized EBITDA": -5564842.0,
        "Total Unusual Items": -38364729.0,
        "Total Unusual Items Excluding Goodwill": -38364729.0,
        "Net Income From Continuing Operation Net Minority Interest": -44212036.0,
        "Reconciled Depreciation": 32385.0,
        "EBITDA": -43929571.0,
        "EBIT": -43961956.0,
        "Net Interest Income": -123482.0,
        "Interest Expense": 250080.0,
        "Interest Income": 126598.0,
        "Normalized Income": -5847307.0,
        "Net Income From Continuing And Discontinued Operation": -44212036.0,
        "Total Expenses": 5723825.0,
        "Total Operating Income As Reported": -53338554.0,
        "Diluted Average Shares": 156567973.0,
        "Basic Average Shares": 156567973.0,
        "Diluted EPS": -0.28,
        "Basic EPS": -0.28,
        "Diluted NI Availto Com Stockholders": -44212036.0,
        "Net Income Common Stockholders": -44212036.0,
        "Net Income": -44212036.0,
        "Net Income Including Noncontrolling Interests": -44212036.0,
        "Net Income Continuous Operations": -44212036.0,
        "Tax Provision": NaN,
        "Pretax Income": -44212036.0,
        "Other Income Expense": -38364729.0,
        "Special Income Charges": -38364729.0,
        "Other Special Charges": NaN,
        "Impairment Of Capital Assets": 47614729.0,
        "Restructuring And Mergern Acquisition": -9250000.0,
        "Net Non Operating Interest Income Expense": -123482.0,
        "Interest Expense Non Operating": 250080.0,
        "Interest Income Non Operating": 126598.0,
        "Operating Income": -5723825.0,
        "Operating Expense": 5723825.0,
        "Depreciation Amortization Depletion Income Statement": 32385.0,
        "Depreciation And Amortization In Income Statement": 32385.0,
        "Research And Development": 390189.0,
        "Selling General And Administration": 5301251.0,
        "General And Administrative Expense": 5301251.0,
        "Other Gand A": 5301251.0,
        "Total Revenue": 0.0,
        "Operating Revenue": 0.0
    }
}