{
    "2023-03-31": {
        "Tax Effect Of Unusual Items": 0.0,
        "Tax Rate For Calcs": 0.0,
        "Normalized EBITDA": -52730000.0,
        "Total Unusual Items": 5876000.0,
        "Total Unusual Items Excluding Goodwill": 5876000.0,
        "Net Income From Continuing Operation Net Minority Interest": -49239000.0,
        "Reconciled Depreciation": 528000.0,
        "EBITDA": -46854000.0,
        "EBIT": -47382000.0,
        "Net Interest Income": -1569000.0,
        "Interest Expense": 1569000.0,
        "Normalized Income": -55115000.0,
        "Net Income From Continuing And Discontinued Operation": -49239000.0,
        "Total Expenses": 52113000.0,
        "Total Operating Income As Reported": -52995000.0,
        "Diluted Average Shares": NaN,
        "Basic Average Shares": NaN,
        "Diluted EPS": NaN,
        "Basic EPS": NaN,
        "Diluted NI Availto Com Stockholders": -49239000.0,
        "Net Income Common Stockholders": -49239000.0,
        "Net Income": -49239000.0,
        "Net Income Including Noncontrolling Interests": -49239000.0,
        "Net Income Continuous Operations": -49239000.0,
        "Tax Provision": NaN,
        "Pretax Income": -48951000.0,
        "Other Income Expense": 4731000.0,
        "Other Non Operating Income Expenses": -1145000.0,
        "Gain On Sale Of Security": 5876000.0,
        "Net Non Operating Interest Income Expense": -1569000.0,
        "Interest Expense Non Operating": 1569000.0,
        "Operating Income": -52113000.0,
        "Operating Expense": 52113000.0,
        "Other Operating Expenses": -882000.0,
        "Research And Development": 37954000.0,
        "Selling General And Administration": 15041000.0,
        "Total Revenue": 0.0,
        "Operating Revenue": 0.0
    },
    "2022-12-31": {
        "Tax Effect Of Unusual Items": NaN,
        "Tax Rate For Calcs": NaN,
        "Normalized EBITDA": NaN,
        "Total Unusual Items": NaN,
        "Total Unusual Items Excluding Goodwill": NaN,
        "Net Income From Continuing Operation Net Minority Interest": NaN,
        "Reconciled Depreciation": NaN,
        "EBITDA": NaN,
        "EBIT": NaN,
        "Net Interest Income": NaN,
        "Interest Expense": NaN,
        "Normalized Income": NaN,
        "Net Income From Continuing And Discontinued Operation": NaN,
        "Total Expenses": NaN,
        "Total Operating Income As Reported": NaN,
        "Diluted Average Shares": 57857132.0,
        "Basic Average Shares": 57857132.0,
        "Diluted EPS": -0.69,
        "Basic EPS": -0.69,
        "Diluted NI Availto Com Stockholders": NaN,
        "Net Income Common Stockholders": NaN,
        "Net Income": NaN,
        "Net Income Including Noncontrolling Interests": NaN,
        "Net Income Continuous Operations": NaN,
        "Tax Provision": NaN,
        "Pretax Income": NaN,
        "Other Income Expense": NaN,
        "Other Non Operating Income Expenses": NaN,
        "Gain On Sale Of Security": NaN,
        "Net Non Operating Interest Income Expense": NaN,
        "Interest Expense Non Operating": NaN,
        "Operating Income": NaN,
        "Operating Expense": NaN,
        "Other Operating Expenses": NaN,
        "Research And Development": NaN,
        "Selling General And Administration": NaN,
        "Total Revenue": NaN,
        "Operating Revenue": NaN
    },
    "2022-09-30": {
        "Tax Effect Of Unusual Items": NaN,
        "Tax Rate For Calcs": NaN,
        "Normalized EBITDA": NaN,
        "Total Unusual Items": NaN,
        "Total Unusual Items Excluding Goodwill": NaN,
        "Net Income From Continuing Operation Net Minority Interest": NaN,
        "Reconciled Depreciation": NaN,
        "EBITDA": NaN,
        "EBIT": NaN,
        "Net Interest Income": NaN,
        "Interest Expense": NaN,
        "Normalized Income": NaN,
        "Net Income From Continuing And Discontinued Operation": NaN,
        "Total Expenses": NaN,
        "Total Operating Income As Reported": NaN,
        "Diluted Average Shares": 54770291.0,
        "Basic Average Shares": 54770291.0,
        "Diluted EPS": -0.79,
        "Basic EPS": -0.79,
        "Diluted NI Availto Com Stockholders": NaN,
        "Net Income Common Stockholders": NaN,
        "Net Income": NaN,
        "Net Income Including Noncontrolling Interests": NaN,
        "Net Income Continuous Operations": NaN,
        "Tax Provision": NaN,
        "Pretax Income": NaN,
        "Other Income Expense": NaN,
        "Other Non Operating Income Expenses": NaN,
        "Gain On Sale Of Security": NaN,
        "Net Non Operating Interest Income Expense": NaN,
        "Interest Expense Non Operating": NaN,
        "Operating Income": NaN,
        "Operating Expense": NaN,
        "Other Operating Expenses": NaN,
        "Research And Development": NaN,
        "Selling General And Administration": NaN,
        "General And Administrative Expense": 12745000.0,
        "Other Gand A": 12745000.0,
        "Total Revenue": NaN,
        "Operating Revenue": NaN
    },
    "2022-06-30": {
        "Tax Effect Of Unusual Items": 0.0,
        "Tax Rate For Calcs": 0.0,
        "Normalized EBITDA": -41424000.0,
        "Total Unusual Items": 343000.0,
        "Total Unusual Items Excluding Goodwill": 343000.0,
        "Net Income From Continuing Operation Net Minority Interest": -42253000.0,
        "Reconciled Depreciation": 620000.0,
        "EBITDA": -41081000.0,
        "EBIT": -41701000.0,
        "Net Interest Income": -552000.0,
        "Interest Expense": 552000.0,
        "Normalized Income": -42596000.0,
        "Net Income From Continuing And Discontinued Operation": -42253000.0,
        "Total Expenses": 40025000.0,
        "Total Operating Income As Reported": -40876000.0,
        "Diluted Average Shares": 54211446.0,
        "Basic Average Shares": 54211446.0,
        "Diluted EPS": -0.78,
        "Basic EPS": -0.78,
        "Diluted NI Availto Com Stockholders": -42253000.0,
        "Net Income Common Stockholders": -42253000.0,
        "Net Income": -42253000.0,
        "Net Income Including Noncontrolling Interests": -42253000.0,
        "Net Income Continuous Operations": -42253000.0,
        "Tax Provision": NaN,
        "Pretax Income": -42253000.0,
        "Other Income Expense": -1676000.0,
        "Other Non Operating Income Expenses": -2019000.0,
        "Gain On Sale Of Security": 343000.0,
        "Net Non Operating Interest Income Expense": -552000.0,
        "Interest Expense Non Operating": 552000.0,
        "Operating Income": -40025000.0,
        "Operating Expense": 40025000.0,
        "Other Operating Expenses": -851000.0,
        "Research And Development": 29478000.0,
        "Selling General And Administration": 11398000.0,
        "General And Administrative Expense": 11398000.0,
        "Other Gand A": 11398000.0,
        "Total Revenue": 0.0,
        "Operating Revenue": 0.0
    },
    "2023-06-30": {
        "Tax Effect Of Unusual Items": NaN,
        "Tax Rate For Calcs": NaN,
        "Normalized EBITDA": NaN,
        "Total Unusual Items": NaN,
        "Total Unusual Items Excluding Goodwill": NaN,
        "Net Income From Continuing Operation Net Minority Interest": NaN,
        "Reconciled Depreciation": NaN,
        "EBITDA": NaN,
        "EBIT": NaN,
        "Net Interest Income": NaN,
        "Interest Expense": NaN,
        "Normalized Income": NaN,
        "Net Income From Continuing And Discontinued Operation": NaN,
        "Total Expenses": NaN,
        "Total Operating Income As Reported": NaN,
        "Diluted Average Shares": 66367702.0,
        "Basic Average Shares": 66367702.0,
        "Diluted EPS": -0.75,
        "Basic EPS": -0.75,
        "Diluted NI Availto Com Stockholders": NaN,
        "Net Income Common Stockholders": NaN,
        "Net Income": NaN,
        "Net Income Including Noncontrolling Interests": NaN,
        "Net Income Continuous Operations": NaN,
        "Tax Provision": NaN,
        "Pretax Income": NaN,
        "Other Income Expense": NaN,
        "Other Non Operating Income Expenses": NaN,
        "Gain On Sale Of Security": NaN,
        "Net Non Operating Interest Income Expense": NaN,
        "Interest Expense Non Operating": NaN,
        "Operating Income": NaN,
        "Operating Expense": NaN,
        "Other Operating Expenses": NaN,
        "Research And Development": NaN,
        "Selling General And Administration": NaN,
        "Total Revenue": NaN,
        "Operating Revenue": NaN
    },
    "2022-03-31": {
        "Diluted EPS": -0.6,
        "Total Revenue": NaN,
        "Gross Profit": NaN,
        "Operating Income": -32,
        "EBIT": -31,
        "Net Income": -32
    },
    "2021-12-31": {
        "Diluted EPS": -0.57,
        "Total Revenue": NaN,
        "Gross Profit": NaN,
        "Operating Income": -30,
        "EBIT": -29,
        "Net Income": -30
    },
    "2021-09-30": {
        "Diluted EPS": -0.56,
        "Total Revenue": NaN,
        "Gross Profit": NaN,
        "Operating Income": -29,
        "EBIT": -28,
        "Net Income": -29
    },
    "2021-06-30": {
        "Diluted EPS": -0.53,
        "Total Revenue": NaN,
        "Gross Profit": NaN,
        "Operating Income": -27,
        "EBIT": -26,
        "Net Income": -27
    },
    "2021-03-31": {
        "Diluted EPS": -0.41,
        "Total Revenue": NaN,
        "Gross Profit": NaN,
        "Operating Income": -22,
        "EBIT": -21,
        "Net Income": -21
    },
    "2020-12-31": {
        "Diluted EPS": -0.44,
        "Total Revenue": NaN,
        "Gross Profit": NaN,
        "Operating Income": -20,
        "EBIT": -19,
        "Net Income": -22
    },
    "2020-09-30": {
        "Diluted EPS": -0.46,
        "Total Revenue": NaN,
        "Gross Profit": NaN,
        "Operating Income": -20,
        "EBIT": -19,
        "Net Income": -20
    },
    "2020-06-30": {
        "Diluted EPS": -0.44,
        "Total Revenue": NaN,
        "Gross Profit": NaN,
        "Operating Income": -18,
        "EBIT": -17,
        "Net Income": -17
    },
    "2020-03-31": {
        "Diluted EPS": -0.43,
        "Total Revenue": NaN,
        "Gross Profit": NaN,
        "Operating Income": -16,
        "EBIT": -16,
        "Net Income": -16
    },
    "2019-12-31": {
        "Diluted EPS": -0.46,
        "Total Revenue": NaN,
        "Gross Profit": NaN,
        "Operating Income": -17,
        "EBIT": -17,
        "Net Income": -16
    },
    "2019-09-30": {
        "Diluted EPS": -0.35,
        "Total Revenue": NaN,
        "Gross Profit": NaN,
        "Operating Income": -12,
        "EBIT": -12,
        "Net Income": -11
    },
    "2019-06-30": {
        "Diluted EPS": -0.3,
        "Total Revenue": NaN,
        "Gross Profit": NaN,
        "Operating Income": -11,
        "EBIT": -11,
        "Net Income": -10
    },
    "2019-03-31": {
        "Diluted EPS": 1.19,
        "Total Revenue": NaN,
        "Gross Profit": NaN,
        "Operating Income": -8,
        "EBIT": -8,
        "Net Income": -7
    },
    "2018-12-31": {
        "Diluted EPS": -0.24,
        "Total Revenue": NaN,
        "Gross Profit": NaN,
        "Operating Income": -10,
        "EBIT": -11,
        "Net Income": -8
    },
    "2018-09-30": {
        "Diluted EPS": -0.26,
        "Total Revenue": NaN,
        "Gross Profit": NaN,
        "Operating Income": -7,
        "EBIT": -7,
        "Net Income": -6
    },
    "2018-06-30": {
        "Diluted EPS": -2.02,
        "Total Revenue": NaN,
        "Gross Profit": NaN,
        "Operating Income": -6,
        "EBIT": -6,
        "Net Income": -10
    },
    "2018-03-31": {
        "Diluted EPS": -1.44,
        "Total Revenue": NaN,
        "Gross Profit": NaN,
        "Operating Income": -7,
        "EBIT": -7,
        "Net Income": -7
    },
    "2017-12-31": {
        "Diluted EPS": -0.87,
        "Total Revenue": NaN,
        "Gross Profit": NaN,
        "Operating Income": -5,
        "EBIT": -5,
        "Net Income": -4
    },
    "2017-09-30": {
        "Diluted EPS": -0.94,
        "Total Revenue": NaN,
        "Gross Profit": NaN,
        "Operating Income": -4,
        "EBIT": -4,
        "Net Income": -5
    },
    "2017-06-30": {
        "Diluted EPS": -0.71,
        "Total Revenue": NaN,
        "Gross Profit": NaN,
        "Operating Income": -3,
        "EBIT": -3,
        "Net Income": -4
    },
    "2017-03-31": {
        "Diluted EPS": 0.0,
        "Total Revenue": NaN,
        "Gross Profit": NaN,
        "Operating Income": NaN,
        "EBIT": NaN,
        "Net Income": NaN
    },
    "2023-09-30": {
        "Tax Effect Of Unusual Items": NaN,
        "Tax Rate For Calcs": NaN,
        "Normalized EBITDA": NaN,
        "Total Unusual Items": NaN,
        "Total Unusual Items Excluding Goodwill": NaN,
        "Net Income From Continuing Operation Net Minority Interest": NaN,
        "Reconciled Depreciation": NaN,
        "EBITDA": NaN,
        "EBIT": NaN,
        "Net Interest Income": NaN,
        "Interest Expense": NaN,
        "Normalized Income": NaN,
        "Net Income From Continuing And Discontinued Operation": NaN,
        "Total Expenses": NaN,
        "Total Operating Income As Reported": NaN,
        "Diluted Average Shares": 66582280.0,
        "Basic Average Shares": 66582280.0,
        "Diluted EPS": -0.9,
        "Basic EPS": -0.9,
        "Diluted NI Availto Com Stockholders": NaN,
        "Net Income Common Stockholders": NaN,
        "Net Income": NaN,
        "Net Income Including Noncontrolling Interests": NaN,
        "Net Income Continuous Operations": NaN,
        "Tax Provision": NaN,
        "Pretax Income": NaN,
        "Other Income Expense": NaN,
        "Other Non Operating Income Expenses": NaN,
        "Gain On Sale Of Security": NaN,
        "Net Non Operating Interest Income Expense": NaN,
        "Interest Expense Non Operating": NaN,
        "Operating Income": NaN,
        "Operating Expense": NaN,
        "Other Operating Expenses": NaN,
        "Research And Development": NaN,
        "Selling General And Administration": NaN,
        "Total Revenue": NaN,
        "Operating Revenue": NaN
    },
    "2023-12-31": {
        "Tax Effect Of Unusual Items": NaN,
        "Tax Rate For Calcs": NaN,
        "Normalized EBITDA": NaN,
        "Total Unusual Items": NaN,
        "Total Unusual Items Excluding Goodwill": NaN,
        "Net Income From Continuing Operation Net Minority Interest": NaN,
        "Reconciled Depreciation": NaN,
        "EBITDA": NaN,
        "EBIT": NaN,
        "Net Interest Income": NaN,
        "Interest Expense": NaN,
        "Normalized Income": NaN,
        "Net Income From Continuing And Discontinued Operation": NaN,
        "Total Expenses": NaN,
        "Total Operating Income As Reported": NaN,
        "Diluted Average Shares": 66645691.0,
        "Basic Average Shares": 66645691.0,
        "Diluted EPS": -0.77,
        "Basic EPS": -0.77,
        "Diluted NI Availto Com Stockholders": NaN,
        "Net Income Common Stockholders": NaN,
        "Net Income": NaN,
        "Net Income Including Noncontrolling Interests": NaN,
        "Net Income Continuous Operations": NaN,
        "Tax Provision": NaN,
        "Pretax Income": NaN,
        "Other Income Expense": NaN,
        "Other Non Operating Income Expenses": NaN,
        "Gain On Sale Of Security": NaN,
        "Net Non Operating Interest Income Expense": NaN,
        "Interest Expense Non Operating": NaN,
        "Operating Income": NaN,
        "Operating Expense": NaN,
        "Other Operating Expenses": NaN,
        "Research And Development": NaN,
        "Selling General And Administration": NaN,
        "Total Revenue": NaN,
        "Operating Revenue": NaN
    },
    "2024-03-31": {
        "Tax Effect Of Unusual Items": NaN,
        "Tax Rate For Calcs": NaN,
        "Normalized EBITDA": NaN,
        "Total Unusual Items": NaN,
        "Total Unusual Items Excluding Goodwill": NaN,
        "Net Income From Continuing Operation Net Minority Interest": NaN,
        "Reconciled Depreciation": NaN,
        "EBITDA": NaN,
        "EBIT": NaN,
        "Net Interest Income": NaN,
        "Interest Expense": NaN,
        "Normalized Income": NaN,
        "Net Income From Continuing And Discontinued Operation": NaN,
        "Total Expenses": NaN,
        "Total Operating Income As Reported": NaN,
        "Diluted Average Shares": NaN,
        "Basic Average Shares": NaN,
        "Diluted EPS": NaN,
        "Basic EPS": NaN,
        "Diluted NI Availto Com Stockholders": NaN,
        "Net Income Common Stockholders": NaN,
        "Net Income": NaN,
        "Net Income Including Noncontrolling Interests": NaN,
        "Net Income Continuous Operations": NaN,
        "Tax Provision": -65000.0,
        "Pretax Income": NaN,
        "Other Income Expense": NaN,
        "Other Non Operating Income Expenses": NaN,
        "Gain On Sale Of Security": NaN,
        "Net Non Operating Interest Income Expense": NaN,
        "Interest Expense Non Operating": NaN,
        "Operating Income": NaN,
        "Operating Expense": NaN,
        "Other Operating Expenses": NaN,
        "Research And Development": NaN,
        "Selling General And Administration": NaN,
        "Total Revenue": NaN,
        "Operating Revenue": NaN
    },
    "2024-06-30": {
        "Tax Effect Of Unusual Items": NaN,
        "Tax Rate For Calcs": NaN,
        "Normalized EBITDA": NaN,
        "Total Unusual Items": NaN,
        "Total Unusual Items Excluding Goodwill": NaN,
        "Net Income From Continuing Operation Net Minority Interest": NaN,
        "Reconciled Depreciation": NaN,
        "EBITDA": NaN,
        "EBIT": NaN,
        "Net Interest Income": NaN,
        "Interest Expense": NaN,
        "Normalized Income": NaN,
        "Net Income From Continuing And Discontinued Operation": NaN,
        "Total Expenses": NaN,
        "Total Operating Income As Reported": NaN,
        "Diluted Average Shares": 69185885.0,
        "Basic Average Shares": 69185885.0,
        "Diluted EPS": -0.78,
        "Basic EPS": -0.78,
        "Diluted NI Availto Com Stockholders": NaN,
        "Net Income Common Stockholders": NaN,
        "Net Income": NaN,
        "Net Income Including Noncontrolling Interests": NaN,
        "Net Income Continuous Operations": NaN,
        "Tax Provision": 0.0,
        "Pretax Income": NaN,
        "Other Income Expense": NaN,
        "Other Non Operating Income Expenses": NaN,
        "Gain On Sale Of Security": NaN,
        "Net Non Operating Interest Income Expense": NaN,
        "Interest Expense Non Operating": NaN,
        "Operating Income": NaN,
        "Operating Expense": NaN,
        "Other Operating Expenses": NaN,
        "Research And Development": NaN,
        "Selling General And Administration": NaN,
        "Total Revenue": NaN,
        "Operating Revenue": NaN
    },
    "2024-09-30": {
        "Tax Effect Of Unusual Items": 0.0,
        "Tax Rate For Calcs": 0.0,
        "Normalized EBITDA": -55555000.0,
        "Total Unusual Items": 5394000.0,
        "Total Unusual Items Excluding Goodwill": 5394000.0,
        "Net Income From Continuing Operation Net Minority Interest": -53055000.0,
        "Reconciled Depreciation": 925000.0,
        "EBITDA": -50161000.0,
        "EBIT": -51086000.0,
        "Net Interest Income": -1969000.0,
        "Interest Expense": 1969000.0,
        "Normalized Income": -58449000.0,
        "Net Income From Continuing And Discontinued Operation": -53055000.0,
        "Total Expenses": 58508000.0,
        "Total Operating Income As Reported": -58916000.0,
        "Diluted Average Shares": 78570135.0,
        "Basic Average Shares": 78570135.0,
        "Diluted EPS": -0.68,
        "Basic EPS": -0.68,
        "Diluted NI Availto Com Stockholders": -53055000.0,
        "Net Income Common Stockholders": -53055000.0,
        "Net Income": -53055000.0,
        "Net Income Including Noncontrolling Interests": -53055000.0,
        "Net Income Continuous Operations": -53055000.0,
        "Tax Provision": 0.0,
        "Pretax Income": -53055000.0,
        "Other Income Expense": 7422000.0,
        "Other Non Operating Income Expenses": 2028000.0,
        "Gain On Sale Of Security": 5394000.0,
        "Net Non Operating Interest Income Expense": -1969000.0,
        "Interest Expense Non Operating": 1969000.0,
        "Operating Income": -58508000.0,
        "Operating Expense": 58508000.0,
        "Other Operating Expenses": -408000.0,
        "Research And Development": 43448000.0,
        "Selling General And Administration": 15468000.0,
        "Total Revenue": 0.0,
        "Operating Revenue": 0.0
    },
    "2024-12-31": {
        "Tax Effect Of Unusual Items": 1078770.0,
        "Tax Rate For Calcs": 0.21,
        "Normalized EBITDA": -67931000.0,
        "Total Unusual Items": 5137000.0,
        "Total Unusual Items Excluding Goodwill": 5137000.0,
        "Net Income From Continuing Operation Net Minority Interest": -66340000.0,
        "Reconciled Depreciation": 993000.0,
        "EBITDA": -62794000.0,
        "EBIT": -63787000.0,
        "Net Interest Income": -1978000.0,
        "Interest Expense": 1978000.0,
        "Normalized Income": -70398230.0,
        "Net Income From Continuing And Discontinued Operation": -66340000.0,
        "Total Expenses": 65643000.0,
        "Total Operating Income As Reported": -66019000.0,
        "Diluted Average Shares": 83498892.0,
        "Basic Average Shares": 83498892.0,
        "Diluted EPS": -0.79,
        "Basic EPS": -0.79,
        "Diluted NI Availto Com Stockholders": -66340000.0,
        "Net Income Common Stockholders": -66340000.0,
        "Net Income": -66340000.0,
        "Net Income Including Noncontrolling Interests": -66340000.0,
        "Net Income Continuous Operations": -66340000.0,
        "Tax Provision": 575000.0,
        "Pretax Income": -65765000.0,
        "Other Income Expense": 1856000.0,
        "Other Non Operating Income Expenses": -3281000.0,
        "Gain On Sale Of Security": 5137000.0,
        "Net Non Operating Interest Income Expense": -1978000.0,
        "Interest Expense Non Operating": 1978000.0,
        "Operating Income": -65643000.0,
        "Operating Expense": 65643000.0,
        "Other Operating Expenses": -376000.0,
        "Research And Development": 48004000.0,
        "Selling General And Administration": 18015000.0,
        "Total Revenue": 0.0,
        "Operating Revenue": 0.0
    },
    "2025-03-31": {
        "Tax Effect Of Unusual Items": 8470.695206,
        "Tax Rate For Calcs": 0.001441,
        "Normalized EBITDA": -77281000.0,
        "Total Unusual Items": 5877000.0,
        "Total Unusual Items Excluding Goodwill": 5877000.0,
        "Net Income From Continuing Operation Net Minority Interest": -74130000.0,
        "Reconciled Depreciation": 848000.0,
        "EBITDA": -71404000.0,
        "EBIT": -72252000.0,
        "Net Interest Income": -1985000.0,
        "Interest Expense": 1985000.0,
        "Normalized Income": -79998529.304794,
        "Net Income From Continuing And Discontinued Operation": -74130000.0,
        "Total Expenses": 78777000.0,
        "Total Operating Income As Reported": -79328000.0,
        "Diluted Average Shares": NaN,
        "Basic Average Shares": NaN,
        "Diluted EPS": NaN,
        "Basic EPS": NaN,
        "Diluted NI Availto Com Stockholders": -74130000.0,
        "Net Income Common Stockholders": -74130000.0,
        "Net Income": -74130000.0,
        "Net Income Including Noncontrolling Interests": -74130000.0,
        "Net Income Continuous Operations": -74130000.0,
        "Tax Provision": -107000.0,
        "Pretax Income": -74237000.0,
        "Other Income Expense": 6525000.0,
        "Other Non Operating Income Expenses": 648000.0,
        "Gain On Sale Of Security": 5877000.0,
        "Net Non Operating Interest Income Expense": -1985000.0,
        "Interest Expense Non Operating": 1985000.0,
        "Operating Income": -78777000.0,
        "Operating Expense": 78777000.0,
        "Other Operating Expenses": -551000.0,
        "Research And Development": 53975000.0,
        "Selling General And Administration": 25353000.0,
        "Total Revenue": 0.0,
        "Operating Revenue": 0.0
    },
    "2025-06-30": {
        "Tax Effect Of Unusual Items": 0.0,
        "Tax Rate For Calcs": 0.0,
        "Normalized EBITDA": -88538000.0,
        "Total Unusual Items": 4714000.0,
        "Total Unusual Items Excluding Goodwill": 4714000.0,
        "Net Income From Continuing Operation Net Minority Interest": -86693000.0,
        "Reconciled Depreciation": 873000.0,
        "EBITDA": -83824000.0,
        "EBIT": -84697000.0,
        "Net Interest Income": -1996000.0,
        "Interest Expense": 1996000.0,
        "Normalized Income": -91407000.0,
        "Net Income From Continuing And Discontinued Operation": -86693000.0,
        "Total Expenses": 90002000.0,
        "Total Operating Income As Reported": -90422000.0,
        "Diluted Average Shares": 91516199.0,
        "Basic Average Shares": 91516199.0,
        "Diluted EPS": -0.95,
        "Basic EPS": -0.95,
        "Diluted NI Availto Com Stockholders": -86693000.0,
        "Net Income Common Stockholders": -86693000.0,
        "Net Income": -86693000.0,
        "Net Income Including Noncontrolling Interests": -86693000.0,
        "Net Income Continuous Operations": -86693000.0,
        "Tax Provision": NaN,
        "Pretax Income": -86693000.0,
        "Other Income Expense": 5305000.0,
        "Other Non Operating Income Expenses": 591000.0,
        "Gain On Sale Of Security": 4714000.0,
        "Net Non Operating Interest Income Expense": -1996000.0,
        "Interest Expense Non Operating": 1996000.0,
        "Operating Income": -90002000.0,
        "Operating Expense": 90002000.0,
        "Other Operating Expenses": -420000.0,
        "Research And Development": 57843000.0,
        "Selling General And Administration": 32579000.0,
        "Total Revenue": 0.0,
        "Operating Revenue": 0.0
    },
    "2025-09-30": {
        "Tax Effect Of Unusual Items": 0.0,
        "Tax Rate For Calcs": 0.0,
        "Normalized EBITDA": -83948000.0,
        "Total Unusual Items": 3696000.0,
        "Total Unusual Items Excluding Goodwill": 3696000.0,
        "Net Income From Continuing Operation Net Minority Interest": -83100000.0,
        "Reconciled Depreciation": 842000.0,
        "EBITDA": -80252000.0,
        "EBIT": -81094000.0,
        "Net Interest Income": -2006000.0,
        "Interest Expense": 2006000.0,
        "Normalized Income": -86796000.0,
        "Net Income From Continuing And Discontinued Operation": -83100000.0,
        "Total Expenses": 83914000.0,
        "Total Operating Income As Reported": -84291000.0,
        "Diluted Average Shares": 91915769.0,
        "Basic Average Shares": 91915769.0,
        "Diluted EPS": -0.9,
        "Basic EPS": -0.9,
        "Diluted NI Availto Com Stockholders": -83100000.0,
        "Net Income Common Stockholders": -83100000.0,
        "Net Income": -83100000.0,
        "Net Income Including Noncontrolling Interests": -83100000.0,
        "Net Income Continuous Operations": -83100000.0,
        "Tax Provision": NaN,
        "Pretax Income": -83100000.0,
        "Other Income Expense": 2820000.0,
        "Other Non Operating Income Expenses": -876000.0,
        "Gain On Sale Of Security": 3696000.0,
        "Net Non Operating Interest Income Expense": -2006000.0,
        "Interest Expense Non Operating": 2006000.0,
        "Operating Income": -83914000.0,
        "Operating Expense": 83914000.0,
        "Other Operating Expenses": -377000.0,
        "Research And Development": 57877000.0,
        "Selling General And Administration": 26414000.0,
        "Total Revenue": 0.0,
        "Operating Revenue": 0.0
    }
}