{
    "2023-03-31": {
        "Tax Effect Of Unusual Items": NaN,
        "Tax Rate For Calcs": NaN,
        "Normalized EBITDA": NaN,
        "Total Unusual Items": NaN,
        "Total Unusual Items Excluding Goodwill": NaN,
        "Net Income From Continuing Operation Net Minority Interest": NaN,
        "Reconciled Depreciation": NaN,
        "Reconciled Cost Of Revenue": NaN,
        "EBITDA": NaN,
        "EBIT": NaN,
        "Net Interest Income": NaN,
        "Interest Expense": NaN,
        "Normalized Income": NaN,
        "Net Income From Continuing And Discontinued Operation": NaN,
        "Total Expenses": NaN,
        "Total Operating Income As Reported": NaN,
        "Diluted Average Shares": NaN,
        "Basic Average Shares": NaN,
        "Diluted EPS": NaN,
        "Basic EPS": NaN,
        "Diluted NI Availto Com Stockholders": NaN,
        "Net Income Common Stockholders": NaN,
        "Otherunder Preferred Stock Dividend": NaN,
        "Preferred Stock Dividends": NaN,
        "Net Income": NaN,
        "Net Income Including Noncontrolling Interests": NaN,
        "Net Income Continuous Operations": NaN,
        "Tax Provision": NaN,
        "Pretax Income": NaN,
        "Other Income Expense": NaN,
        "Other Non Operating Income Expenses": NaN,
        "Special Income Charges": NaN,
        "Restructuring And Mergern Acquisition": 2000000.0,
        "Net Non Operating Interest Income Expense": NaN,
        "Interest Expense Non Operating": NaN,
        "Operating Income": NaN,
        "Operating Expense": NaN,
        "Depreciation Amortization Depletion Income Statement": NaN,
        "Depreciation And Amortization In Income Statement": NaN,
        "Amortization": NaN,
        "Amortization Of Intangibles Income Statement": NaN,
        "Research And Development": NaN,
        "Selling General And Administration": NaN,
        "Gross Profit": NaN,
        "Cost Of Revenue": NaN,
        "Total Revenue": NaN,
        "Operating Revenue": NaN
    },
    "2022-12-31": {
        "Tax Effect Of Unusual Items": 0.0,
        "Tax Rate For Calcs": 0.21,
        "Normalized EBITDA": 113000000.0,
        "Total Unusual Items": NaN,
        "Total Unusual Items Excluding Goodwill": NaN,
        "Net Income From Continuing Operation Net Minority Interest": 39000000.0,
        "Reconciled Depreciation": 25000000.0,
        "Reconciled Cost Of Revenue": 1114000000.0,
        "EBITDA": 113000000.0,
        "EBIT": 88000000.0,
        "Net Interest Income": -18000000.0,
        "Interest Expense": 18000000.0,
        "Normalized Income": 39000000.0,
        "Net Income From Continuing And Discontinued Operation": 39000000.0,
        "Total Expenses": 1427000000.0,
        "Total Operating Income As Reported": 98000000.0,
        "Diluted Average Shares": 149000000.0,
        "Basic Average Shares": 146000000.0,
        "Diluted EPS": 0.26,
        "Basic EPS": 0.26,
        "Diluted NI Availto Com Stockholders": 39000000.0,
        "Net Income Common Stockholders": 39000000.0,
        "Net Income": 39000000.0,
        "Net Income Including Noncontrolling Interests": 39000000.0,
        "Net Income Continuous Operations": 39000000.0,
        "Tax Provision": 31000000.0,
        "Pretax Income": 70000000.0,
        "Other Income Expense": -45000000.0,
        "Other Non Operating Income Expenses": 3000000.0,
        "Special Income Charges": NaN,
        "Restructuring And Mergern Acquisition": NaN,
        "Net Non Operating Interest Income Expense": -18000000.0,
        "Interest Expense Non Operating": 18000000.0,
        "Operating Income": 133000000.0,
        "Operating Expense": 298000000.0,
        "Depreciation Amortization Depletion Income Statement": 10000000.0,
        "Depreciation And Amortization In Income Statement": 10000000.0,
        "Amortization": 10000000.0,
        "Amortization Of Intangibles Income Statement": 10000000.0,
        "Research And Development": 30000000.0,
        "Selling General And Administration": 258000000.0,
        "Gross Profit": 431000000.0,
        "Cost Of Revenue": 1129000000.0,
        "Total Revenue": 1560000000.0,
        "Operating Revenue": 1560000000.0
    },
    "2022-09-30": {
        "Tax Effect Of Unusual Items": 0.0,
        "Tax Rate For Calcs": 0.34,
        "Normalized EBITDA": 135000000.0,
        "Total Unusual Items": NaN,
        "Total Unusual Items Excluding Goodwill": NaN,
        "Net Income From Continuing Operation Net Minority Interest": 63000000.0,
        "Reconciled Depreciation": 24000000.0,
        "Reconciled Cost Of Revenue": 1174000000.0,
        "EBITDA": 135000000.0,
        "EBIT": 111000000.0,
        "Net Interest Income": -15000000.0,
        "Interest Expense": 15000000.0,
        "Normalized Income": 63000000.0,
        "Net Income From Continuing And Discontinued Operation": 63000000.0,
        "Total Expenses": 1463000000.0,
        "Total Operating Income As Reported": 155000000.0,
        "Diluted Average Shares": 149000000.0,
        "Basic Average Shares": 146000000.0,
        "Diluted EPS": 0.42,
        "Basic EPS": 0.43,
        "Diluted NI Availto Com Stockholders": 63000000.0,
        "Net Income Common Stockholders": 63000000.0,
        "Net Income": 63000000.0,
        "Net Income Including Noncontrolling Interests": 63000000.0,
        "Net Income Continuous Operations": 63000000.0,
        "Tax Provision": 33000000.0,
        "Pretax Income": 96000000.0,
        "Other Income Expense": -44000000.0,
        "Other Non Operating Income Expenses": -44000000.0,
        "Special Income Charges": NaN,
        "Restructuring And Mergern Acquisition": NaN,
        "Net Non Operating Interest Income Expense": -15000000.0,
        "Interest Expense Non Operating": 15000000.0,
        "Operating Income": 155000000.0,
        "Operating Expense": 275000000.0,
        "Depreciation Amortization Depletion Income Statement": 10000000.0,
        "Depreciation And Amortization In Income Statement": 10000000.0,
        "Amortization": 10000000.0,
        "Amortization Of Intangibles Income Statement": 10000000.0,
        "Research And Development": 29000000.0,
        "Selling General And Administration": 236000000.0,
        "Gross Profit": 430000000.0,
        "Cost Of Revenue": 1188000000.0,
        "Total Revenue": 1618000000.0,
        "Operating Revenue": 1618000000.0
    },
    "2022-06-30": {
        "Tax Effect Of Unusual Items": 0.0,
        "Tax Rate For Calcs": 0.28,
        "Normalized EBITDA": 170000000.0,
        "Total Unusual Items": NaN,
        "Total Unusual Items Excluding Goodwill": NaN,
        "Net Income From Continuing Operation Net Minority Interest": 94000000.0,
        "Reconciled Depreciation": 25000000.0,
        "Reconciled Cost Of Revenue": 1203000000.0,
        "EBITDA": 170000000.0,
        "EBIT": 145000000.0,
        "Net Interest Income": -14000000.0,
        "Interest Expense": 14000000.0,
        "Normalized Income": 94000000.0,
        "Net Income From Continuing And Discontinued Operation": 94000000.0,
        "Total Expenses": 1500000000.0,
        "Total Operating Income As Reported": 186000000.0,
        "Diluted Average Shares": 149000000.0,
        "Basic Average Shares": 145000000.0,
        "Diluted EPS": 0.63,
        "Basic EPS": 0.65,
        "Diluted NI Availto Com Stockholders": 94000000.0,
        "Net Income Common Stockholders": 94000000.0,
        "Net Income": 94000000.0,
        "Net Income Including Noncontrolling Interests": 94000000.0,
        "Net Income Continuous Operations": 94000000.0,
        "Tax Provision": 37000000.0,
        "Pretax Income": 131000000.0,
        "Other Income Expense": -41000000.0,
        "Other Non Operating Income Expenses": -41000000.0,
        "Special Income Charges": NaN,
        "Restructuring And Mergern Acquisition": NaN,
        "Net Non Operating Interest Income Expense": -14000000.0,
        "Interest Expense Non Operating": 14000000.0,
        "Operating Income": 186000000.0,
        "Operating Expense": 281000000.0,
        "Depreciation Amortization Depletion Income Statement": 9000000.0,
        "Depreciation And Amortization In Income Statement": 9000000.0,
        "Amortization": 9000000.0,
        "Amortization Of Intangibles Income Statement": 9000000.0,
        "Research And Development": 28000000.0,
        "Selling General And Administration": 244000000.0,
        "Gross Profit": 467000000.0,
        "Cost Of Revenue": 1219000000.0,
        "Total Revenue": 1686000000.0,
        "Operating Revenue": 1686000000.0
    },
    "2022-03-31": {
        "Diluted EPS": 0.58,
        "Total Revenue": NaN,
        "Gross Profit": 438,
        "Operating Income": 172,
        "EBIT": 192,
        "Net Income": 87
    },
    "2021-12-31": {
        "Diluted EPS": 0.45,
        "Total Revenue": NaN,
        "Gross Profit": 409,
        "Operating Income": 141,
        "EBIT": 162,
        "Net Income": 67
    },
    "2021-09-30": {
        "Diluted EPS": 0.46,
        "Total Revenue": NaN,
        "Gross Profit": 421,
        "Operating Income": 167,
        "EBIT": 189,
        "Net Income": 68
    },
    "2021-06-30": {
        "Diluted EPS": 0.39,
        "Total Revenue": NaN,
        "Gross Profit": 386,
        "Operating Income": 121,
        "EBIT": 143,
        "Net Income": 58
    },
    "2021-03-31": {
        "Diluted EPS": 0.33,
        "Total Revenue": NaN,
        "Gross Profit": 368,
        "Operating Income": 130,
        "EBIT": 153,
        "Net Income": 49
    },
    "2020-12-31": {
        "Diluted EPS": 0.48,
        "Total Revenue": NaN,
        "Gross Profit": 454,
        "Operating Income": 152,
        "EBIT": 174,
        "Net Income": 59
    },
    "2020-09-30": {
        "Diluted EPS": 0.6,
        "Total Revenue": NaN,
        "Gross Profit": 370,
        "Operating Income": 131,
        "EBIT": 153,
        "Net Income": 75
    },
    "2020-06-30": {
        "Diluted EPS": -0.62,
        "Total Revenue": NaN,
        "Gross Profit": 236,
        "Operating Income": -6,
        "EBIT": 15,
        "Net Income": -76
    },
    "2020-03-31": {
        "Diluted EPS": -0.17,
        "Total Revenue": NaN,
        "Gross Profit": 284,
        "Operating Income": 34,
        "EBIT": 55,
        "Net Income": -21
    },
    "2019-12-31": {
        "Diluted EPS": -0.07,
        "Total Revenue": NaN,
        "Gross Profit": 313,
        "Operating Income": 72,
        "EBIT": 97,
        "Net Income": -9
    },
    "2019-09-30": {
        "Diluted EPS": 0.06,
        "Total Revenue": NaN,
        "Gross Profit": 309,
        "Operating Income": 59,
        "EBIT": 78,
        "Net Income": 8
    },
    "2019-06-30": {
        "Diluted EPS": -0.09,
        "Total Revenue": NaN,
        "Gross Profit": 323,
        "Operating Income": 42,
        "EBIT": 62,
        "Net Income": -11
    },
    "2019-03-31": {
        "Diluted EPS": 0.39,
        "Total Revenue": NaN,
        "Gross Profit": 332,
        "Operating Income": 85,
        "EBIT": 101,
        "Net Income": 48
    },
    "2018-12-31": {
        "Diluted EPS": 0.13,
        "Total Revenue": NaN,
        "Gross Profit": 389,
        "Operating Income": 157,
        "EBIT": 174,
        "Net Income": 16
    },
    "2018-09-30": {
        "Diluted EPS": 2.53,
        "Total Revenue": NaN,
        "Gross Profit": 347,
        "Operating Income": 128,
        "EBIT": 144,
        "Net Income": 311
    },
    "2018-06-30": {
        "Diluted EPS": 0.27,
        "Total Revenue": NaN,
        "Gross Profit": 346,
        "Operating Income": 129,
        "EBIT": 145,
        "Net Income": 33
    },
    "2018-03-31": {
        "Diluted EPS": 0.37,
        "Total Revenue": NaN,
        "Gross Profit": 343,
        "Operating Income": 79,
        "EBIT": 96,
        "Net Income": 45
    },
    "2017-12-31": {
        "Diluted EPS": 0.0,
        "Total Revenue": NaN,
        "Gross Profit": NaN,
        "Operating Income": NaN,
        "EBIT": NaN,
        "Net Income": NaN
    },
    "2017-09-30": {
        "Diluted EPS": 0.19,
        "Total Revenue": NaN,
        "Gross Profit": 336,
        "Operating Income": 57,
        "EBIT": 57,
        "Net Income": 23
    },
    "2016-12-31": {
        "Diluted EPS": 0.0,
        "Total Revenue": NaN,
        "Gross Profit": NaN,
        "Operating Income": NaN,
        "EBIT": NaN,
        "Net Income": NaN
    },
    "2023-06-30": {
        "Tax Effect Of Unusual Items": NaN,
        "Tax Rate For Calcs": NaN,
        "Normalized EBITDA": NaN,
        "Total Unusual Items": NaN,
        "Total Unusual Items Excluding Goodwill": NaN,
        "Net Income From Continuing Operation Net Minority Interest": NaN,
        "Reconciled Depreciation": NaN,
        "Reconciled Cost Of Revenue": NaN,
        "EBITDA": NaN,
        "EBIT": NaN,
        "Net Interest Income": NaN,
        "Interest Expense": NaN,
        "Normalized Income": NaN,
        "Net Income From Continuing And Discontinued Operation": NaN,
        "Total Expenses": NaN,
        "Total Operating Income As Reported": NaN,
        "Diluted Average Shares": NaN,
        "Basic Average Shares": NaN,
        "Diluted EPS": NaN,
        "Basic EPS": NaN,
        "Diluted NI Availto Com Stockholders": NaN,
        "Net Income Common Stockholders": NaN,
        "Otherunder Preferred Stock Dividend": NaN,
        "Preferred Stock Dividends": NaN,
        "Net Income": NaN,
        "Net Income Including Noncontrolling Interests": NaN,
        "Net Income Continuous Operations": NaN,
        "Tax Provision": NaN,
        "Pretax Income": NaN,
        "Other Income Expense": NaN,
        "Other Non Operating Income Expenses": NaN,
        "Special Income Charges": NaN,
        "Restructuring And Mergern Acquisition": 2000000.0,
        "Net Non Operating Interest Income Expense": NaN,
        "Interest Expense Non Operating": NaN,
        "Operating Income": NaN,
        "Operating Expense": NaN,
        "Depreciation Amortization Depletion Income Statement": NaN,
        "Depreciation And Amortization In Income Statement": NaN,
        "Amortization": NaN,
        "Amortization Of Intangibles Income Statement": NaN,
        "Research And Development": NaN,
        "Selling General And Administration": NaN,
        "Gross Profit": NaN,
        "Cost Of Revenue": NaN,
        "Total Revenue": NaN,
        "Operating Revenue": NaN
    },
    "2023-09-30": {
        "Tax Effect Of Unusual Items": NaN,
        "Tax Rate For Calcs": NaN,
        "Normalized EBITDA": NaN,
        "Total Unusual Items": NaN,
        "Total Unusual Items Excluding Goodwill": NaN,
        "Net Income From Continuing Operation Net Minority Interest": NaN,
        "Reconciled Depreciation": NaN,
        "Reconciled Cost Of Revenue": NaN,
        "EBITDA": NaN,
        "EBIT": NaN,
        "Net Interest Income": NaN,
        "Interest Expense": NaN,
        "Normalized Income": NaN,
        "Net Income From Continuing And Discontinued Operation": NaN,
        "Total Expenses": NaN,
        "Total Operating Income As Reported": NaN,
        "Diluted Average Shares": NaN,
        "Basic Average Shares": NaN,
        "Diluted EPS": NaN,
        "Basic EPS": NaN,
        "Diluted NI Availto Com Stockholders": NaN,
        "Net Income Common Stockholders": NaN,
        "Otherunder Preferred Stock Dividend": 0.0,
        "Preferred Stock Dividends": NaN,
        "Net Income": NaN,
        "Net Income Including Noncontrolling Interests": NaN,
        "Net Income Continuous Operations": NaN,
        "Tax Provision": NaN,
        "Pretax Income": NaN,
        "Other Income Expense": NaN,
        "Other Non Operating Income Expenses": NaN,
        "Special Income Charges": NaN,
        "Restructuring And Mergern Acquisition": 38000000.0,
        "Net Non Operating Interest Income Expense": NaN,
        "Interest Expense Non Operating": NaN,
        "Operating Income": NaN,
        "Operating Expense": NaN,
        "Depreciation Amortization Depletion Income Statement": NaN,
        "Depreciation And Amortization In Income Statement": NaN,
        "Amortization": NaN,
        "Amortization Of Intangibles Income Statement": NaN,
        "Research And Development": NaN,
        "Selling General And Administration": NaN,
        "Gross Profit": NaN,
        "Cost Of Revenue": NaN,
        "Total Revenue": NaN,
        "Operating Revenue": NaN
    },
    "2023-12-31": {
        "Tax Effect Of Unusual Items": NaN,
        "Tax Rate For Calcs": NaN,
        "Normalized EBITDA": NaN,
        "Total Unusual Items": NaN,
        "Total Unusual Items Excluding Goodwill": NaN,
        "Net Income From Continuing Operation Net Minority Interest": NaN,
        "Reconciled Depreciation": NaN,
        "Reconciled Cost Of Revenue": NaN,
        "EBITDA": NaN,
        "EBIT": NaN,
        "Net Interest Income": NaN,
        "Interest Expense": NaN,
        "Normalized Income": NaN,
        "Net Income From Continuing And Discontinued Operation": NaN,
        "Total Expenses": NaN,
        "Total Operating Income As Reported": NaN,
        "Diluted Average Shares": NaN,
        "Basic Average Shares": NaN,
        "Diluted EPS": NaN,
        "Basic EPS": NaN,
        "Diluted NI Availto Com Stockholders": NaN,
        "Net Income Common Stockholders": NaN,
        "Otherunder Preferred Stock Dividend": NaN,
        "Preferred Stock Dividends": NaN,
        "Net Income": NaN,
        "Net Income Including Noncontrolling Interests": NaN,
        "Net Income Continuous Operations": NaN,
        "Tax Provision": NaN,
        "Pretax Income": NaN,
        "Other Income Expense": NaN,
        "Other Non Operating Income Expenses": NaN,
        "Special Income Charges": NaN,
        "Restructuring And Mergern Acquisition": 0.0,
        "Net Non Operating Interest Income Expense": NaN,
        "Interest Expense Non Operating": NaN,
        "Operating Income": NaN,
        "Operating Expense": NaN,
        "Depreciation Amortization Depletion Income Statement": NaN,
        "Depreciation And Amortization In Income Statement": NaN,
        "Amortization": NaN,
        "Amortization Of Intangibles Income Statement": NaN,
        "Research And Development": NaN,
        "Selling General And Administration": NaN,
        "Gross Profit": NaN,
        "Cost Of Revenue": NaN,
        "Total Revenue": NaN,
        "Operating Revenue": NaN
    },
    "2024-03-31": {
        "Tax Effect Of Unusual Items": -1470000.0,
        "Tax Rate For Calcs": 0.21,
        "Normalized EBITDA": 117000000.0,
        "Total Unusual Items": -7000000.0,
        "Total Unusual Items Excluding Goodwill": -7000000.0,
        "Net Income From Continuing Operation Net Minority Interest": 43000000.0,
        "Reconciled Depreciation": 24000000.0,
        "Reconciled Cost Of Revenue": 1071000000.0,
        "EBITDA": 110000000.0,
        "EBIT": 86000000.0,
        "Net Interest Income": -13000000.0,
        "Interest Expense": 13000000.0,
        "Normalized Income": 48530000.0,
        "Net Income From Continuing And Discontinued Operation": 43000000.0,
        "Total Expenses": 1351000000.0,
        "Total Operating Income As Reported": 128000000.0,
        "Diluted Average Shares": 148000000.0,
        "Basic Average Shares": 146000000.0,
        "Diluted EPS": 0.29,
        "Basic EPS": 0.29,
        "Diluted NI Availto Com Stockholders": 43000000.0,
        "Net Income Common Stockholders": 43000000.0,
        "Otherunder Preferred Stock Dividend": NaN,
        "Preferred Stock Dividends": NaN,
        "Net Income": 43000000.0,
        "Net Income Including Noncontrolling Interests": 43000000.0,
        "Net Income Continuous Operations": 43000000.0,
        "Tax Provision": 30000000.0,
        "Pretax Income": 73000000.0,
        "Other Income Expense": -49000000.0,
        "Other Non Operating Income Expenses": -42000000.0,
        "Special Income Charges": -7000000.0,
        "Restructuring And Mergern Acquisition": 7000000.0,
        "Net Non Operating Interest Income Expense": -13000000.0,
        "Interest Expense Non Operating": 13000000.0,
        "Operating Income": 135000000.0,
        "Operating Expense": 265000000.0,
        "Depreciation Amortization Depletion Income Statement": 9000000.0,
        "Depreciation And Amortization In Income Statement": 9000000.0,
        "Amortization": 9000000.0,
        "Amortization Of Intangibles Income Statement": 9000000.0,
        "Research And Development": 25000000.0,
        "Selling General And Administration": 231000000.0,
        "Gross Profit": 400000000.0,
        "Cost Of Revenue": 1086000000.0,
        "Total Revenue": 1486000000.0,
        "Operating Revenue": 1486000000.0
    },
    "2024-06-30": {
        "Tax Effect Of Unusual Items": NaN,
        "Tax Rate For Calcs": NaN,
        "Normalized EBITDA": NaN,
        "Total Unusual Items": NaN,
        "Total Unusual Items Excluding Goodwill": NaN,
        "Net Income From Continuing Operation Net Minority Interest": NaN,
        "Reconciled Depreciation": NaN,
        "Reconciled Cost Of Revenue": NaN,
        "EBITDA": NaN,
        "EBIT": NaN,
        "Net Interest Income": NaN,
        "Interest Expense": NaN,
        "Normalized Income": NaN,
        "Net Income From Continuing And Discontinued Operation": NaN,
        "Total Expenses": NaN,
        "Total Operating Income As Reported": NaN,
        "Diluted Average Shares": NaN,
        "Basic Average Shares": NaN,
        "Diluted EPS": NaN,
        "Basic EPS": NaN,
        "Diluted NI Availto Com Stockholders": NaN,
        "Net Income Common Stockholders": NaN,
        "Otherunder Preferred Stock Dividend": NaN,
        "Preferred Stock Dividends": NaN,
        "Net Income": NaN,
        "Net Income Including Noncontrolling Interests": NaN,
        "Net Income Continuous Operations": NaN,
        "Tax Provision": NaN,
        "Pretax Income": NaN,
        "Other Income Expense": NaN,
        "Other Non Operating Income Expenses": NaN,
        "Special Income Charges": NaN,
        "Other Special Charges": 47000000.0,
        "Restructuring And Mergern Acquisition": NaN,
        "Net Non Operating Interest Income Expense": NaN,
        "Interest Expense Non Operating": NaN,
        "Operating Income": NaN,
        "Operating Expense": NaN,
        "Depreciation Amortization Depletion Income Statement": NaN,
        "Depreciation And Amortization In Income Statement": NaN,
        "Amortization": NaN,
        "Amortization Of Intangibles Income Statement": NaN,
        "Research And Development": NaN,
        "Selling General And Administration": NaN,
        "Gross Profit": NaN,
        "Cost Of Revenue": NaN,
        "Total Revenue": NaN,
        "Operating Revenue": NaN
    },
    "2024-09-30": {
        "Tax Effect Of Unusual Items": -15540000.0,
        "Tax Rate For Calcs": 0.21,
        "Normalized EBITDA": 191000000.0,
        "Total Unusual Items": -74000000.0,
        "Total Unusual Items Excluding Goodwill": -74000000.0,
        "Net Income From Continuing Operation Net Minority Interest": 20000000.0,
        "Reconciled Depreciation": 46000000.0,
        "Reconciled Cost Of Revenue": 1287000000.0,
        "EBITDA": 117000000.0,
        "EBIT": 71000000.0,
        "Net Interest Income": -27000000.0,
        "Interest Expense": 27000000.0,
        "Normalized Income": 78460000.0,
        "Net Income From Continuing And Discontinued Operation": 20000000.0,
        "Total Expenses": 1673000000.0,
        "Total Operating Income As Reported": 126000000.0,
        "Diluted Average Shares": 149000000.0,
        "Basic Average Shares": 147000000.0,
        "Diluted EPS": 0.07,
        "Basic EPS": 0.07,
        "Diluted NI Availto Com Stockholders": 11000000.0,
        "Net Income Common Stockholders": 11000000.0,
        "Otherunder Preferred Stock Dividend": 1000000.0,
        "Preferred Stock Dividends": 8000000.0,
        "Net Income": 20000000.0,
        "Net Income Including Noncontrolling Interests": 20000000.0,
        "Net Income Continuous Operations": 20000000.0,
        "Tax Provision": 24000000.0,
        "Pretax Income": 44000000.0,
        "Other Income Expense": -84000000.0,
        "Other Non Operating Income Expenses": -10000000.0,
        "Special Income Charges": -74000000.0,
        "Other Special Charges": NaN,
        "Restructuring And Mergern Acquisition": 29000000.0,
        "Net Non Operating Interest Income Expense": -27000000.0,
        "Interest Expense Non Operating": 27000000.0,
        "Operating Income": 155000000.0,
        "Operating Expense": 369000000.0,
        "Depreciation Amortization Depletion Income Statement": 29000000.0,
        "Depreciation And Amortization In Income Statement": 29000000.0,
        "Amortization": 29000000.0,
        "Amortization Of Intangibles Income Statement": 29000000.0,
        "Research And Development": 23000000.0,
        "Selling General And Administration": 317000000.0,
        "Gross Profit": 524000000.0,
        "Cost Of Revenue": 1304000000.0,
        "Total Revenue": 1828000000.0,
        "Operating Revenue": 1828000000.0
    },
    "2024-12-31": {
        "Tax Effect Of Unusual Items": -1050000.0,
        "Tax Rate For Calcs": 0.21,
        "Normalized EBITDA": 122000000.0,
        "Total Unusual Items": -5000000.0,
        "Total Unusual Items Excluding Goodwill": -5000000.0,
        "Net Income From Continuing Operation Net Minority Interest": 23000000.0,
        "Reconciled Depreciation": 46000000.0,
        "Reconciled Cost Of Revenue": 1311000000.0,
        "EBITDA": 117000000.0,
        "EBIT": 71000000.0,
        "Net Interest Income": -26000000.0,
        "Interest Expense": 26000000.0,
        "Normalized Income": 26950000.0,
        "Net Income From Continuing And Discontinued Operation": 23000000.0,
        "Total Expenses": 1709000000.0,
        "Total Operating Income As Reported": 144000000.0,
        "Diluted Average Shares": 150000000.0,
        "Basic Average Shares": 147000000.0,
        "Diluted EPS": 0.08,
        "Basic EPS": 0.08,
        "Diluted NI Availto Com Stockholders": 12000000.0,
        "Net Income Common Stockholders": 12000000.0,
        "Otherunder Preferred Stock Dividend": 2000000.0,
        "Preferred Stock Dividends": 9000000.0,
        "Net Income": 23000000.0,
        "Net Income Including Noncontrolling Interests": 23000000.0,
        "Net Income Continuous Operations": 23000000.0,
        "Tax Provision": 22000000.0,
        "Pretax Income": 45000000.0,
        "Other Income Expense": -78000000.0,
        "Other Non Operating Income Expenses": -73000000.0,
        "Special Income Charges": -5000000.0,
        "Other Special Charges": NaN,
        "Restructuring And Mergern Acquisition": 5000000.0,
        "Net Non Operating Interest Income Expense": -26000000.0,
        "Interest Expense Non Operating": 26000000.0,
        "Operating Income": 149000000.0,
        "Operating Expense": 381000000.0,
        "Depreciation Amortization Depletion Income Statement": 29000000.0,
        "Depreciation And Amortization In Income Statement": 29000000.0,
        "Amortization": 29000000.0,
        "Amortization Of Intangibles Income Statement": 29000000.0,
        "Research And Development": 42000000.0,
        "Selling General And Administration": 310000000.0,
        "Gross Profit": 530000000.0,
        "Cost Of Revenue": 1328000000.0,
        "Total Revenue": 1858000000.0,
        "Operating Revenue": 1858000000.0
    },
    "2025-03-31": {
        "Tax Effect Of Unusual Items": -840000.0,
        "Tax Rate For Calcs": 0.21,
        "Normalized EBITDA": 91000000.0,
        "Total Unusual Items": -4000000.0,
        "Total Unusual Items Excluding Goodwill": -4000000.0,
        "Net Income From Continuing Operation Net Minority Interest": 6000000.0,
        "Reconciled Depreciation": 47000000.0,
        "Reconciled Cost Of Revenue": 1242000000.0,
        "EBITDA": 87000000.0,
        "EBIT": 40000000.0,
        "Net Interest Income": -25000000.0,
        "Interest Expense": 25000000.0,
        "Normalized Income": 9160000.0,
        "Net Income From Continuing And Discontinued Operation": 6000000.0,
        "Total Expenses": 1630000000.0,
        "Total Operating Income As Reported": 136000000.0,
        "Diluted Average Shares": 148000000.0,
        "Basic Average Shares": 148000000.0,
        "Diluted EPS": -0.02,
        "Basic EPS": -0.02,
        "Diluted NI Availto Com Stockholders": -3000000.0,
        "Net Income Common Stockholders": -3000000.0,
        "Otherunder Preferred Stock Dividend": NaN,
        "Preferred Stock Dividends": 9000000.0,
        "Net Income": 6000000.0,
        "Net Income Including Noncontrolling Interests": 6000000.0,
        "Net Income Continuous Operations": 6000000.0,
        "Tax Provision": 9000000.0,
        "Pretax Income": 15000000.0,
        "Other Income Expense": -100000000.0,
        "Other Non Operating Income Expenses": -96000000.0,
        "Special Income Charges": -4000000.0,
        "Other Special Charges": NaN,
        "Restructuring And Mergern Acquisition": 4000000.0,
        "Net Non Operating Interest Income Expense": -25000000.0,
        "Interest Expense Non Operating": 25000000.0,
        "Operating Income": 140000000.0,
        "Operating Expense": 371000000.0,
        "Depreciation Amortization Depletion Income Statement": 30000000.0,
        "Depreciation And Amortization In Income Statement": 30000000.0,
        "Amortization": 30000000.0,
        "Amortization Of Intangibles Income Statement": 30000000.0,
        "Research And Development": 35000000.0,
        "Selling General And Administration": 306000000.0,
        "Gross Profit": 511000000.0,
        "Cost Of Revenue": 1259000000.0,
        "Total Revenue": 1770000000.0,
        "Operating Revenue": 1770000000.0
    },
    "2025-06-30": {
        "Tax Effect Of Unusual Items": -185640000.0,
        "Tax Rate For Calcs": 0.21,
        "Normalized EBITDA": 219000000.0,
        "Total Unusual Items": -884000000.0,
        "Total Unusual Items Excluding Goodwill": -884000000.0,
        "Net Income From Continuing Operation Net Minority Interest": -825000000.0,
        "Reconciled Depreciation": 49000000.0,
        "Reconciled Cost Of Revenue": 1355000000.0,
        "EBITDA": -665000000.0,
        "EBIT": -714000000.0,
        "Net Interest Income": -24000000.0,
        "Interest Expense": 24000000.0,
        "Normalized Income": -126640000.0,
        "Net Income From Continuing And Discontinued Operation": -825000000.0,
        "Total Expenses": 1764000000.0,
        "Total Operating Income As Reported": 177000000.0,
        "Diluted Average Shares": 149000000.0,
        "Basic Average Shares": 149000000.0,
        "Diluted EPS": -5.59,
        "Basic EPS": -5.59,
        "Diluted NI Availto Com Stockholders": -833000000.0,
        "Net Income Common Stockholders": -833000000.0,
        "Otherunder Preferred Stock Dividend": NaN,
        "Preferred Stock Dividends": 8000000.0,
        "Net Income": -825000000.0,
        "Net Income Including Noncontrolling Interests": -825000000.0,
        "Net Income Continuous Operations": -825000000.0,
        "Tax Provision": 87000000.0,
        "Pretax Income": -738000000.0,
        "Other Income Expense": -893000000.0,
        "Other Non Operating Income Expenses": -9000000.0,
        "Special Income Charges": -884000000.0,
        "Other Special Charges": 882000000.0,
        "Restructuring And Mergern Acquisition": 2000000.0,
        "Net Non Operating Interest Income Expense": -24000000.0,
        "Interest Expense Non Operating": 24000000.0,
        "Operating Income": 179000000.0,
        "Operating Expense": 390000000.0,
        "Depreciation Amortization Depletion Income Statement": 30000000.0,
        "Depreciation And Amortization In Income Statement": 30000000.0,
        "Amortization": 30000000.0,
        "Amortization Of Intangibles Income Statement": 30000000.0,
        "Research And Development": 41000000.0,
        "Selling General And Administration": 319000000.0,
        "Gross Profit": 569000000.0,
        "Cost Of Revenue": 1374000000.0,
        "Total Revenue": 1943000000.0,
        "Operating Revenue": 1943000000.0
    },
    "2025-09-30": {
        "Tax Effect Of Unusual Items": -630000.0,
        "Tax Rate For Calcs": 0.21,
        "Normalized EBITDA": 199000000.0,
        "Total Unusual Items": -3000000.0,
        "Total Unusual Items Excluding Goodwill": -3000000.0,
        "Net Income From Continuing Operation Net Minority Interest": 156000000.0,
        "Reconciled Depreciation": 49000000.0,
        "Reconciled Cost Of Revenue": 1290000000.0,
        "EBITDA": 196000000.0,
        "EBIT": 147000000.0,
        "Net Interest Income": -37000000.0,
        "Interest Expense": 37000000.0,
        "Normalized Income": 158370000.0,
        "Net Income From Continuing And Discontinued Operation": 156000000.0,
        "Total Expenses": 1707000000.0,
        "Total Operating Income As Reported": 154000000.0,
        "Diluted Average Shares": 154000000.0,
        "Basic Average Shares": 149000000.0,
        "Diluted EPS": 0.85,
        "Basic EPS": 0.88,
        "Diluted NI Availto Com Stockholders": 131000000.0,
        "Net Income Common Stockholders": 131000000.0,
        "Otherunder Preferred Stock Dividend": 16000000.0,
        "Preferred Stock Dividends": 9000000.0,
        "Net Income": 156000000.0,
        "Net Income Including Noncontrolling Interests": 156000000.0,
        "Net Income Continuous Operations": 156000000.0,
        "Tax Provision": -46000000.0,
        "Pretax Income": 110000000.0,
        "Other Income Expense": -10000000.0,
        "Other Non Operating Income Expenses": -7000000.0,
        "Special Income Charges": -3000000.0,
        "Other Special Charges": NaN,
        "Restructuring And Mergern Acquisition": 3000000.0,
        "Net Non Operating Interest Income Expense": -37000000.0,
        "Interest Expense Non Operating": 37000000.0,
        "Operating Income": 157000000.0,
        "Operating Expense": 399000000.0,
        "Depreciation Amortization Depletion Income Statement": 31000000.0,
        "Depreciation And Amortization In Income Statement": 31000000.0,
        "Amortization": 31000000.0,
        "Amortization Of Intangibles Income Statement": 31000000.0,
        "Research And Development": 44000000.0,
        "Selling General And Administration": 324000000.0,
        "Gross Profit": 556000000.0,
        "Cost Of Revenue": 1308000000.0,
        "Total Revenue": 1864000000.0,
        "Operating Revenue": 1864000000.0
    }
}