{
    "2023-04-30": {
        "Tax Effect Of Unusual Items": NaN,
        "Tax Rate For Calcs": NaN,
        "Normalized EBITDA": NaN,
        "Total Unusual Items": NaN,
        "Total Unusual Items Excluding Goodwill": NaN,
        "Net Income From Continuing Operation Net Minority Interest": NaN,
        "Reconciled Depreciation": NaN,
        "Reconciled Cost Of Revenue": 0.0,
        "EBITDA": NaN,
        "EBIT": NaN,
        "Net Interest Income": NaN,
        "Interest Expense": NaN,
        "Interest Income": NaN,
        "Normalized Income": NaN,
        "Net Income From Continuing And Discontinued Operation": NaN,
        "Total Expenses": NaN,
        "Total Operating Income As Reported": NaN,
        "Diluted Average Shares": NaN,
        "Basic Average Shares": NaN,
        "Diluted EPS": NaN,
        "Basic EPS": NaN,
        "Diluted NI Availto Com Stockholders": NaN,
        "Net Income Common Stockholders": NaN,
        "Net Income": NaN,
        "Minority Interests": NaN,
        "Net Income Including Noncontrolling Interests": NaN,
        "Net Income Discontinuous Operations": NaN,
        "Net Income Continuous Operations": NaN,
        "Earnings From Equity Interest Net Of Tax": NaN,
        "Tax Provision": NaN,
        "Pretax Income": NaN,
        "Other Income Expense": NaN,
        "Other Non Operating Income Expenses": NaN,
        "Special Income Charges": NaN,
        "Other Special Charges": NaN,
        "Write Off": NaN,
        "Restructuring And Mergern Acquisition": 0.0,
        "Gain On Sale Of Security": NaN,
        "Net Non Operating Interest Income Expense": NaN,
        "Interest Expense Non Operating": NaN,
        "Interest Income Non Operating": NaN,
        "Operating Income": NaN,
        "Operating Expense": NaN,
        "Provision For Doubtful Accounts": 0.0,
        "Depreciation Amortization Depletion Income Statement": NaN,
        "Depreciation And Amortization In Income Statement": NaN,
        "Research And Development": NaN,
        "Selling General And Administration": NaN,
        "General And Administrative Expense": NaN,
        "Other Gand A": NaN,
        "Gross Profit": 71000.0,
        "Cost Of Revenue": 0.0,
        "Total Revenue": NaN,
        "Operating Revenue": NaN
    },
    "2023-01-31": {
        "Tax Effect Of Unusual Items": NaN,
        "Tax Rate For Calcs": NaN,
        "Normalized EBITDA": NaN,
        "Total Unusual Items": NaN,
        "Total Unusual Items Excluding Goodwill": NaN,
        "Net Income From Continuing Operation Net Minority Interest": NaN,
        "Reconciled Depreciation": NaN,
        "Reconciled Cost Of Revenue": NaN,
        "EBITDA": NaN,
        "EBIT": NaN,
        "Net Interest Income": NaN,
        "Interest Expense": 0.0,
        "Interest Income": NaN,
        "Normalized Income": NaN,
        "Net Income From Continuing And Discontinued Operation": NaN,
        "Total Expenses": NaN,
        "Total Operating Income As Reported": NaN,
        "Diluted Average Shares": NaN,
        "Basic Average Shares": NaN,
        "Diluted EPS": NaN,
        "Basic EPS": NaN,
        "Diluted NI Availto Com Stockholders": NaN,
        "Net Income Common Stockholders": NaN,
        "Net Income": NaN,
        "Minority Interests": NaN,
        "Net Income Including Noncontrolling Interests": NaN,
        "Net Income Discontinuous Operations": NaN,
        "Net Income Continuous Operations": NaN,
        "Earnings From Equity Interest Net Of Tax": NaN,
        "Tax Provision": NaN,
        "Pretax Income": NaN,
        "Other Income Expense": NaN,
        "Other Non Operating Income Expenses": NaN,
        "Special Income Charges": NaN,
        "Write Off": NaN,
        "Restructuring And Mergern Acquisition": 0.0,
        "Gain On Sale Of Security": NaN,
        "Net Non Operating Interest Income Expense": NaN,
        "Interest Expense Non Operating": 0.0,
        "Interest Income Non Operating": NaN,
        "Operating Income": NaN,
        "Operating Expense": NaN,
        "Provision For Doubtful Accounts": 0.0,
        "Depreciation Amortization Depletion Income Statement": NaN,
        "Depreciation And Amortization In Income Statement": NaN,
        "Research And Development": NaN,
        "Selling General And Administration": NaN,
        "General And Administrative Expense": NaN,
        "Other Gand A": NaN,
        "Gross Profit": NaN,
        "Cost Of Revenue": NaN,
        "Total Revenue": NaN,
        "Operating Revenue": NaN
    },
    "2022-10-31": {
        "Tax Effect Of Unusual Items": NaN,
        "Tax Rate For Calcs": NaN,
        "Normalized EBITDA": NaN,
        "Total Unusual Items": NaN,
        "Total Unusual Items Excluding Goodwill": NaN,
        "Net Income From Continuing Operation Net Minority Interest": NaN,
        "Reconciled Depreciation": NaN,
        "Reconciled Cost Of Revenue": NaN,
        "EBITDA": NaN,
        "EBIT": NaN,
        "Net Interest Income": NaN,
        "Interest Expense": 0.0,
        "Interest Income": NaN,
        "Normalized Income": NaN,
        "Net Income From Continuing And Discontinued Operation": NaN,
        "Total Expenses": NaN,
        "Total Operating Income As Reported": NaN,
        "Diluted Average Shares": NaN,
        "Basic Average Shares": NaN,
        "Diluted EPS": NaN,
        "Basic EPS": NaN,
        "Diluted NI Availto Com Stockholders": NaN,
        "Net Income Common Stockholders": NaN,
        "Net Income": NaN,
        "Minority Interests": NaN,
        "Net Income Including Noncontrolling Interests": NaN,
        "Net Income Discontinuous Operations": NaN,
        "Net Income Continuous Operations": NaN,
        "Earnings From Equity Interest Net Of Tax": NaN,
        "Tax Provision": NaN,
        "Pretax Income": NaN,
        "Other Income Expense": NaN,
        "Other Non Operating Income Expenses": NaN,
        "Special Income Charges": NaN,
        "Write Off": NaN,
        "Restructuring And Mergern Acquisition": NaN,
        "Gain On Sale Of Security": NaN,
        "Net Non Operating Interest Income Expense": NaN,
        "Interest Expense Non Operating": 0.0,
        "Interest Income Non Operating": NaN,
        "Operating Income": NaN,
        "Operating Expense": NaN,
        "Provision For Doubtful Accounts": 0.0,
        "Depreciation Amortization Depletion Income Statement": NaN,
        "Depreciation And Amortization In Income Statement": NaN,
        "Research And Development": NaN,
        "Selling General And Administration": NaN,
        "General And Administrative Expense": NaN,
        "Other Gand A": NaN,
        "Gross Profit": NaN,
        "Cost Of Revenue": NaN,
        "Total Revenue": NaN,
        "Operating Revenue": NaN
    },
    "2022-07-31": {
        "Tax Effect Of Unusual Items": 103.336921,
        "Tax Rate For Calcs": 0.001292,
        "Normalized EBITDA": -4900000.0,
        "Total Unusual Items": 80000.0,
        "Total Unusual Items Excluding Goodwill": 80000.0,
        "Net Income From Continuing Operation Net Minority Interest": -4570000.0,
        "Reconciled Depreciation": 18000.0,
        "EBITDA": -4820000.0,
        "EBIT": -4838000.0,
        "Net Interest Income": 1348000.0,
        "Interest Expense": -1205000.0,
        "Interest Income": 143000.0,
        "Normalized Income": -4649896.663079,
        "Net Income From Continuing And Discontinued Operation": -4784000.0,
        "Total Expenses": 4907000.0,
        "Total Operating Income As Reported": -4838000.0,
        "Diluted Average Shares": 20652834.0,
        "Basic Average Shares": 20652834.0,
        "Diluted EPS": -0.25,
        "Basic EPS": -0.24,
        "Diluted NI Availto Com Stockholders": -4784000.0,
        "Net Income Common Stockholders": -4784000.0,
        "Net Income": -4784000.0,
        "Minority Interests": 69000.0,
        "Net Income Including Noncontrolling Interests": -4853000.0,
        "Net Income Discontinuous Operations": -214000.0,
        "Net Income Continuous Operations": -4639000.0,
        "Earnings From Equity Interest Net Of Tax": 0.0,
        "Tax Provision": -6000.0,
        "Pretax Income": -4645000.0,
        "Other Income Expense": 193000.0,
        "Other Non Operating Income Expenses": 113000.0,
        "Special Income Charges": 0.0,
        "Write Off": 0.0,
        "Gain On Sale Of Security": 80000.0,
        "Net Non Operating Interest Income Expense": 1348000.0,
        "Interest Expense Non Operating": -1205000.0,
        "Interest Income Non Operating": 143000.0,
        "Operating Income": -4838000.0,
        "Operating Expense": 4907000.0,
        "Provision For Doubtful Accounts": 0.0,
        "Depreciation Amortization Depletion Income Statement": 18000.0,
        "Depreciation And Amortization In Income Statement": 18000.0,
        "Research And Development": 1841000.0,
        "Selling General And Administration": 3048000.0,
        "General And Administrative Expense": NaN,
        "Other Gand A": NaN,
        "Total Revenue": 69000.0,
        "Operating Revenue": 69000.0
    },
    "2022-04-30": {
        "Diluted EPS": -0.28,
        "Total Revenue": 0,
        "Gross Profit": 0,
        "Operating Income": -5,
        "EBIT": -5,
        "Net Income": -6
    },
    "2022-01-31": {
        "Diluted EPS": -0.12,
        "Total Revenue": 0,
        "Gross Profit": 0,
        "Operating Income": -2,
        "EBIT": -1,
        "Net Income": -2
    },
    "2021-10-31": {
        "Diluted EPS": -5.91,
        "Total Revenue": 0,
        "Gross Profit": 0,
        "Operating Income": -50,
        "EBIT": -49,
        "Net Income": -112
    },
    "2021-07-31": {
        "Diluted EPS": -0.75,
        "Total Revenue": 0,
        "Gross Profit": 0,
        "Operating Income": -13,
        "EBIT": -14,
        "Net Income": -12
    },
    "2021-04-30": {
        "Diluted EPS": -0.15,
        "Total Revenue": 1,
        "Gross Profit": 1,
        "Operating Income": -3,
        "EBIT": -3,
        "Net Income": -3
    },
    "2021-01-31": {
        "Diluted EPS": -0.5,
        "Total Revenue": 1,
        "Gross Profit": 1,
        "Operating Income": -11,
        "EBIT": -10,
        "Net Income": -8
    },
    "2020-10-31": {
        "Diluted EPS": -0.09,
        "Total Revenue": 1,
        "Gross Profit": 1,
        "Operating Income": -2,
        "EBIT": -2,
        "Net Income": -1
    },
    "2020-07-31": {
        "Diluted EPS": -0.34,
        "Total Revenue": 1,
        "Gross Profit": 1,
        "Operating Income": -3,
        "EBIT": -3,
        "Net Income": -5
    },
    "2020-04-30": {
        "Diluted EPS": -0.14,
        "Total Revenue": 1,
        "Gross Profit": 1,
        "Operating Income": -2,
        "EBIT": -1,
        "Net Income": -2
    },
    "2020-01-31": {
        "Diluted EPS": -0.08,
        "Total Revenue": 1,
        "Gross Profit": 1,
        "Operating Income": -2,
        "EBIT": -1,
        "Net Income": -1
    },
    "2019-10-31": {
        "Diluted EPS": -0.1,
        "Total Revenue": 1,
        "Gross Profit": 1,
        "Operating Income": -2,
        "EBIT": -1,
        "Net Income": -2
    },
    "2019-07-31": {
        "Diluted EPS": -0.16,
        "Total Revenue": 1,
        "Gross Profit": 1,
        "Operating Income": -3,
        "EBIT": -2,
        "Net Income": -2
    },
    "2019-04-30": {
        "Diluted EPS": -0.07,
        "Total Revenue": 1,
        "Gross Profit": 1,
        "Operating Income": -1,
        "EBIT": -1,
        "Net Income": -1
    },
    "2019-01-31": {
        "Diluted EPS": -0.08,
        "Total Revenue": 1,
        "Gross Profit": 1,
        "Operating Income": -1,
        "EBIT": -1,
        "Net Income": -1
    },
    "2018-10-31": {
        "Diluted EPS": -0.04,
        "Total Revenue": 1,
        "Gross Profit": 1,
        "Operating Income": -1,
        "EBIT": -1,
        "Net Income": 0
    },
    "2018-07-31": {
        "Diluted EPS": -0.11,
        "Total Revenue": 1,
        "Gross Profit": 1,
        "Operating Income": -1,
        "EBIT": 0,
        "Net Income": -1
    },
    "2018-04-30": {
        "Diluted EPS": -0.04,
        "Total Revenue": 1,
        "Gross Profit": 1,
        "Operating Income": -1,
        "EBIT": 0,
        "Net Income": -1
    },
    "2018-01-31": {
        "Diluted EPS": -0.04,
        "Total Revenue": 1,
        "Gross Profit": 1,
        "Operating Income": -1,
        "EBIT": 0,
        "Net Income": -1
    },
    "2017-10-31": {
        "Diluted EPS": -0.74,
        "Total Revenue": 1,
        "Gross Profit": 1,
        "Operating Income": -1,
        "EBIT": -1,
        "Net Income": -9
    },
    "2017-07-31": {
        "Diluted EPS": 0.0,
        "Total Revenue": NaN,
        "Gross Profit": NaN,
        "Operating Income": NaN,
        "EBIT": NaN,
        "Net Income": NaN
    },
    "2017-04-30": {
        "Diluted EPS": -0.01,
        "Total Revenue": 1,
        "Gross Profit": 1,
        "Operating Income": 0,
        "EBIT": 0,
        "Net Income": 0
    },
    "2017-01-31": {
        "Diluted EPS": 0.0,
        "Total Revenue": 1,
        "Gross Profit": 1,
        "Operating Income": 0,
        "EBIT": 0,
        "Net Income": 0
    },
    "2016-07-31": {
        "Diluted EPS": 0.0,
        "Total Revenue": NaN,
        "Gross Profit": NaN,
        "Operating Income": NaN,
        "EBIT": NaN,
        "Net Income": NaN
    },
    "2023-07-31": {
        "Tax Effect Of Unusual Items": NaN,
        "Tax Rate For Calcs": NaN,
        "Normalized EBITDA": NaN,
        "Total Unusual Items": NaN,
        "Total Unusual Items Excluding Goodwill": NaN,
        "Net Income From Continuing Operation Net Minority Interest": NaN,
        "Reconciled Depreciation": NaN,
        "Reconciled Cost Of Revenue": NaN,
        "EBITDA": NaN,
        "EBIT": NaN,
        "Net Interest Income": NaN,
        "Interest Expense": NaN,
        "Interest Income": NaN,
        "Normalized Income": NaN,
        "Net Income From Continuing And Discontinued Operation": NaN,
        "Total Expenses": NaN,
        "Total Operating Income As Reported": NaN,
        "Diluted Average Shares": NaN,
        "Basic Average Shares": NaN,
        "Diluted EPS": NaN,
        "Basic EPS": NaN,
        "Diluted NI Availto Com Stockholders": NaN,
        "Net Income Common Stockholders": NaN,
        "Net Income": NaN,
        "Minority Interests": NaN,
        "Net Income Including Noncontrolling Interests": NaN,
        "Net Income Discontinuous Operations": -65000.0,
        "Net Income Continuous Operations": NaN,
        "Earnings From Equity Interest Net Of Tax": NaN,
        "Tax Provision": NaN,
        "Pretax Income": NaN,
        "Other Income Expense": NaN,
        "Other Non Operating Income Expenses": NaN,
        "Special Income Charges": NaN,
        "Other Special Charges": NaN,
        "Write Off": -17000.0,
        "Impairment Of Capital Assets": NaN,
        "Restructuring And Mergern Acquisition": NaN,
        "Gain On Sale Of Security": NaN,
        "Net Non Operating Interest Income Expense": NaN,
        "Interest Expense Non Operating": NaN,
        "Interest Income Non Operating": NaN,
        "Operating Income": NaN,
        "Operating Expense": NaN,
        "Provision For Doubtful Accounts": 0.0,
        "Depreciation Amortization Depletion Income Statement": NaN,
        "Depreciation And Amortization In Income Statement": NaN,
        "Research And Development": NaN,
        "Selling General And Administration": NaN,
        "General And Administrative Expense": NaN,
        "Other Gand A": NaN,
        "Gross Profit": NaN,
        "Cost Of Revenue": NaN,
        "Total Revenue": NaN,
        "Operating Revenue": NaN
    },
    "2023-10-31": {
        "Tax Effect Of Unusual Items": NaN,
        "Tax Rate For Calcs": NaN,
        "Normalized EBITDA": NaN,
        "Total Unusual Items": NaN,
        "Total Unusual Items Excluding Goodwill": NaN,
        "Net Income From Continuing Operation Net Minority Interest": NaN,
        "Reconciled Depreciation": NaN,
        "Reconciled Cost Of Revenue": NaN,
        "EBITDA": NaN,
        "EBIT": NaN,
        "Net Interest Income": NaN,
        "Interest Expense": NaN,
        "Interest Income": NaN,
        "Normalized Income": NaN,
        "Net Income From Continuing And Discontinued Operation": NaN,
        "Total Expenses": NaN,
        "Total Operating Income As Reported": NaN,
        "Diluted Average Shares": NaN,
        "Basic Average Shares": NaN,
        "Diluted EPS": NaN,
        "Basic EPS": NaN,
        "Diluted NI Availto Com Stockholders": NaN,
        "Net Income Common Stockholders": NaN,
        "Net Income": NaN,
        "Minority Interests": NaN,
        "Net Income Including Noncontrolling Interests": NaN,
        "Net Income Discontinuous Operations": 0.0,
        "Net Income Continuous Operations": NaN,
        "Earnings From Equity Interest Net Of Tax": NaN,
        "Tax Provision": NaN,
        "Pretax Income": NaN,
        "Other Income Expense": NaN,
        "Other Non Operating Income Expenses": NaN,
        "Special Income Charges": NaN,
        "Other Special Charges": NaN,
        "Write Off": 0.0,
        "Impairment Of Capital Assets": NaN,
        "Restructuring And Mergern Acquisition": NaN,
        "Gain On Sale Of Security": NaN,
        "Net Non Operating Interest Income Expense": NaN,
        "Interest Expense Non Operating": NaN,
        "Interest Income Non Operating": NaN,
        "Operating Income": NaN,
        "Operating Expense": NaN,
        "Depreciation Amortization Depletion Income Statement": NaN,
        "Depreciation And Amortization In Income Statement": NaN,
        "Research And Development": NaN,
        "Selling General And Administration": NaN,
        "General And Administrative Expense": NaN,
        "Other Gand A": NaN,
        "Gross Profit": NaN,
        "Cost Of Revenue": NaN,
        "Total Revenue": NaN,
        "Operating Revenue": NaN
    },
    "2024-01-31": {
        "Tax Effect Of Unusual Items": NaN,
        "Tax Rate For Calcs": NaN,
        "Normalized EBITDA": NaN,
        "Total Unusual Items": NaN,
        "Total Unusual Items Excluding Goodwill": NaN,
        "Net Income From Continuing Operation Net Minority Interest": NaN,
        "Reconciled Depreciation": NaN,
        "Reconciled Cost Of Revenue": NaN,
        "EBITDA": NaN,
        "EBIT": NaN,
        "Net Interest Income": NaN,
        "Interest Expense": NaN,
        "Interest Income": NaN,
        "Normalized Income": NaN,
        "Net Income From Continuing And Discontinued Operation": NaN,
        "Total Expenses": NaN,
        "Total Operating Income As Reported": NaN,
        "Diluted Average Shares": NaN,
        "Basic Average Shares": NaN,
        "Diluted EPS": NaN,
        "Basic EPS": NaN,
        "Diluted NI Availto Com Stockholders": NaN,
        "Net Income Common Stockholders": NaN,
        "Net Income": NaN,
        "Minority Interests": NaN,
        "Net Income Including Noncontrolling Interests": NaN,
        "Net Income Discontinuous Operations": 0.0,
        "Net Income Continuous Operations": NaN,
        "Earnings From Equity Interest Net Of Tax": NaN,
        "Tax Provision": NaN,
        "Pretax Income": NaN,
        "Other Income Expense": NaN,
        "Other Non Operating Income Expenses": NaN,
        "Special Income Charges": -1633000.0,
        "Other Special Charges": NaN,
        "Write Off": 0.0,
        "Impairment Of Capital Assets": 0.0,
        "Restructuring And Mergern Acquisition": 1633000.0,
        "Gain On Sale Of Security": NaN,
        "Net Non Operating Interest Income Expense": NaN,
        "Interest Expense Non Operating": NaN,
        "Interest Income Non Operating": NaN,
        "Operating Income": NaN,
        "Operating Expense": NaN,
        "Depreciation Amortization Depletion Income Statement": NaN,
        "Depreciation And Amortization In Income Statement": NaN,
        "Research And Development": NaN,
        "Selling General And Administration": NaN,
        "General And Administrative Expense": NaN,
        "Other Gand A": NaN,
        "Gross Profit": NaN,
        "Cost Of Revenue": NaN,
        "Total Revenue": NaN,
        "Operating Revenue": NaN
    },
    "2024-04-30": {
        "Tax Effect Of Unusual Items": -138296.662146,
        "Tax Rate For Calcs": 0.040051,
        "Normalized EBITDA": -61252000.0,
        "Total Unusual Items": -3453000.0,
        "Total Unusual Items Excluding Goodwill": -3453000.0,
        "Net Income From Continuing Operation Net Minority Interest": -32351000.0,
        "Reconciled Depreciation": 102000.0,
        "Reconciled Cost Of Revenue": 85000.0,
        "EBITDA": -64705000.0,
        "EBIT": -64807000.0,
        "Net Interest Income": 417000.0,
        "Interest Expense": 85000.0,
        "Interest Income": 502000.0,
        "Normalized Income": -29036296.662146,
        "Net Income From Continuing And Discontinued Operation": -32351000.0,
        "Total Expenses": 93497000.0,
        "Total Operating Income As Reported": -93161000.0,
        "Diluted Average Shares": 24464541.0,
        "Basic Average Shares": 24464541.0,
        "Diluted EPS": -1.321806,
        "Basic EPS": -1.321806,
        "Diluted NI Availto Com Stockholders": -32351000.0,
        "Net Income Common Stockholders": -32351000.0,
        "Net Income": -32351000.0,
        "Minority Interests": 29942000.0,
        "Net Income Including Noncontrolling Interests": -62293000.0,
        "Net Income Discontinuous Operations": 0.0,
        "Net Income Continuous Operations": -62293000.0,
        "Earnings From Equity Interest Net Of Tax": 0.0,
        "Tax Provision": -2599000.0,
        "Pretax Income": -64892000.0,
        "Other Income Expense": 27852000.0,
        "Other Non Operating Income Expenses": 31305000.0,
        "Special Income Charges": 0.0,
        "Other Special Charges": 89861000.0,
        "Write Off": -31305000.0,
        "Impairment Of Capital Assets": 0.0,
        "Restructuring And Mergern Acquisition": 0.0,
        "Gain On Sale Of Security": -3453000.0,
        "Net Non Operating Interest Income Expense": 417000.0,
        "Interest Expense Non Operating": 85000.0,
        "Interest Income Non Operating": 502000.0,
        "Operating Income": -93161000.0,
        "Operating Expense": 93412000.0,
        "Depreciation Amortization Depletion Income Statement": 102000.0,
        "Depreciation And Amortization In Income Statement": 102000.0,
        "Research And Development": 91387000.0,
        "Selling General And Administration": 1923000.0,
        "General And Administrative Expense": 1923000.0,
        "Other Gand A": 1923000.0,
        "Gross Profit": 251000.0,
        "Cost Of Revenue": 85000.0,
        "Total Revenue": 336000.0,
        "Operating Revenue": 336000.0
    },
    "2024-07-31": {
        "Tax Effect Of Unusual Items": -27098.360656,
        "Tax Rate For Calcs": 0.017608,
        "Normalized EBITDA": -3171000.0,
        "Total Unusual Items": -1539000.0,
        "Total Unusual Items Excluding Goodwill": -1539000.0,
        "Net Income From Continuing Operation Net Minority Interest": -4468000.0,
        "Reconciled Depreciation": 68000.0,
        "Reconciled Cost Of Revenue": 69000.0,
        "EBITDA": -4710000.0,
        "EBIT": -4778000.0,
        "Net Interest Income": 443000.0,
        "Interest Expense": 163000.0,
        "Interest Income": 606000.0,
        "Normalized Income": -2956098.360656,
        "Net Income From Continuing And Discontinued Operation": -4468000.0,
        "Total Expenses": 4010000.0,
        "Total Operating Income As Reported": -3845000.0,
        "Diluted Average Shares": 24259915.0,
        "Basic Average Shares": 24259915.0,
        "Diluted EPS": -0.187313,
        "Basic EPS": -0.187313,
        "Diluted NI Availto Com Stockholders": -4468000.0,
        "Net Income Common Stockholders": -4468000.0,
        "Net Income": -4468000.0,
        "Minority Interests": 386000.0,
        "Net Income Including Noncontrolling Interests": -4854000.0,
        "Net Income Discontinuous Operations": 0.0,
        "Net Income Continuous Operations": -4854000.0,
        "Earnings From Equity Interest Net Of Tax": 0.0,
        "Tax Provision": -87000.0,
        "Pretax Income": -4941000.0,
        "Other Income Expense": -1539000.0,
        "Other Non Operating Income Expenses": 0.0,
        "Special Income Charges": 0.0,
        "Other Special Charges": 0.0,
        "Write Off": 0.0,
        "Impairment Of Capital Assets": NaN,
        "Restructuring And Mergern Acquisition": 0.0,
        "Gain On Sale Of Security": -1539000.0,
        "Net Non Operating Interest Income Expense": 443000.0,
        "Interest Expense Non Operating": 163000.0,
        "Interest Income Non Operating": 606000.0,
        "Operating Income": -3845000.0,
        "Operating Expense": 3941000.0,
        "Depreciation Amortization Depletion Income Statement": 68000.0,
        "Depreciation And Amortization In Income Statement": 68000.0,
        "Research And Development": 1543000.0,
        "Selling General And Administration": 2330000.0,
        "General And Administrative Expense": 2330000.0,
        "Other Gand A": 2330000.0,
        "Gross Profit": 96000.0,
        "Cost Of Revenue": 69000.0,
        "Total Revenue": 165000.0,
        "Operating Revenue": 165000.0
    },
    "2024-10-31": {
        "Tax Effect Of Unusual Items": -1209390.0,
        "Tax Rate For Calcs": 0.21,
        "Normalized EBITDA": -3192000.0,
        "Total Unusual Items": -5759000.0,
        "Total Unusual Items Excluding Goodwill": -5759000.0,
        "Net Income From Continuing Operation Net Minority Interest": -9006000.0,
        "Reconciled Depreciation": 86000.0,
        "Reconciled Cost Of Revenue": 37000.0,
        "EBITDA": -8951000.0,
        "EBIT": -9037000.0,
        "Net Interest Income": 406000.0,
        "Interest Expense": 162000.0,
        "Interest Income": 568000.0,
        "Normalized Income": -4456390.0,
        "Net Income From Continuing And Discontinued Operation": -9006000.0,
        "Total Expenses": 3972000.0,
        "Total Operating Income As Reported": -3844000.0,
        "Diluted Average Shares": 24408025.0,
        "Basic Average Shares": 24408025.0,
        "Diluted EPS": -0.364768,
        "Basic EPS": -0.364768,
        "Diluted NI Availto Com Stockholders": -9006000.0,
        "Net Income Common Stockholders": -9006000.0,
        "Net Income": -9006000.0,
        "Minority Interests": 205000.0,
        "Net Income Including Noncontrolling Interests": -9211000.0,
        "Net Income Discontinuous Operations": NaN,
        "Net Income Continuous Operations": -9211000.0,
        "Earnings From Equity Interest Net Of Tax": 0.0,
        "Tax Provision": 12000.0,
        "Pretax Income": -9199000.0,
        "Other Income Expense": -5761000.0,
        "Other Non Operating Income Expenses": -2000.0,
        "Special Income Charges": NaN,
        "Other Special Charges": NaN,
        "Write Off": NaN,
        "Impairment Of Capital Assets": NaN,
        "Restructuring And Mergern Acquisition": NaN,
        "Gain On Sale Of Security": -5759000.0,
        "Net Non Operating Interest Income Expense": 406000.0,
        "Interest Expense Non Operating": 162000.0,
        "Interest Income Non Operating": 568000.0,
        "Operating Income": -3844000.0,
        "Operating Expense": 3935000.0,
        "Depreciation Amortization Depletion Income Statement": 86000.0,
        "Depreciation And Amortization In Income Statement": 86000.0,
        "Research And Development": 1326000.0,
        "Selling General And Administration": 2523000.0,
        "General And Administrative Expense": 2523000.0,
        "Other Gand A": 2523000.0,
        "Gross Profit": 91000.0,
        "Cost Of Revenue": 37000.0,
        "Total Revenue": 128000.0,
        "Operating Revenue": 128000.0
    },
    "2025-01-31": {
        "Tax Effect Of Unusual Items": -412860.0,
        "Tax Rate For Calcs": 0.21,
        "Normalized EBITDA": -3088000.0,
        "Total Unusual Items": -1966000.0,
        "Total Unusual Items Excluding Goodwill": -1966000.0,
        "Net Income From Continuing Operation Net Minority Interest": -4641000.0,
        "Reconciled Depreciation": 90000.0,
        "Reconciled Cost Of Revenue": 38000.0,
        "EBITDA": -5054000.0,
        "EBIT": -5144000.0,
        "Net Interest Income": 326000.0,
        "Interest Expense": 163000.0,
        "Interest Income": 489000.0,
        "Normalized Income": -3087860.0,
        "Net Income From Continuing And Discontinued Operation": -4641000.0,
        "Total Expenses": 3666000.0,
        "Total Operating Income As Reported": -6639000.0,
        "Diluted Average Shares": 24496642.0,
        "Basic Average Shares": 24496642.0,
        "Diluted EPS": -0.187313,
        "Basic EPS": -0.187313,
        "Diluted NI Availto Com Stockholders": -4641000.0,
        "Net Income Common Stockholders": -4641000.0,
        "Net Income": -4641000.0,
        "Minority Interests": 686000.0,
        "Net Income Including Noncontrolling Interests": -5327000.0,
        "Net Income Discontinuous Operations": NaN,
        "Net Income Continuous Operations": -5327000.0,
        "Earnings From Equity Interest Net Of Tax": 0.0,
        "Tax Provision": 20000.0,
        "Pretax Income": -5307000.0,
        "Other Income Expense": -2044000.0,
        "Other Non Operating Income Expenses": -78000.0,
        "Special Income Charges": -3050000.0,
        "Other Special Charges": NaN,
        "Write Off": NaN,
        "Impairment Of Capital Assets": 3050000.0,
        "Restructuring And Mergern Acquisition": 0.0,
        "Gain On Sale Of Security": 1084000.0,
        "Net Non Operating Interest Income Expense": 326000.0,
        "Interest Expense Non Operating": 163000.0,
        "Interest Income Non Operating": 489000.0,
        "Operating Income": -3589000.0,
        "Operating Expense": 3628000.0,
        "Depreciation Amortization Depletion Income Statement": 90000.0,
        "Depreciation And Amortization In Income Statement": 90000.0,
        "Research And Development": 947000.0,
        "Selling General And Administration": 2591000.0,
        "General And Administrative Expense": 2591000.0,
        "Other Gand A": 2591000.0,
        "Gross Profit": 39000.0,
        "Cost Of Revenue": 38000.0,
        "Total Revenue": 77000.0,
        "Operating Revenue": 77000.0
    },
    "2025-04-30": {
        "Tax Effect Of Unusual Items": -376835.345094,
        "Tax Rate For Calcs": 0.373104,
        "Normalized EBITDA": -5225000.0,
        "Total Unusual Items": -1010000.0,
        "Total Unusual Items Excluding Goodwill": -1010000.0,
        "Net Income From Continuing Operation Net Minority Interest": -4779000.0,
        "Reconciled Depreciation": 62000.0,
        "Reconciled Cost Of Revenue": 40000.0,
        "EBITDA": -6235000.0,
        "EBIT": -6297000.0,
        "Net Interest Income": 307000.0,
        "Interest Expense": 165000.0,
        "Interest Income": 472000.0,
        "Normalized Income": -4145835.345094,
        "Net Income From Continuing And Discontinued Operation": -4779000.0,
        "Total Expenses": 6275000.0,
        "Total Operating Income As Reported": -5913000.0,
        "Diluted Average Shares": 25600536.0,
        "Basic Average Shares": 25600536.0,
        "Diluted EPS": -0.187313,
        "Basic EPS": -0.187313,
        "Diluted NI Availto Com Stockholders": -4779000.0,
        "Net Income Common Stockholders": -4779000.0,
        "Net Income": -4779000.0,
        "Minority Interests": -728000.0,
        "Net Income Including Noncontrolling Interests": -4051000.0,
        "Net Income Discontinuous Operations": NaN,
        "Net Income Continuous Operations": -4051000.0,
        "Earnings From Equity Interest Net Of Tax": 0.0,
        "Tax Provision": -2411000.0,
        "Pretax Income": -6462000.0,
        "Other Income Expense": -856000.0,
        "Other Non Operating Income Expenses": 154000.0,
        "Special Income Charges": 0.0,
        "Other Special Charges": NaN,
        "Write Off": 0.0,
        "Impairment Of Capital Assets": 0.0,
        "Restructuring And Mergern Acquisition": 0.0,
        "Gain On Sale Of Security": -1010000.0,
        "Net Non Operating Interest Income Expense": 307000.0,
        "Interest Expense Non Operating": 165000.0,
        "Interest Income Non Operating": 472000.0,
        "Operating Income": -5913000.0,
        "Operating Expense": 6235000.0,
        "Depreciation Amortization Depletion Income Statement": 62000.0,
        "Depreciation And Amortization In Income Statement": 62000.0,
        "Research And Development": 3003000.0,
        "Selling General And Administration": 3170000.0,
        "General And Administrative Expense": 3170000.0,
        "Other Gand A": 3170000.0,
        "Gross Profit": 322000.0,
        "Cost Of Revenue": 40000.0,
        "Total Revenue": 362000.0,
        "Operating Revenue": 362000.0
    }
}