{
    "2023-03-31": {
        "Tax Effect Of Unusual Items": NaN,
        "Tax Rate For Calcs": NaN,
        "Net Income From Continuing Operation Net Minority Interest": NaN,
        "EBIT": NaN,
        "Net Interest Income": NaN,
        "Interest Expense": NaN,
        "Normalized Income": NaN,
        "Net Income From Continuing And Discontinued Operation": NaN,
        "Total Expenses": NaN,
        "Diluted Average Shares": NaN,
        "Basic Average Shares": NaN,
        "Diluted EPS": NaN,
        "Basic EPS": NaN,
        "Diluted NI Availto Com Stockholders": NaN,
        "Net Income Common Stockholders": NaN,
        "Net Income": NaN,
        "Minority Interests": NaN,
        "Net Income Including Noncontrolling Interests": NaN,
        "Net Income Continuous Operations": NaN,
        "Tax Provision": NaN,
        "Pretax Income": NaN,
        "Other Income Expense": NaN,
        "Net Non Operating Interest Income Expense": NaN,
        "Total Other Finance Cost": 3000000.0,
        "Interest Expense Non Operating": NaN,
        "Other Operating Expenses": NaN,
        "Total Revenue": NaN,
        "Operating Revenue": NaN,
        "Loss Adjustment Expense": NaN,
        "Net Policyholder Benefits And Claims": NaN,
        "Policyholder Benefits Gross": NaN
    },
    "2022-12-31": {
        "Tax Effect Of Unusual Items": NaN,
        "Tax Rate For Calcs": NaN,
        "Net Income From Continuing Operation Net Minority Interest": NaN,
        "EBIT": NaN,
        "Net Interest Income": NaN,
        "Interest Expense": NaN,
        "Normalized Income": NaN,
        "Net Income From Continuing And Discontinued Operation": NaN,
        "Total Expenses": NaN,
        "Diluted Average Shares": NaN,
        "Basic Average Shares": NaN,
        "Diluted EPS": NaN,
        "Basic EPS": NaN,
        "Diluted NI Availto Com Stockholders": NaN,
        "Net Income Common Stockholders": NaN,
        "Net Income": NaN,
        "Minority Interests": NaN,
        "Net Income Including Noncontrolling Interests": NaN,
        "Net Income Continuous Operations": NaN,
        "Tax Provision": NaN,
        "Pretax Income": NaN,
        "Other Income Expense": NaN,
        "Net Non Operating Interest Income Expense": NaN,
        "Total Other Finance Cost": 1000000.0,
        "Interest Expense Non Operating": NaN,
        "Other Operating Expenses": NaN,
        "Total Revenue": NaN,
        "Operating Revenue": NaN,
        "Loss Adjustment Expense": NaN,
        "Net Policyholder Benefits And Claims": NaN,
        "Policyholder Benefits Gross": NaN
    },
    "2022-09-30": {
        "Tax Effect Of Unusual Items": NaN,
        "Tax Rate For Calcs": NaN,
        "Net Income From Continuing Operation Net Minority Interest": NaN,
        "EBIT": NaN,
        "Net Interest Income": NaN,
        "Interest Expense": NaN,
        "Normalized Income": NaN,
        "Net Income From Continuing And Discontinued Operation": NaN,
        "Total Expenses": NaN,
        "Diluted Average Shares": NaN,
        "Basic Average Shares": NaN,
        "Diluted EPS": NaN,
        "Basic EPS": NaN,
        "Diluted NI Availto Com Stockholders": NaN,
        "Net Income Common Stockholders": NaN,
        "Net Income": NaN,
        "Minority Interests": NaN,
        "Net Income Including Noncontrolling Interests": NaN,
        "Net Income Continuous Operations": NaN,
        "Tax Provision": NaN,
        "Pretax Income": NaN,
        "Other Income Expense": NaN,
        "Net Non Operating Interest Income Expense": NaN,
        "Total Other Finance Cost": 3000000.0,
        "Interest Expense Non Operating": NaN,
        "Other Operating Expenses": NaN,
        "Total Revenue": NaN,
        "Operating Revenue": NaN
    },
    "2022-06-30": {
        "Tax Effect Of Unusual Items": 0.0,
        "Tax Rate For Calcs": 0.221,
        "Net Income From Continuing Operation Net Minority Interest": 198000000.0,
        "EBIT": 296000000.0,
        "Net Interest Income": -44000000.0,
        "Interest Expense": 42000000.0,
        "Normalized Income": 198000000.0,
        "Net Income From Continuing And Discontinued Operation": 198000000.0,
        "Total Expenses": 3556000000.0,
        "Diluted Average Shares": 68000000.0,
        "Basic Average Shares": 67000000.0,
        "Diluted EPS": 1.55,
        "Basic EPS": 1.57,
        "Diluted NI Availto Com Stockholders": 198000000.0,
        "Net Income Common Stockholders": 198000000.0,
        "Net Income": 198000000.0,
        "Minority Interests": -1000000.0,
        "Net Income Including Noncontrolling Interests": 199000000.0,
        "Net Income Continuous Operations": 199000000.0,
        "Tax Provision": 55000000.0,
        "Pretax Income": 254000000.0,
        "Other Income Expense": 157000000.0,
        "Net Non Operating Interest Income Expense": -44000000.0,
        "Total Other Finance Cost": 2000000.0,
        "Interest Expense Non Operating": 42000000.0,
        "Other Operating Expenses": 243000000.0,
        "Total Revenue": 3810000000.0,
        "Operating Revenue": 3810000000.0
    },
    "2022-03-31": {
        "Diluted EPS": 2.91,
        "Total Revenue": NaN,
        "Gross Profit": 561,
        "Operating Income": 368,
        "EBIT": 368,
        "Net Income": 197
    },
    "2021-12-31": {
        "Diluted EPS": 2.31,
        "Total Revenue": NaN,
        "Gross Profit": 312,
        "Operating Income": 59,
        "EBIT": 59,
        "Net Income": 156
    },
    "2021-09-30": {
        "Diluted EPS": -0.32,
        "Total Revenue": NaN,
        "Gross Profit": 239,
        "Operating Income": 10,
        "EBIT": 10,
        "Net Income": -22
    },
    "2021-06-30": {
        "Diluted EPS": 5.02,
        "Total Revenue": NaN,
        "Gross Profit": 767,
        "Operating Income": 527,
        "EBIT": 527,
        "Net Income": 344
    },
    "2021-03-31": {
        "Diluted EPS": 2.03,
        "Total Revenue": NaN,
        "Gross Profit": 448,
        "Operating Income": 234,
        "EBIT": 234,
        "Net Income": 139
    },
    "2020-12-31": {
        "Diluted EPS": 2.12,
        "Total Revenue": NaN,
        "Gross Profit": 438,
        "Operating Income": 216,
        "EBIT": 216,
        "Net Income": 132
    },
    "2020-09-30": {
        "Diluted EPS": 3.12,
        "Total Revenue": NaN,
        "Gross Profit": 543,
        "Operating Income": 332,
        "EBIT": 332,
        "Net Income": 213
    },
    "2020-06-30": {
        "Diluted EPS": 2.48,
        "Total Revenue": NaN,
        "Gross Profit": 429,
        "Operating Income": 241,
        "EBIT": 241,
        "Net Income": 158
    },
    "2020-03-31": {
        "Diluted EPS": -1.41,
        "Total Revenue": NaN,
        "Gross Profit": 146,
        "Operating Income": -49,
        "EBIT": -57,
        "Net Income": -88
    },
    "2019-12-31": {
        "Diluted EPS": 3.67,
        "Total Revenue": NaN,
        "Gross Profit": 592,
        "Operating Income": 358,
        "EBIT": 363,
        "Net Income": 235
    },
    "2019-09-30": {
        "Diluted EPS": 4.12,
        "Total Revenue": NaN,
        "Gross Profit": 610,
        "Operating Income": 400,
        "EBIT": 401,
        "Net Income": 263
    },
    "2019-06-30": {
        "Diluted EPS": 3.18,
        "Total Revenue": NaN,
        "Gross Profit": 533,
        "Operating Income": 311,
        "EBIT": 305,
        "Net Income": 202
    },
    "2019-03-31": {
        "Diluted EPS": 2.65,
        "Total Revenue": NaN,
        "Gross Profit": 467,
        "Operating Income": 265,
        "EBIT": 259,
        "Net Income": 170
    },
    "2018-12-31": {
        "Diluted EPS": 1.67,
        "Total Revenue": NaN,
        "Gross Profit": 384,
        "Operating Income": 185,
        "EBIT": 196,
        "Net Income": 110
    },
    "2018-09-30": {
        "Diluted EPS": 4.68,
        "Total Revenue": NaN,
        "Gross Profit": 564,
        "Operating Income": 363,
        "EBIT": 345,
        "Net Income": 301
    },
    "2018-06-30": {
        "Diluted EPS": 3.13,
        "Total Revenue": NaN,
        "Gross Profit": 487,
        "Operating Income": 292,
        "EBIT": 308,
        "Net Income": 204
    },
    "2018-03-31": {
        "Diluted EPS": 1.52,
        "Total Revenue": NaN,
        "Gross Profit": 374,
        "Operating Income": 183,
        "EBIT": 162,
        "Net Income": 100
    },
    "2017-12-31": {
        "Diluted EPS": 18.48,
        "Total Revenue": NaN,
        "Gross Profit": 530,
        "Operating Income": 301,
        "EBIT": 323,
        "Net Income": NaN
    },
    "2017-09-30": {
        "Diluted EPS": 3.47,
        "Total Revenue": NaN,
        "Gross Profit": 553,
        "Operating Income": 385,
        "EBIT": 345,
        "Net Income": 228
    },
    "2017-06-30": {
        "Diluted EPS": 3.54,
        "Total Revenue": NaN,
        "Gross Profit": 530,
        "Operating Income": 375,
        "EBIT": 358,
        "Net Income": 232
    },
    "2017-03-31": {
        "Diluted EPS": 2.22,
        "Total Revenue": NaN,
        "Gross Profit": 416,
        "Operating Income": 257,
        "EBIT": 240,
        "Net Income": 146
    },
    "2016-12-31": {
        "Diluted EPS": 2.91,
        "Total Revenue": NaN,
        "Gross Profit": 519,
        "Operating Income": 343,
        "EBIT": 313,
        "Net Income": 190
    },
    "2016-09-30": {
        "Diluted EPS": 3.07,
        "Total Revenue": NaN,
        "Gross Profit": 490,
        "Operating Income": 337,
        "EBIT": 331,
        "Net Income": 199
    },
    "2016-06-30": {
        "Diluted EPS": 3.64,
        "Total Revenue": NaN,
        "Gross Profit": 540,
        "Operating Income": 380,
        "EBIT": 360,
        "Net Income": 236
    },
    "2016-03-31": {
        "Diluted EPS": 1.17,
        "Total Revenue": NaN,
        "Gross Profit": 304,
        "Operating Income": 147,
        "EBIT": 137,
        "Net Income": 76
    },
    "2015-12-31": {
        "Diluted EPS": 2.46,
        "Total Revenue": NaN,
        "Gross Profit": 407,
        "Operating Income": 249,
        "EBIT": 264,
        "Net Income": 163
    },
    "2015-09-30": {
        "Diluted EPS": 1.25,
        "Total Revenue": NaN,
        "Gross Profit": 323,
        "Operating Income": 181,
        "EBIT": 158,
        "Net Income": 84
    },
    "2015-06-30": {
        "Diluted EPS": 1.94,
        "Total Revenue": NaN,
        "Gross Profit": 386,
        "Operating Income": 255,
        "EBIT": 238,
        "Net Income": 130
    },
    "2015-03-31": {
        "Diluted EPS": 1.81,
        "Total Revenue": NaN,
        "Gross Profit": 347,
        "Operating Income": 226,
        "EBIT": 204,
        "Net Income": 125
    },
    "2014-12-31": {
        "Diluted EPS": 2.74,
        "Total Revenue": NaN,
        "Gross Profit": 437,
        "Operating Income": 271,
        "EBIT": 264,
        "Net Income": 191
    },
    "2014-09-30": {
        "Diluted EPS": 2.28,
        "Total Revenue": NaN,
        "Gross Profit": 404,
        "Operating Income": 270,
        "EBIT": 242,
        "Net Income": 158
    },
    "2014-06-30": {
        "Diluted EPS": 2.84,
        "Total Revenue": NaN,
        "Gross Profit": 466,
        "Operating Income": 338,
        "EBIT": 312,
        "Net Income": 198
    },
    "2014-03-31": {
        "Diluted EPS": 1.92,
        "Total Revenue": NaN,
        "Gross Profit": 348,
        "Operating Income": 237,
        "EBIT": 212,
        "Net Income": 137
    },
    "2013-12-31": {
        "Diluted EPS": 2.05,
        "Total Revenue": NaN,
        "Gross Profit": 389,
        "Operating Income": 267,
        "EBIT": 242,
        "Net Income": 145
    },
    "2013-09-30": {
        "Diluted EPS": 1.93,
        "Total Revenue": NaN,
        "Gross Profit": 347,
        "Operating Income": 235,
        "EBIT": 208,
        "Net Income": 138
    },
    "2013-06-30": {
        "Diluted EPS": -0.69,
        "Total Revenue": NaN,
        "Gross Profit": 71,
        "Operating Income": -42,
        "EBIT": -63,
        "Net Income": -50
    },
    "2013-03-31": {
        "Diluted EPS": 2.49,
        "Total Revenue": NaN,
        "Gross Profit": 429,
        "Operating Income": 310,
        "EBIT": 287,
        "Net Income": 186
    },
    "2012-12-31": {
        "Diluted EPS": 2.99,
        "Total Revenue": NaN,
        "Gross Profit": 486,
        "Operating Income": 353,
        "EBIT": 331,
        "Net Income": 223
    },
    "2012-09-30": {
        "Diluted EPS": 1.95,
        "Total Revenue": NaN,
        "Gross Profit": 338,
        "Operating Income": 234,
        "EBIT": 242,
        "Net Income": 144
    },
    "2012-06-30": {
        "Diluted EPS": 1.91,
        "Total Revenue": NaN,
        "Gross Profit": 348,
        "Operating Income": 242,
        "EBIT": 208,
        "Net Income": 141
    },
    "2012-03-31": {
        "Diluted EPS": 1.67,
        "Total Revenue": NaN,
        "Gross Profit": 317,
        "Operating Income": 207,
        "EBIT": 172,
        "Net Income": 123
    },
    "2011-12-31": {
        "Diluted EPS": 1.88,
        "Total Revenue": NaN,
        "Gross Profit": 343,
        "Operating Income": 221,
        "EBIT": 149,
        "Net Income": 139
    },
    "2011-09-30": {
        "Diluted EPS": 1.81,
        "Total Revenue": NaN,
        "Gross Profit": 281,
        "Operating Income": 186,
        "EBIT": 154,
        "Net Income": 135
    },
    "2011-06-30": {
        "Diluted EPS": 1.66,
        "Total Revenue": NaN,
        "Gross Profit": 313,
        "Operating Income": 216,
        "EBIT": 175,
        "Net Income": 124
    },
    "2011-03-31": {
        "Diluted EPS": 2.02,
        "Total Revenue": NaN,
        "Gross Profit": 361,
        "Operating Income": 255,
        "EBIT": 227,
        "Net Income": 149
    },
    "2010-12-31": {
        "Diluted EPS": 2.11,
        "Total Revenue": NaN,
        "Gross Profit": 347,
        "Operating Income": 245,
        "EBIT": 205,
        "Net Income": 158
    },
    "2010-09-30": {
        "Diluted EPS": 1.72,
        "Total Revenue": NaN,
        "Gross Profit": 310,
        "Operating Income": 224,
        "EBIT": 184,
        "Net Income": 128
    },
    "2010-06-30": {
        "Diluted EPS": 1.7,
        "Total Revenue": NaN,
        "Gross Profit": 308,
        "Operating Income": 225,
        "EBIT": 177,
        "Net Income": 127
    },
    "2010-03-31": {
        "Diluted EPS": 1.64,
        "Total Revenue": NaN,
        "Gross Profit": 302,
        "Operating Income": 211,
        "EBIT": 194,
        "Net Income": 122
    },
    "2009-12-31": {
        "Diluted EPS": 1.52,
        "Total Revenue": NaN,
        "Gross Profit": 266,
        "Operating Income": 185,
        "EBIT": 144,
        "Net Income": 112
    },
    "2009-09-30": {
        "Diluted EPS": 1.61,
        "Total Revenue": NaN,
        "Gross Profit": 266,
        "Operating Income": 190,
        "EBIT": 156,
        "Net Income": 118
    },
    "2009-06-30": {
        "Diluted EPS": 2.1,
        "Total Revenue": NaN,
        "Gross Profit": 308,
        "Operating Income": 237,
        "EBIT": 212,
        "Net Income": 153
    },
    "2009-03-31": {
        "Diluted EPS": 0.32,
        "Total Revenue": NaN,
        "Gross Profit": 125,
        "Operating Income": 59,
        "EBIT": 24,
        "Net Income": 23
    },
    "2023-06-30": {
        "Tax Effect Of Unusual Items": 0.0,
        "Tax Rate For Calcs": 0.217,
        "Net Income From Continuing Operation Net Minority Interest": 205000000.0,
        "EBIT": 328000000.0,
        "Net Interest Income": -63000000.0,
        "Interest Expense": 63000000.0,
        "Normalized Income": 205000000.0,
        "Net Income From Continuing And Discontinued Operation": 205000000.0,
        "Total Expenses": 3872000000.0,
        "Diluted Average Shares": 67420000.0,
        "Basic Average Shares": 66518000.0,
        "Diluted EPS": 3.05,
        "Basic EPS": 3.09,
        "Diluted NI Availto Com Stockholders": 205000000.0,
        "Net Income Common Stockholders": 205000000.0,
        "Net Income": 205000000.0,
        "Minority Interests": -2000000.0,
        "Net Income Including Noncontrolling Interests": 207000000.0,
        "Net Income Continuous Operations": 207000000.0,
        "Tax Provision": 58000000.0,
        "Pretax Income": 265000000.0,
        "Other Income Expense": 85000000.0,
        "Net Non Operating Interest Income Expense": -63000000.0,
        "Total Other Finance Cost": NaN,
        "Interest Expense Non Operating": 63000000.0,
        "Other Operating Expenses": 275000000.0,
        "Total Revenue": 4137000000.0,
        "Operating Revenue": 4137000000.0,
        "Loss Adjustment Expense": 2995000000.0,
        "Net Policyholder Benefits And Claims": 2995000000.0,
        "Policyholder Benefits Gross": 2995000000.0
    },
    "2023-09-30": {
        "Tax Effect Of Unusual Items": 0.0,
        "Tax Rate For Calcs": 0.242,
        "Net Income From Continuing Operation Net Minority Interest": 287000000.0,
        "EBIT": 452000000.0,
        "Net Interest Income": -72000000.0,
        "Interest Expense": 72000000.0,
        "Normalized Income": 287000000.0,
        "Net Income From Continuing And Discontinued Operation": 287000000.0,
        "Total Expenses": 4732000000.0,
        "Diluted Average Shares": 66914000.0,
        "Basic Average Shares": 66914000.0,
        "Diluted EPS": 4.29,
        "Basic EPS": 4.34,
        "Diluted NI Availto Com Stockholders": 287000000.0,
        "Net Income Common Stockholders": 287000000.0,
        "Net Income": 287000000.0,
        "Minority Interests": -2000000.0,
        "Net Income Including Noncontrolling Interests": 289000000.0,
        "Net Income Continuous Operations": 289000000.0,
        "Tax Provision": 91000000.0,
        "Pretax Income": 380000000.0,
        "Other Income Expense": 102000000.0,
        "Net Non Operating Interest Income Expense": -72000000.0,
        "Interest Expense Non Operating": 72000000.0,
        "Other Operating Expenses": 274000000.0,
        "Total Revenue": 5112000000.0,
        "Operating Revenue": 5112000000.0,
        "Loss Adjustment Expense": 3856000000.0,
        "Net Policyholder Benefits And Claims": 3856000000.0,
        "Policyholder Benefits Gross": 3856000000.0
    },
    "2023-12-31": {
        "Tax Effect Of Unusual Items": 0.0,
        "Tax Rate For Calcs": 0.02439,
        "Net Income From Continuing Operation Net Minority Interest": 158000000.0,
        "EBIT": 233000000.0,
        "Net Interest Income": -69000000.0,
        "Interest Expense": 69000000.0,
        "Normalized Income": 158000000.0,
        "Net Income From Continuing And Discontinued Operation": 158000000.0,
        "Total Expenses": 4728000000.0,
        "Diluted Average Shares": 66721000.0,
        "Basic Average Shares": 65853000.0,
        "Diluted EPS": 2.37,
        "Basic EPS": 2.4,
        "Diluted NI Availto Com Stockholders": 158000000.0,
        "Net Income Common Stockholders": 158000000.0,
        "Net Income": 158000000.0,
        "Minority Interests": -2000000.0,
        "Net Income Including Noncontrolling Interests": 160000000.0,
        "Net Income Continuous Operations": 160000000.0,
        "Tax Provision": 4000000.0,
        "Pretax Income": 164000000.0,
        "Other Income Expense": 98000000.0,
        "Net Non Operating Interest Income Expense": -69000000.0,
        "Interest Expense Non Operating": 69000000.0,
        "Other Operating Expenses": 290000000.0,
        "Total Revenue": 4892000000.0,
        "Operating Revenue": 4892000000.0,
        "Loss Adjustment Expense": 3898000000.0,
        "Net Policyholder Benefits And Claims": 3898000000.0,
        "Policyholder Benefits Gross": 4577000000.0
    },
    "2024-03-31": {
        "Tax Effect Of Unusual Items": 0.0,
        "Tax Rate For Calcs": 0.22,
        "Net Income From Continuing Operation Net Minority Interest": 210000000.0,
        "EBIT": 340000000.0,
        "Net Interest Income": -68000000.0,
        "Interest Expense": 68000000.0,
        "Normalized Income": 210000000.0,
        "Net Income From Continuing And Discontinued Operation": 210000000.0,
        "Total Expenses": 6058000000.0,
        "Diluted Average Shares": 66559000.0,
        "Basic Average Shares": 65625000.0,
        "Diluted EPS": 3.16,
        "Basic EPS": 3.2,
        "Diluted NI Availto Com Stockholders": 210000000.0,
        "Net Income Common Stockholders": 210000000.0,
        "Net Income": 210000000.0,
        "Minority Interests": -2000000.0,
        "Net Income Including Noncontrolling Interests": 212000000.0,
        "Net Income Continuous Operations": 212000000.0,
        "Tax Provision": 60000000.0,
        "Pretax Income": 272000000.0,
        "Other Income Expense": 149000000.0,
        "Net Non Operating Interest Income Expense": -68000000.0,
        "Interest Expense Non Operating": 68000000.0,
        "Other Operating Expenses": 283000000.0,
        "Total Revenue": 6330000000.0,
        "Operating Revenue": 6330000000.0,
        "Loss Adjustment Expense": 5073000000.0,
        "Net Policyholder Benefits And Claims": 5073000000.0,
        "Policyholder Benefits Gross": 5073000000.0
    },
    "2024-06-30": {
        "Tax Effect Of Unusual Items": 0.0,
        "Tax Rate For Calcs": 0.243,
        "Net Income From Continuing Operation Net Minority Interest": 203000000.0,
        "EBIT": 341000000.0,
        "Net Interest Income": -72000000.0,
        "Interest Expense": 72000000.0,
        "Normalized Income": 203000000.0,
        "Net Income From Continuing And Discontinued Operation": 203000000.0,
        "Total Expenses": 4588000000.0,
        "Diluted Average Shares": 66732000.0,
        "Basic Average Shares": 65807000.0,
        "Diluted EPS": 3.03,
        "Basic EPS": 3.07,
        "Diluted NI Availto Com Stockholders": 203000000.0,
        "Net Income Common Stockholders": 203000000.0,
        "Net Income": 203000000.0,
        "Minority Interests": -1000000.0,
        "Net Income Including Noncontrolling Interests": 204000000.0,
        "Net Income Continuous Operations": 204000000.0,
        "Tax Provision": 65000000.0,
        "Pretax Income": 269000000.0,
        "Other Income Expense": 147000000.0,
        "Net Non Operating Interest Income Expense": -72000000.0,
        "Interest Expense Non Operating": 72000000.0,
        "Other Operating Expenses": 301000000.0,
        "Total Revenue": 4857000000.0,
        "Operating Revenue": 4857000000.0,
        "Loss Adjustment Expense": 3614000000.0,
        "Net Policyholder Benefits And Claims": 3614000000.0,
        "Policyholder Benefits Gross": 3614000000.0
    },
    "2024-09-30": {
        "Tax Effect Of Unusual Items": 0.0,
        "Tax Rate For Calcs": 0.261682,
        "Net Income From Continuing Operation Net Minority Interest": 156000000.0,
        "EBIT": 292000000.0,
        "Net Interest Income": -78000000.0,
        "Interest Expense": 78000000.0,
        "Normalized Income": 156000000.0,
        "Net Income From Continuing And Discontinued Operation": 156000000.0,
        "Total Expenses": 5391000000.0,
        "Diluted Average Shares": 66797000.0,
        "Basic Average Shares": 65850000.0,
        "Diluted EPS": 2.33,
        "Basic EPS": 2.37,
        "Diluted NI Availto Com Stockholders": 156000000.0,
        "Net Income Common Stockholders": 156000000.0,
        "Net Income": 156000000.0,
        "Minority Interests": -2000000.0,
        "Net Income Including Noncontrolling Interests": 158000000.0,
        "Net Income Continuous Operations": 158000000.0,
        "Tax Provision": 56000000.0,
        "Pretax Income": 214000000.0,
        "Other Income Expense": 150000000.0,
        "Net Non Operating Interest Income Expense": -78000000.0,
        "Interest Expense Non Operating": 78000000.0,
        "Other Operating Expenses": 299000000.0,
        "Total Revenue": 5605000000.0,
        "Operating Revenue": 5605000000.0,
        "Loss Adjustment Expense": 4298000000.0,
        "Net Policyholder Benefits And Claims": 4298000000.0,
        "Policyholder Benefits Gross": 4298000000.0
    }
}