{
    "2023-03-31": {
        "Tax Effect Of Unusual Items": NaN,
        "Tax Rate For Calcs": NaN,
        "Normalized EBITDA": NaN,
        "Total Unusual Items": NaN,
        "Total Unusual Items Excluding Goodwill": NaN,
        "Net Income From Continuing Operation Net Minority Interest": NaN,
        "Reconciled Depreciation": NaN,
        "Reconciled Cost Of Revenue": NaN,
        "EBITDA": NaN,
        "EBIT": NaN,
        "Net Interest Income": NaN,
        "Interest Expense": NaN,
        "Interest Income": NaN,
        "Normalized Income": NaN,
        "Net Income From Continuing And Discontinued Operation": NaN,
        "Total Expenses": NaN,
        "Total Operating Income As Reported": NaN,
        "Diluted Average Shares": NaN,
        "Basic Average Shares": NaN,
        "Diluted EPS": NaN,
        "Basic EPS": NaN,
        "Diluted NI Availto Com Stockholders": NaN,
        "Net Income Common Stockholders": NaN,
        "Net Income": NaN,
        "Net Income Including Noncontrolling Interests": NaN,
        "Net Income Continuous Operations": NaN,
        "Tax Provision": NaN,
        "Pretax Income": NaN,
        "Other Income Expense": NaN,
        "Special Income Charges": NaN,
        "Restructuring And Mergern Acquisition": NaN,
        "Gain On Sale Of Security": NaN,
        "Net Non Operating Interest Income Expense": NaN,
        "Interest Expense Non Operating": NaN,
        "Interest Income Non Operating": NaN,
        "Operating Income": NaN,
        "Operating Expense": NaN,
        "Research And Development": NaN,
        "Selling General And Administration": NaN,
        "Selling And Marketing Expense": 518000.0,
        "General And Administrative Expense": 8495000.0,
        "Other Gand A": 8495000.0,
        "Gross Profit": NaN,
        "Cost Of Revenue": NaN,
        "Total Revenue": NaN,
        "Operating Revenue": NaN
    },
    "2022-12-31": {
        "Tax Effect Of Unusual Items": NaN,
        "Tax Rate For Calcs": NaN,
        "Normalized EBITDA": NaN,
        "Total Unusual Items": NaN,
        "Total Unusual Items Excluding Goodwill": NaN,
        "Net Income From Continuing Operation Net Minority Interest": NaN,
        "Reconciled Depreciation": NaN,
        "Reconciled Cost Of Revenue": NaN,
        "EBITDA": NaN,
        "EBIT": NaN,
        "Net Interest Income": NaN,
        "Interest Expense": NaN,
        "Interest Income": NaN,
        "Normalized Income": NaN,
        "Net Income From Continuing And Discontinued Operation": NaN,
        "Total Expenses": NaN,
        "Total Operating Income As Reported": NaN,
        "Diluted Average Shares": NaN,
        "Basic Average Shares": NaN,
        "Diluted EPS": NaN,
        "Basic EPS": NaN,
        "Diluted NI Availto Com Stockholders": NaN,
        "Net Income Common Stockholders": NaN,
        "Net Income": NaN,
        "Net Income Including Noncontrolling Interests": NaN,
        "Net Income Continuous Operations": NaN,
        "Tax Provision": NaN,
        "Pretax Income": NaN,
        "Other Income Expense": NaN,
        "Special Income Charges": NaN,
        "Restructuring And Mergern Acquisition": NaN,
        "Gain On Sale Of Security": NaN,
        "Net Non Operating Interest Income Expense": NaN,
        "Interest Expense Non Operating": NaN,
        "Interest Income Non Operating": NaN,
        "Operating Income": NaN,
        "Operating Expense": NaN,
        "Research And Development": NaN,
        "Selling General And Administration": NaN,
        "Selling And Marketing Expense": 1426000.0,
        "General And Administrative Expense": 9261000.0,
        "Other Gand A": 9261000.0,
        "Gross Profit": NaN,
        "Cost Of Revenue": NaN,
        "Total Revenue": NaN,
        "Operating Revenue": NaN
    },
    "2022-09-30": {
        "Tax Effect Of Unusual Items": NaN,
        "Tax Rate For Calcs": NaN,
        "Normalized EBITDA": NaN,
        "Total Unusual Items": NaN,
        "Total Unusual Items Excluding Goodwill": NaN,
        "Net Income From Continuing Operation Net Minority Interest": NaN,
        "Reconciled Depreciation": NaN,
        "Reconciled Cost Of Revenue": NaN,
        "EBITDA": NaN,
        "EBIT": NaN,
        "Net Interest Income": NaN,
        "Interest Expense": NaN,
        "Interest Income": NaN,
        "Normalized Income": NaN,
        "Net Income From Continuing And Discontinued Operation": NaN,
        "Total Expenses": NaN,
        "Total Operating Income As Reported": NaN,
        "Diluted Average Shares": NaN,
        "Basic Average Shares": NaN,
        "Diluted EPS": NaN,
        "Basic EPS": NaN,
        "Diluted NI Availto Com Stockholders": NaN,
        "Net Income Common Stockholders": NaN,
        "Net Income": NaN,
        "Net Income Including Noncontrolling Interests": NaN,
        "Net Income Continuous Operations": NaN,
        "Tax Provision": NaN,
        "Pretax Income": NaN,
        "Other Income Expense": NaN,
        "Special Income Charges": NaN,
        "Restructuring And Mergern Acquisition": NaN,
        "Gain On Sale Of Security": NaN,
        "Net Non Operating Interest Income Expense": NaN,
        "Interest Expense Non Operating": NaN,
        "Interest Income Non Operating": NaN,
        "Operating Income": NaN,
        "Operating Expense": NaN,
        "Research And Development": NaN,
        "Selling General And Administration": NaN,
        "Selling And Marketing Expense": 1960000.0,
        "General And Administrative Expense": 15987000.0,
        "Other Gand A": 15987000.0,
        "Gross Profit": NaN,
        "Cost Of Revenue": NaN,
        "Total Revenue": NaN,
        "Operating Revenue": NaN
    },
    "2022-06-30": {
        "Tax Effect Of Unusual Items": 0.0,
        "Tax Rate For Calcs": 0.0,
        "Normalized EBITDA": -40768000.0,
        "Total Unusual Items": 16711000.0,
        "Total Unusual Items Excluding Goodwill": 16711000.0,
        "Net Income From Continuing Operation Net Minority Interest": -9974000.0,
        "Reconciled Depreciation": 1588000.0,
        "Reconciled Cost Of Revenue": 873000.0,
        "EBITDA": -24057000.0,
        "EBIT": -25645000.0,
        "Net Interest Income": -1040000.0,
        "Interest Expense": NaN,
        "Interest Income": NaN,
        "Normalized Income": -26685000.0,
        "Net Income From Continuing And Discontinued Operation": -9974000.0,
        "Total Expenses": 27779000.0,
        "Total Operating Income As Reported": -25645000.0,
        "Diluted Average Shares": 114096000.0,
        "Basic Average Shares": 114096000.0,
        "Diluted EPS": -0.11,
        "Basic EPS": -0.11,
        "Diluted NI Availto Com Stockholders": -9974000.0,
        "Net Income Common Stockholders": -9974000.0,
        "Net Income": -9974000.0,
        "Net Income Including Noncontrolling Interests": -9974000.0,
        "Net Income Continuous Operations": -9974000.0,
        "Tax Provision": 0.0,
        "Pretax Income": -9974000.0,
        "Other Income Expense": 16711000.0,
        "Special Income Charges": 8024000.0,
        "Impairment Of Capital Assets": NaN,
        "Restructuring And Mergern Acquisition": -8024000.0,
        "Gain On Sale Of Security": 8687000.0,
        "Net Non Operating Interest Income Expense": -1040000.0,
        "Total Other Finance Cost": 1040000.0,
        "Interest Expense Non Operating": NaN,
        "Interest Income Non Operating": NaN,
        "Operating Income": -25645000.0,
        "Operating Expense": 26906000.0,
        "Research And Development": 12634000.0,
        "Selling General And Administration": 14272000.0,
        "Selling And Marketing Expense": 1487000.0,
        "General And Administrative Expense": 12785000.0,
        "Other Gand A": 12785000.0,
        "Gross Profit": 1261000.0,
        "Cost Of Revenue": 873000.0,
        "Total Revenue": 2134000.0,
        "Operating Revenue": 2134000.0
    },
    "2022-03-31": {
        "Diluted EPS": -0.33,
        "Total Revenue": 2,
        "Gross Profit": 2,
        "Operating Income": -25,
        "EBIT": -24,
        "Net Income": -18
    },
    "2021-12-31": {
        "Diluted EPS": -0.39,
        "Total Revenue": 1,
        "Gross Profit": 1,
        "Operating Income": -8,
        "EBIT": -6,
        "Net Income": -11
    },
    "2021-09-30": {
        "Diluted EPS": -0.43,
        "Total Revenue": 3,
        "Gross Profit": 2,
        "Operating Income": -9,
        "EBIT": -8,
        "Net Income": -10
    },
    "2021-06-30": {
        "Diluted EPS": -0.46,
        "Total Revenue": 2,
        "Gross Profit": 1,
        "Operating Income": -10,
        "EBIT": -8,
        "Net Income": -10
    },
    "2021-03-31": {
        "Diluted EPS": -0.36,
        "Total Revenue": 2,
        "Gross Profit": 2,
        "Operating Income": -8,
        "EBIT": -7,
        "Net Income": -8
    },
    "2020-12-31": {
        "Diluted EPS": 0.0,
        "Total Revenue": NaN,
        "Gross Profit": NaN,
        "Operating Income": NaN,
        "EBIT": NaN,
        "Net Income": NaN
    },
    "2020-09-30": {
        "Diluted EPS": -0.05,
        "Total Revenue": 186,
        "Gross Profit": 20,
        "Operating Income": -2,
        "EBIT": -2,
        "Net Income": -3
    },
    "2023-06-30": {
        "Tax Effect Of Unusual Items": NaN,
        "Tax Rate For Calcs": NaN,
        "Normalized EBITDA": NaN,
        "Total Unusual Items": NaN,
        "Total Unusual Items Excluding Goodwill": NaN,
        "Net Income From Continuing Operation Net Minority Interest": NaN,
        "Reconciled Depreciation": NaN,
        "Reconciled Cost Of Revenue": NaN,
        "EBITDA": NaN,
        "EBIT": NaN,
        "Net Interest Income": NaN,
        "Interest Expense": NaN,
        "Interest Income": NaN,
        "Normalized Income": NaN,
        "Net Income From Continuing And Discontinued Operation": NaN,
        "Total Expenses": NaN,
        "Total Operating Income As Reported": NaN,
        "Diluted Average Shares": 128515000.0,
        "Basic Average Shares": 128515000.0,
        "Diluted EPS": -0.13,
        "Basic EPS": -0.13,
        "Diluted NI Availto Com Stockholders": NaN,
        "Net Income Common Stockholders": NaN,
        "Net Income": NaN,
        "Net Income Including Noncontrolling Interests": NaN,
        "Net Income Continuous Operations": NaN,
        "Tax Provision": NaN,
        "Pretax Income": NaN,
        "Other Income Expense": NaN,
        "Special Income Charges": NaN,
        "Restructuring And Mergern Acquisition": NaN,
        "Gain On Sale Of Security": NaN,
        "Net Non Operating Interest Income Expense": NaN,
        "Interest Expense Non Operating": NaN,
        "Interest Income Non Operating": NaN,
        "Operating Income": NaN,
        "Operating Expense": NaN,
        "Research And Development": NaN,
        "Selling General And Administration": NaN,
        "General And Administrative Expense": 5747000.0,
        "Other Gand A": 5747000.0,
        "Gross Profit": NaN,
        "Cost Of Revenue": NaN,
        "Total Revenue": NaN,
        "Operating Revenue": NaN
    },
    "2023-09-30": {
        "Tax Effect Of Unusual Items": NaN,
        "Tax Rate For Calcs": NaN,
        "Normalized EBITDA": NaN,
        "Total Unusual Items": NaN,
        "Total Unusual Items Excluding Goodwill": NaN,
        "Net Income From Continuing Operation Net Minority Interest": NaN,
        "Reconciled Depreciation": NaN,
        "Reconciled Cost Of Revenue": NaN,
        "EBITDA": NaN,
        "EBIT": NaN,
        "Net Interest Income": NaN,
        "Interest Expense": NaN,
        "Interest Income": NaN,
        "Normalized Income": NaN,
        "Net Income From Continuing And Discontinued Operation": NaN,
        "Total Expenses": NaN,
        "Total Operating Income As Reported": NaN,
        "Diluted Average Shares": NaN,
        "Basic Average Shares": NaN,
        "Diluted EPS": NaN,
        "Basic EPS": NaN,
        "Diluted NI Availto Com Stockholders": NaN,
        "Net Income Common Stockholders": NaN,
        "Net Income": NaN,
        "Net Income Including Noncontrolling Interests": NaN,
        "Net Income Continuous Operations": NaN,
        "Tax Provision": NaN,
        "Pretax Income": NaN,
        "Other Income Expense": NaN,
        "Special Income Charges": NaN,
        "Restructuring And Mergern Acquisition": NaN,
        "Gain On Sale Of Security": NaN,
        "Net Non Operating Interest Income Expense": NaN,
        "Interest Expense Non Operating": NaN,
        "Interest Income Non Operating": NaN,
        "Operating Income": NaN,
        "Operating Expense": NaN,
        "Research And Development": NaN,
        "Selling General And Administration": NaN,
        "General And Administrative Expense": 6047000.0,
        "Other Gand A": 6047000.0,
        "Gross Profit": NaN,
        "Cost Of Revenue": NaN,
        "Total Revenue": NaN,
        "Operating Revenue": NaN
    },
    "2023-12-31": {
        "Tax Effect Of Unusual Items": 0.0,
        "Tax Rate For Calcs": 0.0,
        "Normalized EBITDA": -14832000.0,
        "Total Unusual Items": 4573000.0,
        "Total Unusual Items Excluding Goodwill": 4573000.0,
        "Net Income From Continuing Operation Net Minority Interest": -12572000.0,
        "Reconciled Depreciation": 1045000.0,
        "Reconciled Cost Of Revenue": 860000.0,
        "EBITDA": -10259000.0,
        "EBIT": -11304000.0,
        "Net Interest Income": 62000.0,
        "Interest Expense": 1268000.0,
        "Interest Income": 1330000.0,
        "Normalized Income": -17145000.0,
        "Net Income From Continuing And Discontinued Operation": -12572000.0,
        "Total Expenses": 20583000.0,
        "Total Operating Income As Reported": -17207000.0,
        "Diluted Average Shares": NaN,
        "Basic Average Shares": NaN,
        "Diluted EPS": NaN,
        "Basic EPS": NaN,
        "Diluted NI Availto Com Stockholders": -12572000.0,
        "Net Income Common Stockholders": -12572000.0,
        "Net Income": -12572000.0,
        "Net Income Including Noncontrolling Interests": -12572000.0,
        "Net Income Continuous Operations": -12572000.0,
        "Tax Provision": 0.0,
        "Pretax Income": -12572000.0,
        "Other Income Expense": 4573000.0,
        "Special Income Charges": 1413000.0,
        "Restructuring And Mergern Acquisition": -1413000.0,
        "Gain On Sale Of Security": 3160000.0,
        "Net Non Operating Interest Income Expense": 62000.0,
        "Interest Expense Non Operating": 1268000.0,
        "Interest Income Non Operating": 1330000.0,
        "Operating Income": -17207000.0,
        "Operating Expense": 19723000.0,
        "Research And Development": 12787000.0,
        "Selling General And Administration": 6936000.0,
        "General And Administrative Expense": NaN,
        "Other Gand A": NaN,
        "Gross Profit": 2516000.0,
        "Cost Of Revenue": 860000.0,
        "Total Revenue": 3376000.0,
        "Operating Revenue": 3376000.0
    },
    "2024-03-31": {
        "Tax Effect Of Unusual Items": 0.0,
        "Tax Rate For Calcs": 0.0,
        "Normalized EBITDA": -13675000.0,
        "Total Unusual Items": -4204000.0,
        "Total Unusual Items Excluding Goodwill": -4204000.0,
        "Net Income From Continuing Operation Net Minority Interest": -20773000.0,
        "Reconciled Depreciation": 1787000.0,
        "Reconciled Cost Of Revenue": 1552000.0,
        "EBITDA": -17879000.0,
        "EBIT": -19666000.0,
        "Net Interest Income": 16000.0,
        "Interest Expense": 1107000.0,
        "Interest Income": 1123000.0,
        "Normalized Income": -16569000.0,
        "Net Income From Continuing And Discontinued Operation": -20773000.0,
        "Total Expenses": 19637000.0,
        "Total Operating Income As Reported": -16585000.0,
        "Diluted Average Shares": 151855000.0,
        "Basic Average Shares": 151855000.0,
        "Diluted EPS": -0.14,
        "Basic EPS": -0.14,
        "Diluted NI Availto Com Stockholders": -20773000.0,
        "Net Income Common Stockholders": -20773000.0,
        "Net Income": -20773000.0,
        "Net Income Including Noncontrolling Interests": -20773000.0,
        "Net Income Continuous Operations": -20773000.0,
        "Tax Provision": 0.0,
        "Pretax Income": -20773000.0,
        "Other Income Expense": -4204000.0,
        "Special Income Charges": -1621000.0,
        "Restructuring And Mergern Acquisition": 1621000.0,
        "Gain On Sale Of Security": -2583000.0,
        "Net Non Operating Interest Income Expense": 16000.0,
        "Interest Expense Non Operating": 1107000.0,
        "Interest Income Non Operating": 1123000.0,
        "Operating Income": -16585000.0,
        "Operating Expense": 18085000.0,
        "Research And Development": 11471000.0,
        "Selling General And Administration": 6614000.0,
        "Gross Profit": 1500000.0,
        "Cost Of Revenue": 1552000.0,
        "Total Revenue": 3052000.0,
        "Operating Revenue": 3052000.0
    },
    "2024-06-30": {
        "Tax Effect Of Unusual Items": 0.0,
        "Tax Rate For Calcs": 0.0,
        "Normalized EBITDA": -13320000.0,
        "Total Unusual Items": 3415000.0,
        "Total Unusual Items Excluding Goodwill": 3415000.0,
        "Net Income From Continuing Operation Net Minority Interest": -12421000.0,
        "Reconciled Depreciation": 1547000.0,
        "Reconciled Cost Of Revenue": 1096000.0,
        "EBITDA": -9905000.0,
        "EBIT": -11452000.0,
        "Net Interest Income": 249000.0,
        "Interest Expense": 969000.0,
        "Interest Income": 1218000.0,
        "Normalized Income": -15836000.0,
        "Net Income From Continuing And Discontinued Operation": -12421000.0,
        "Total Expenses": 19171000.0,
        "Total Operating Income As Reported": -16085000.0,
        "Diluted Average Shares": 171903000.0,
        "Basic Average Shares": 171903000.0,
        "Diluted EPS": -0.07,
        "Basic EPS": -0.07,
        "Diluted NI Availto Com Stockholders": -12421000.0,
        "Net Income Common Stockholders": -12421000.0,
        "Net Income": -12421000.0,
        "Net Income Including Noncontrolling Interests": -12421000.0,
        "Net Income Continuous Operations": -12421000.0,
        "Tax Provision": 0.0,
        "Pretax Income": -12421000.0,
        "Other Income Expense": 3415000.0,
        "Special Income Charges": 1315000.0,
        "Restructuring And Mergern Acquisition": -1315000.0,
        "Gain On Sale Of Security": 2100000.0,
        "Net Non Operating Interest Income Expense": 249000.0,
        "Interest Expense Non Operating": 969000.0,
        "Interest Income Non Operating": 1218000.0,
        "Operating Income": -16085000.0,
        "Operating Expense": 18075000.0,
        "Research And Development": 11870000.0,
        "Selling General And Administration": 6205000.0,
        "Gross Profit": 1990000.0,
        "Cost Of Revenue": 1096000.0,
        "Total Revenue": 3086000.0,
        "Operating Revenue": 3086000.0
    },
    "2024-09-30": {
        "Tax Effect Of Unusual Items": 0.0,
        "Tax Rate For Calcs": 0.0,
        "Normalized EBITDA": -14299000.0,
        "Total Unusual Items": 2020000.0,
        "Total Unusual Items Excluding Goodwill": 2020000.0,
        "Net Income From Continuing Operation Net Minority Interest": -14833000.0,
        "Reconciled Depreciation": 1821000.0,
        "Reconciled Cost Of Revenue": 1174000.0,
        "EBITDA": -12279000.0,
        "EBIT": -14100000.0,
        "Net Interest Income": 493000.0,
        "Interest Expense": 733000.0,
        "Interest Income": 1226000.0,
        "Normalized Income": -16853000.0,
        "Net Income From Continuing And Discontinued Operation": -14833000.0,
        "Total Expenses": 19724000.0,
        "Total Operating Income As Reported": -17346000.0,
        "Diluted Average Shares": 188389000.0,
        "Basic Average Shares": 188389000.0,
        "Diluted EPS": -0.08,
        "Basic EPS": -0.08,
        "Diluted NI Availto Com Stockholders": -14833000.0,
        "Net Income Common Stockholders": -14833000.0,
        "Net Income": -14833000.0,
        "Net Income Including Noncontrolling Interests": -14833000.0,
        "Net Income Continuous Operations": -14833000.0,
        "Tax Provision": 0.0,
        "Pretax Income": -14833000.0,
        "Other Income Expense": 2020000.0,
        "Special Income Charges": 820000.0,
        "Restructuring And Mergern Acquisition": -820000.0,
        "Gain On Sale Of Security": 1200000.0,
        "Net Non Operating Interest Income Expense": 493000.0,
        "Interest Expense Non Operating": 733000.0,
        "Interest Income Non Operating": 1226000.0,
        "Operating Income": -17346000.0,
        "Operating Expense": 18550000.0,
        "Research And Development": 12752000.0,
        "Selling General And Administration": 5798000.0,
        "Gross Profit": 1204000.0,
        "Cost Of Revenue": 1174000.0,
        "Total Revenue": 2378000.0,
        "Operating Revenue": 2378000.0
    },
    "2024-12-31": {
        "Tax Effect Of Unusual Items": 0.0,
        "Tax Rate For Calcs": 0.0,
        "Normalized EBITDA": -15197000.0,
        "Total Unusual Items": -135567000.0,
        "Total Unusual Items Excluding Goodwill": -135567000.0,
        "Net Income From Continuing Operation Net Minority Interest": -152961000.0,
        "Reconciled Depreciation": 1751000.0,
        "Reconciled Cost Of Revenue": 1271000.0,
        "EBITDA": -150764000.0,
        "EBIT": -152515000.0,
        "Net Interest Income": 1100000.0,
        "Interest Expense": 446000.0,
        "Interest Income": 1546000.0,
        "Normalized Income": -17394000.0,
        "Net Income From Continuing And Discontinued Operation": -152961000.0,
        "Total Expenses": 20768000.0,
        "Total Operating Income As Reported": -18494000.0,
        "Diluted Average Shares": 226364000.0,
        "Basic Average Shares": 226364000.0,
        "Diluted EPS": -0.68,
        "Basic EPS": -0.68,
        "Diluted NI Availto Com Stockholders": -152961000.0,
        "Net Income Common Stockholders": -152961000.0,
        "Net Income": -152961000.0,
        "Net Income Including Noncontrolling Interests": -152961000.0,
        "Net Income Continuous Operations": -152961000.0,
        "Tax Provision": 0.0,
        "Pretax Income": -152961000.0,
        "Other Income Expense": -135567000.0,
        "Special Income Charges": -44682000.0,
        "Restructuring And Mergern Acquisition": 44256000.0,
        "Gain On Sale Of Security": -90885000.0,
        "Net Non Operating Interest Income Expense": 1100000.0,
        "Interest Expense Non Operating": 446000.0,
        "Interest Income Non Operating": 1546000.0,
        "Operating Income": -18494000.0,
        "Operating Expense": 19497000.0,
        "Research And Development": 13657000.0,
        "Selling General And Administration": 5840000.0,
        "Gross Profit": 1003000.0,
        "Cost Of Revenue": 1271000.0,
        "Total Revenue": 2274000.0,
        "Operating Revenue": 2274000.0
    },
    "2025-03-31": {
        "Tax Effect Of Unusual Items": 0.0,
        "Tax Rate For Calcs": 0.0,
        "Normalized EBITDA": -17651000.0,
        "Total Unusual Items": 62099000.0,
        "Total Unusual Items Excluding Goodwill": 62099000.0,
        "Net Income From Continuing Operation Net Minority Interest": 42619000.0,
        "Reconciled Depreciation": 1829000.0,
        "Reconciled Cost Of Revenue": 1030000.0,
        "EBITDA": 44448000.0,
        "EBIT": 42619000.0,
        "Net Interest Income": 2152000.0,
        "Interest Expense": 0.0,
        "Interest Income": 2152000.0,
        "Normalized Income": -19480000.0,
        "Net Income From Continuing And Discontinued Operation": 42619000.0,
        "Total Expenses": 23104000.0,
        "Total Operating Income As Reported": -21632000.0,
        "Diluted Average Shares": 301595000.0,
        "Basic Average Shares": 284698000.0,
        "Diluted EPS": 0.13,
        "Basic EPS": 0.15,
        "Diluted NI Availto Com Stockholders": 42619000.0,
        "Net Income Common Stockholders": 42619000.0,
        "Net Income": 42619000.0,
        "Net Income Including Noncontrolling Interests": 42619000.0,
        "Net Income Continuous Operations": 42619000.0,
        "Tax Provision": 0.0,
        "Pretax Income": 42619000.0,
        "Other Income Expense": 62099000.0,
        "Special Income Charges": 8837000.0,
        "Restructuring And Mergern Acquisition": -8837000.0,
        "Gain On Sale Of Security": 53262000.0,
        "Net Non Operating Interest Income Expense": 2152000.0,
        "Interest Expense Non Operating": 0.0,
        "Interest Income Non Operating": 2152000.0,
        "Operating Income": -21632000.0,
        "Operating Expense": 22074000.0,
        "Research And Development": 15455000.0,
        "Selling General And Administration": 6619000.0,
        "Gross Profit": 442000.0,
        "Cost Of Revenue": 1030000.0,
        "Total Revenue": 1472000.0,
        "Operating Revenue": 1472000.0
    }
}