{
    "2023-06-30": {
        "Tax Effect Of Unusual Items": 8419059.0,
        "Tax Rate For Calcs": 0.297,
        "Normalized EBITDA": 110572000.0,
        "Total Unusual Items": 28347000.0,
        "Total Unusual Items Excluding Goodwill": 28347000.0,
        "Net Income From Continuing Operation Net Minority Interest": 106292000.0,
        "Reconciled Depreciation": 21375000.0,
        "Reconciled Cost Of Revenue": 958655000.0,
        "EBITDA": 138919000.0,
        "EBIT": 117544000.0,
        "Net Interest Income": 5320000.0,
        "Interest Income": 5320000.0,
        "Normalized Income": 86364059.0,
        "Net Income From Continuing And Discontinued Operation": 106292000.0,
        "Total Expenses": 1521934000.0,
        "Diluted Average Shares": 106422000.0,
        "Basic Average Shares": 106102000.0,
        "Diluted EPS": 1.0,
        "Basic EPS": 1.001791,
        "Diluted NI Availto Com Stockholders": 106292000.0,
        "Net Income Common Stockholders": 106292000.0,
        "Net Income": 106292000.0,
        "Net Income Including Noncontrolling Interests": 106292000.0,
        "Net Income Continuous Operations": 106292000.0,
        "Tax Provision": 44919000.0,
        "Pretax Income": 151211000.0,
        "Other Income Expense": 28347000.0,
        "Gain On Sale Of Security": 28347000.0,
        "Net Non Operating Interest Income Expense": 5320000.0,
        "Interest Income Non Operating": 5320000.0,
        "Operating Income": 117544000.0,
        "Operating Expense": 542625000.0,
        "Depreciation Amortization Depletion Income Statement": 721000.0,
        "Depreciation And Amortization In Income Statement": 721000.0,
        "Amortization": 721000.0,
        "Amortization Of Intangibles Income Statement": 721000.0,
        "Selling General And Administration": 541904000.0,
        "Gross Profit": 660169000.0,
        "Cost Of Revenue": 979309000.0,
        "Total Revenue": 1639478000.0,
        "Operating Revenue": 1639478000.0
    },
    "2023-03-31": {
        "Tax Effect Of Unusual Items": 7586898.0,
        "Tax Rate For Calcs": 0.278,
        "Normalized EBITDA": 131138000.0,
        "Total Unusual Items": 27291000.0,
        "Total Unusual Items Excluding Goodwill": 27291000.0,
        "Net Income From Continuing Operation Net Minority Interest": 122005000.0,
        "Reconciled Depreciation": 21647000.0,
        "Reconciled Cost Of Revenue": 1005677000.0,
        "EBITDA": 158429000.0,
        "EBIT": 136782000.0,
        "Net Interest Income": 4825000.0,
        "Interest Income": 4825000.0,
        "Normalized Income": 102300898.0,
        "Net Income From Continuing And Discontinued Operation": 122005000.0,
        "Total Expenses": 1579553000.0,
        "Diluted Average Shares": 107130000.0,
        "Basic Average Shares": 106420000.0,
        "Diluted EPS": 1.14,
        "Basic EPS": 1.15,
        "Diluted NI Availto Com Stockholders": 122005000.0,
        "Net Income Common Stockholders": 122005000.0,
        "Net Income": 122005000.0,
        "Net Income Including Noncontrolling Interests": 122005000.0,
        "Net Income Continuous Operations": 122005000.0,
        "Tax Provision": 46893000.0,
        "Pretax Income": 168898000.0,
        "Other Income Expense": 27291000.0,
        "Gain On Sale Of Security": 27291000.0,
        "Net Non Operating Interest Income Expense": 4825000.0,
        "Interest Income Non Operating": 4825000.0,
        "Operating Income": 136782000.0,
        "Operating Expense": 552950000.0,
        "Depreciation Amortization Depletion Income Statement": 721000.0,
        "Depreciation And Amortization In Income Statement": 721000.0,
        "Amortization": 721000.0,
        "Amortization Of Intangibles Income Statement": 721000.0,
        "Selling General And Administration": 552229000.0,
        "Gross Profit": 689732000.0,
        "Cost Of Revenue": 1026603000.0,
        "Total Revenue": 1716335000.0,
        "Operating Revenue": 1716335000.0
    },
    "2022-12-31": {
        "Tax Effect Of Unusual Items": 6775494.859624,
        "Tax Rate For Calcs": 0.272996,
        "Normalized EBITDA": 161728000.0,
        "Total Unusual Items": 24819000.0,
        "Total Unusual Items Excluding Goodwill": 24819000.0,
        "Net Income From Continuing Operation Net Minority Interest": 147653000.0,
        "Reconciled Depreciation": 13046000.0,
        "Reconciled Cost Of Revenue": 995350000.0,
        "EBITDA": 186547000.0,
        "EBIT": 173501000.0,
        "Net Interest Income": 4778000.0,
        "Interest Income": 4778000.0,
        "Normalized Income": 129609494.859624,
        "Net Income From Continuing And Discontinued Operation": 147653000.0,
        "Total Expenses": 1553525000.0,
        "Diluted Average Shares": 107808000.0,
        "Basic Average Shares": 106980000.0,
        "Diluted EPS": 1.37,
        "Basic EPS": 1.380193,
        "Diluted NI Availto Com Stockholders": 147653000.0,
        "Net Income Common Stockholders": 147653000.0,
        "Net Income": 147653000.0,
        "Net Income Including Noncontrolling Interests": 147653000.0,
        "Net Income Continuous Operations": 147653000.0,
        "Tax Provision": 55445000.0,
        "Pretax Income": 203098000.0,
        "Other Income Expense": 24819000.0,
        "Gain On Sale Of Security": 24819000.0,
        "Net Non Operating Interest Income Expense": 4778000.0,
        "Interest Income Non Operating": 4778000.0,
        "Operating Income": 173501000.0,
        "Operating Expense": 545546000.0,
        "Depreciation Amortization Depletion Income Statement": 417000.0,
        "Depreciation And Amortization In Income Statement": 417000.0,
        "Amortization": 417000.0,
        "Amortization Of Intangibles Income Statement": 417000.0,
        "Selling General And Administration": 545129000.0,
        "Gross Profit": 719047000.0,
        "Cost Of Revenue": 1007979000.0,
        "Total Revenue": 1727026000.0,
        "Operating Revenue": 1727026000.0
    },
    "2022-09-30": {
        "Tax Effect Of Unusual Items": -4038466.785448,
        "Tax Rate For Calcs": 0.26335,
        "Normalized EBITDA": 254365000.0,
        "Total Unusual Items": -15335000.0,
        "Total Unusual Items Excluding Goodwill": -15335000.0,
        "Net Income From Continuing Operation Net Minority Interest": 166206000.0,
        "Reconciled Depreciation": 417000.0,
        "Reconciled Cost Of Revenue": 1045846000.0,
        "EBITDA": 239030000.0,
        "EBIT": 238613000.0,
        "Net Interest Income": 2346000.0,
        "Interest Income": 2346000.0,
        "Normalized Income": 177502533.214552,
        "Net Income From Continuing And Discontinued Operation": 166206000.0,
        "Total Expenses": 1594842000.0,
        "Diluted Average Shares": 108618000.0,
        "Basic Average Shares": 107855000.0,
        "Diluted EPS": 1.53,
        "Basic EPS": 1.54,
        "Diluted NI Availto Com Stockholders": 166206000.0,
        "Net Income Common Stockholders": 166206000.0,
        "Net Income": 166206000.0,
        "Net Income Including Noncontrolling Interests": 166206000.0,
        "Net Income Continuous Operations": 166206000.0,
        "Tax Provision": 59418000.0,
        "Pretax Income": 225624000.0,
        "Other Income Expense": -15335000.0,
        "Gain On Sale Of Security": -15335000.0,
        "Net Non Operating Interest Income Expense": 2346000.0,
        "Interest Income Non Operating": 2346000.0,
        "Operating Income": 238613000.0,
        "Operating Expense": 548996000.0,
        "Depreciation Amortization Depletion Income Statement": 417000.0,
        "Depreciation And Amortization In Income Statement": 417000.0,
        "Amortization": 417000.0,
        "Amortization Of Intangibles Income Statement": 417000.0,
        "Selling General And Administration": 548579000.0,
        "Gross Profit": 787609000.0,
        "Cost Of Revenue": 1045846000.0,
        "Total Revenue": 1833455000.0,
        "Operating Revenue": 1833455000.0
    },
    "2022-06-30": {
        "Tax Effect Of Unusual Items": -17714422.292626,
        "Tax Rate For Calcs": 0.269946,
        "Normalized EBITDA": 371775000.0,
        "Total Unusual Items": -65622000.0,
        "Total Unusual Items Excluding Goodwill": -65622000.0,
        "Net Income From Continuing Operation Net Minority Interest": 175821000.0,
        "Reconciled Depreciation": 416000.0,
        "Reconciled Cost Of Revenue": 1047280000.0,
        "EBITDA": 306153000.0,
        "EBIT": 305737000.0,
        "Net Interest Income": 718000.0,
        "Interest Income": NaN,
        "Normalized Income": 223728577.707374,
        "Net Income From Continuing And Discontinued Operation": 175821000.0,
        "Total Expenses": 1557090000.0,
        "Diluted Average Shares": 109696000.0,
        "Basic Average Shares": 108833000.0,
        "Diluted EPS": 1.6,
        "Basic EPS": 1.62,
        "Diluted NI Availto Com Stockholders": 175821000.0,
        "Net Income Common Stockholders": 175821000.0,
        "Net Income": 175821000.0,
        "Net Income Including Noncontrolling Interests": 175821000.0,
        "Net Income Continuous Operations": 175821000.0,
        "Tax Provision": 65012000.0,
        "Pretax Income": 240833000.0,
        "Other Income Expense": -65622000.0,
        "Gain On Sale Of Security": -65622000.0,
        "Net Non Operating Interest Income Expense": 718000.0,
        "Total Other Finance Cost": -718000.0,
        "Interest Income Non Operating": NaN,
        "Operating Income": 305737000.0,
        "Operating Expense": 509810000.0,
        "Depreciation Amortization Depletion Income Statement": 416000.0,
        "Depreciation And Amortization In Income Statement": 416000.0,
        "Amortization": 416000.0,
        "Amortization Of Intangibles Income Statement": 416000.0,
        "Selling General And Administration": 509394000.0,
        "Gross Profit": 815547000.0,
        "Cost Of Revenue": 1047280000.0,
        "Total Revenue": 1862827000.0,
        "Operating Revenue": 1862827000.0
    },
    "2022-03-31": {
        "Diluted EPS": 1.52,
        "Total Revenue": NaN,
        "Gross Profit": 772,
        "Operating Income": 227,
        "EBIT": 246,
        "Net Income": 168
    },
    "2021-12-31": {
        "Diluted EPS": 1.52,
        "Total Revenue": NaN,
        "Gross Profit": 744,
        "Operating Income": 222,
        "EBIT": 242,
        "Net Income": 168
    },
    "2021-09-30": {
        "Diluted EPS": 1.53,
        "Total Revenue": NaN,
        "Gross Profit": 725,
        "Operating Income": 227,
        "EBIT": 248,
        "Net Income": 171
    },
    "2021-06-30": {
        "Diluted EPS": 1.33,
        "Total Revenue": NaN,
        "Gross Profit": 665,
        "Operating Income": 204,
        "EBIT": 222,
        "Net Income": 149
    },
    "2021-03-31": {
        "Diluted EPS": 0.98,
        "Total Revenue": NaN,
        "Gross Profit": 562,
        "Operating Income": 150,
        "EBIT": 175,
        "Net Income": 111
    },
    "2020-12-31": {
        "Diluted EPS": 0.83,
        "Total Revenue": NaN,
        "Gross Profit": 514,
        "Operating Income": 130,
        "EBIT": 151,
        "Net Income": 94
    },
    "2020-09-30": {
        "Diluted EPS": 0.67,
        "Total Revenue": NaN,
        "Gross Profit": 467,
        "Operating Income": 102,
        "EBIT": 123,
        "Net Income": 76
    },
    "2020-06-30": {
        "Diluted EPS": 0.41,
        "Total Revenue": NaN,
        "Gross Profit": 417,
        "Operating Income": 58,
        "EBIT": 78,
        "Net Income": 46
    },
    "2020-03-31": {
        "Diluted EPS": 0.79,
        "Total Revenue": NaN,
        "Gross Profit": 614,
        "Operating Income": 131,
        "EBIT": 150,
        "Net Income": 90
    },
    "2019-12-31": {
        "Diluted EPS": 0.98,
        "Total Revenue": NaN,
        "Gross Profit": 634,
        "Operating Income": 153,
        "EBIT": 171,
        "Net Income": 113
    },
    "2019-09-30": {
        "Diluted EPS": 1.01,
        "Total Revenue": NaN,
        "Gross Profit": 646,
        "Operating Income": 163,
        "EBIT": 181,
        "Net Income": 117
    },
    "2019-06-30": {
        "Diluted EPS": 0.98,
        "Total Revenue": NaN,
        "Gross Profit": 638,
        "Operating Income": 159,
        "EBIT": 176,
        "Net Income": 115
    },
    "2019-03-31": {
        "Diluted EPS": 0.93,
        "Total Revenue": NaN,
        "Gross Profit": 608,
        "Operating Income": 146,
        "EBIT": 162,
        "Net Income": 110
    },
    "2018-12-31": {
        "Diluted EPS": 0.95,
        "Total Revenue": NaN,
        "Gross Profit": 621,
        "Operating Income": 154,
        "EBIT": 170,
        "Net Income": 114
    },
    "2018-09-30": {
        "Diluted EPS": 0.95,
        "Total Revenue": NaN,
        "Gross Profit": 610,
        "Operating Income": 151,
        "EBIT": 167,
        "Net Income": 115
    },
    "2018-06-30": {
        "Diluted EPS": 0.89,
        "Total Revenue": NaN,
        "Gross Profit": 607,
        "Operating Income": 149,
        "EBIT": 166,
        "Net Income": 109
    },
    "2018-03-31": {
        "Diluted EPS": 0.78,
        "Total Revenue": NaN,
        "Gross Profit": 572,
        "Operating Income": 134,
        "EBIT": 151,
        "Net Income": 96
    },
    "2017-12-31": {
        "Diluted EPS": 0.39,
        "Total Revenue": NaN,
        "Gross Profit": 553,
        "Operating Income": 128,
        "EBIT": 145,
        "Net Income": 47
    },
    "2017-09-30": {
        "Diluted EPS": 0.68,
        "Total Revenue": NaN,
        "Gross Profit": 546,
        "Operating Income": 132,
        "EBIT": 148,
        "Net Income": 85
    },
    "2017-06-30": {
        "Diluted EPS": 0.64,
        "Total Revenue": NaN,
        "Gross Profit": 538,
        "Operating Income": 130,
        "EBIT": 147,
        "Net Income": 80
    },
    "2017-03-31": {
        "Diluted EPS": 0.62,
        "Total Revenue": NaN,
        "Gross Profit": 526,
        "Operating Income": 125,
        "EBIT": 141,
        "Net Income": 79
    },
    "2016-12-31": {
        "Diluted EPS": 0.61,
        "Total Revenue": NaN,
        "Gross Profit": 519,
        "Operating Income": 124,
        "EBIT": 141,
        "Net Income": 78
    },
    "2016-09-30": {
        "Diluted EPS": 0.71,
        "Total Revenue": NaN,
        "Gross Profit": 553,
        "Operating Income": 146,
        "EBIT": 162,
        "Net Income": 91
    },
    "2016-06-30": {
        "Diluted EPS": 0.71,
        "Total Revenue": NaN,
        "Gross Profit": 557,
        "Operating Income": 149,
        "EBIT": 165,
        "Net Income": 92
    },
    "2016-03-31": {
        "Diluted EPS": 0.64,
        "Total Revenue": NaN,
        "Gross Profit": 532,
        "Operating Income": 134,
        "EBIT": 149,
        "Net Income": 83
    },
    "2015-12-31": {
        "Diluted EPS": 0.71,
        "Total Revenue": NaN,
        "Gross Profit": 540,
        "Operating Income": 144,
        "EBIT": 158,
        "Net Income": 93
    },
    "2015-09-30": {
        "Diluted EPS": 0.73,
        "Total Revenue": NaN,
        "Gross Profit": 550,
        "Operating Income": 159,
        "EBIT": 172,
        "Net Income": 97
    },
    "2015-06-30": {
        "Diluted EPS": 0.67,
        "Total Revenue": NaN,
        "Gross Profit": 531,
        "Operating Income": 149,
        "EBIT": 163,
        "Net Income": 90
    },
    "2015-03-31": {
        "Diluted EPS": 0.58,
        "Total Revenue": NaN,
        "Gross Profit": 494,
        "Operating Income": 128,
        "EBIT": 141,
        "Net Income": 78
    },
    "2014-12-31": {
        "Diluted EPS": 0.63,
        "Total Revenue": NaN,
        "Gross Profit": 501,
        "Operating Income": 133,
        "EBIT": 146,
        "Net Income": 84
    },
    "2014-09-30": {
        "Diluted EPS": 0.63,
        "Total Revenue": NaN,
        "Gross Profit": 505,
        "Operating Income": 138,
        "EBIT": 150,
        "Net Income": 85
    },
    "2014-06-30": {
        "Diluted EPS": 0.55,
        "Total Revenue": NaN,
        "Gross Profit": 478,
        "Operating Income": 123,
        "EBIT": 136,
        "Net Income": 75
    },
    "2014-03-31": {
        "Diluted EPS": 0.45,
        "Total Revenue": NaN,
        "Gross Profit": 438,
        "Operating Income": 102,
        "EBIT": 114,
        "Net Income": 62
    },
    "2013-12-31": {
        "Diluted EPS": 0.49,
        "Total Revenue": NaN,
        "Gross Profit": 443,
        "Operating Income": 104,
        "EBIT": 116,
        "Net Income": 67
    },
    "2013-09-30": {
        "Diluted EPS": 0.48,
        "Total Revenue": NaN,
        "Gross Profit": 437,
        "Operating Income": 103,
        "EBIT": 116,
        "Net Income": 66
    },
    "2013-06-30": {
        "Diluted EPS": 0.46,
        "Total Revenue": NaN,
        "Gross Profit": 432,
        "Operating Income": 100,
        "EBIT": 112,
        "Net Income": 63
    },
    "2013-03-31": {
        "Diluted EPS": 0.4,
        "Total Revenue": NaN,
        "Gross Profit": 410,
        "Operating Income": 89,
        "EBIT": 101,
        "Net Income": 56
    },
    "2012-12-31": {
        "Diluted EPS": 0.43,
        "Total Revenue": NaN,
        "Gross Profit": 416,
        "Operating Income": 97,
        "EBIT": 109,
        "Net Income": 58
    },
    "2012-09-30": {
        "Diluted EPS": 0.41,
        "Total Revenue": NaN,
        "Gross Profit": 415,
        "Operating Income": 94,
        "EBIT": 106,
        "Net Income": 57
    },
    "2012-06-30": {
        "Diluted EPS": 0.32,
        "Total Revenue": NaN,
        "Gross Profit": 415,
        "Operating Income": 72,
        "EBIT": 84,
        "Net Income": 45
    },
    "2012-03-31": {
        "Diluted EPS": 0.34,
        "Total Revenue": NaN,
        "Gross Profit": 402,
        "Operating Income": 80,
        "EBIT": 92,
        "Net Income": 48
    },
    "2011-12-31": {
        "Diluted EPS": 0.3,
        "Total Revenue": 973,
        "Gross Profit": 387,
        "Operating Income": 72,
        "EBIT": 85,
        "Net Income": 42
    },
    "2011-09-30": {
        "Diluted EPS": 0.31,
        "Total Revenue": 985,
        "Gross Profit": 392,
        "Operating Income": 72,
        "EBIT": 85,
        "Net Income": 44
    },
    "2011-06-30": {
        "Diluted EPS": 0.25,
        "Total Revenue": 938,
        "Gross Profit": 372,
        "Operating Income": 61,
        "EBIT": 74,
        "Net Income": 36
    },
    "2011-03-31": {
        "Diluted EPS": 0.18,
        "Total Revenue": 881,
        "Gross Profit": 338,
        "Operating Income": 44,
        "EBIT": 57,
        "Net Income": 27
    },
    "2010-12-31": {
        "Diluted EPS": 0.17,
        "Total Revenue": 852,
        "Gross Profit": 327,
        "Operating Income": 43,
        "EBIT": 56,
        "Net Income": 24
    },
    "2010-09-30": {
        "Diluted EPS": 0.14,
        "Total Revenue": 817,
        "Gross Profit": 309,
        "Operating Income": 37,
        "EBIT": 51,
        "Net Income": 20
    },
    "2010-06-30": {
        "Diluted EPS": 0.08,
        "Total Revenue": 769,
        "Gross Profit": 290,
        "Operating Income": 22,
        "EBIT": 36,
        "Net Income": 12
    },
    "2010-03-31": {
        "Diluted EPS": 0.05,
        "Total Revenue": 737,
        "Gross Profit": 268,
        "Operating Income": 12,
        "EBIT": 27,
        "Net Income": 8
    },
    "2009-12-31": {
        "Diluted EPS": 0.09,
        "Total Revenue": 737,
        "Gross Profit": 278,
        "Operating Income": 22,
        "EBIT": 38,
        "Net Income": 13
    },
    "2009-09-30": {
        "Diluted EPS": 0.06,
        "Total Revenue": 726,
        "Gross Profit": 266,
        "Operating Income": 17,
        "EBIT": 33,
        "Net Income": 9
    },
    "2009-06-30": {
        "Diluted EPS": 0.03,
        "Total Revenue": 750,
        "Gross Profit": 265,
        "Operating Income": 10,
        "EBIT": 27,
        "Net Income": 5
    },
    "2009-03-31": {
        "Diluted EPS": 0.06,
        "Total Revenue": 823,
        "Gross Profit": 294,
        "Operating Income": 16,
        "EBIT": 33,
        "Net Income": 8
    },
    "2023-09-30": {
        "Tax Effect Of Unusual Items": NaN,
        "Tax Rate For Calcs": NaN,
        "Normalized EBITDA": NaN,
        "Total Unusual Items": NaN,
        "Total Unusual Items Excluding Goodwill": NaN,
        "Net Income From Continuing Operation Net Minority Interest": NaN,
        "Reconciled Depreciation": NaN,
        "Reconciled Cost Of Revenue": NaN,
        "EBITDA": NaN,
        "EBIT": NaN,
        "Net Interest Income": NaN,
        "Interest Income": NaN,
        "Normalized Income": NaN,
        "Net Income From Continuing And Discontinued Operation": NaN,
        "Total Expenses": NaN,
        "Diluted Average Shares": 105810000.0,
        "Basic Average Shares": 105340000.0,
        "Diluted EPS": 0.9,
        "Basic EPS": 0.91,
        "Diluted NI Availto Com Stockholders": NaN,
        "Net Income Common Stockholders": NaN,
        "Net Income": NaN,
        "Net Income Including Noncontrolling Interests": NaN,
        "Net Income Continuous Operations": NaN,
        "Tax Provision": NaN,
        "Pretax Income": NaN,
        "Other Income Expense": NaN,
        "Gain On Sale Of Security": NaN,
        "Net Non Operating Interest Income Expense": NaN,
        "Interest Income Non Operating": NaN,
        "Operating Income": NaN,
        "Operating Expense": NaN,
        "Depreciation Amortization Depletion Income Statement": NaN,
        "Depreciation And Amortization In Income Statement": NaN,
        "Amortization": NaN,
        "Amortization Of Intangibles Income Statement": NaN,
        "Selling General And Administration": NaN,
        "Gross Profit": NaN,
        "Cost Of Revenue": NaN,
        "Total Revenue": NaN,
        "Operating Revenue": NaN
    },
    "2023-12-31": {
        "Tax Effect Of Unusual Items": NaN,
        "Tax Rate For Calcs": NaN,
        "Normalized EBITDA": NaN,
        "Total Unusual Items": NaN,
        "Total Unusual Items Excluding Goodwill": NaN,
        "Net Income From Continuing Operation Net Minority Interest": NaN,
        "Reconciled Depreciation": NaN,
        "Reconciled Cost Of Revenue": NaN,
        "EBITDA": NaN,
        "EBIT": NaN,
        "Net Interest Income": NaN,
        "Interest Income": NaN,
        "Normalized Income": NaN,
        "Net Income From Continuing And Discontinued Operation": NaN,
        "Total Expenses": NaN,
        "Total Operating Income As Reported": NaN,
        "Diluted Average Shares": NaN,
        "Basic Average Shares": NaN,
        "Diluted EPS": NaN,
        "Basic EPS": NaN,
        "Diluted NI Availto Com Stockholders": NaN,
        "Net Income Common Stockholders": NaN,
        "Net Income": NaN,
        "Net Income Including Noncontrolling Interests": NaN,
        "Net Income Continuous Operations": NaN,
        "Tax Provision": NaN,
        "Pretax Income": NaN,
        "Other Income Expense": NaN,
        "Gain On Sale Of Security": NaN,
        "Net Non Operating Interest Income Expense": NaN,
        "Interest Income Non Operating": NaN,
        "Operating Income": NaN,
        "Operating Expense": NaN,
        "Depreciation Amortization Depletion Income Statement": 721000.0,
        "Depreciation And Amortization In Income Statement": 721000.0,
        "Amortization": 721000.0,
        "Amortization Of Intangibles Income Statement": 721000.0,
        "Selling General And Administration": NaN,
        "Gross Profit": NaN,
        "Cost Of Revenue": NaN,
        "Total Revenue": NaN,
        "Operating Revenue": NaN
    },
    "2024-03-31": {
        "Tax Effect Of Unusual Items": 12926048.0,
        "Tax Rate For Calcs": 0.298,
        "Normalized EBITDA": 20013000.0,
        "Total Unusual Items": 43376000.0,
        "Total Unusual Items Excluding Goodwill": 43376000.0,
        "Net Income From Continuing Operation Net Minority Interest": 63701000.0,
        "Reconciled Depreciation": 22491000.0,
        "Reconciled Cost Of Revenue": 890953000.0,
        "EBITDA": 63389000.0,
        "EBIT": 40898000.0,
        "Net Interest Income": 6413000.0,
        "Interest Income": 6413000.0,
        "Normalized Income": 33251048.0,
        "Net Income From Continuing And Discontinued Operation": 63701000.0,
        "Total Expenses": 1435039000.0,
        "Total Operating Income As Reported": NaN,
        "Diluted Average Shares": 104399000.0,
        "Basic Average Shares": 103787000.0,
        "Diluted EPS": 0.61,
        "Basic EPS": 0.613767,
        "Diluted NI Availto Com Stockholders": 63701000.0,
        "Net Income Common Stockholders": 63701000.0,
        "Net Income": 63701000.0,
        "Net Income Including Noncontrolling Interests": 63701000.0,
        "Net Income Continuous Operations": 63701000.0,
        "Tax Provision": 26986000.0,
        "Pretax Income": 90687000.0,
        "Other Income Expense": 43376000.0,
        "Gain On Sale Of Security": 43376000.0,
        "Net Non Operating Interest Income Expense": 6413000.0,
        "Interest Income Non Operating": 6413000.0,
        "Operating Income": 40898000.0,
        "Operating Expense": 521899000.0,
        "Depreciation Amortization Depletion Income Statement": 304000.0,
        "Depreciation And Amortization In Income Statement": 304000.0,
        "Amortization": 304000.0,
        "Amortization Of Intangibles Income Statement": 304000.0,
        "Selling General And Administration": 521595000.0,
        "Gross Profit": 562797000.0,
        "Cost Of Revenue": 913140000.0,
        "Total Revenue": 1475937000.0,
        "Operating Revenue": 1475937000.0
    },
    "2024-06-30": {
        "Tax Effect Of Unusual Items": 4609769.0,
        "Tax Rate For Calcs": 0.293,
        "Normalized EBITDA": 82033000.0,
        "Total Unusual Items": 15733000.0,
        "Total Unusual Items Excluding Goodwill": 15733000.0,
        "Net Income From Continuing Operation Net Minority Interest": 68156000.0,
        "Reconciled Depreciation": 22223000.0,
        "Reconciled Cost Of Revenue": 873926000.0,
        "EBITDA": 97766000.0,
        "EBIT": 75543000.0,
        "Net Interest Income": 5186000.0,
        "Interest Income": 5186000.0,
        "Normalized Income": 57032769.0,
        "Net Income From Continuing And Discontinued Operation": 68156000.0,
        "Total Expenses": 1396981000.0,
        "Total Operating Income As Reported": NaN,
        "Diluted Average Shares": 103328000.0,
        "Basic Average Shares": 103151000.0,
        "Diluted EPS": 0.66,
        "Basic EPS": 0.66074,
        "Diluted NI Availto Com Stockholders": 68156000.0,
        "Net Income Common Stockholders": 68156000.0,
        "Net Income": 68156000.0,
        "Net Income Including Noncontrolling Interests": 68156000.0,
        "Net Income Continuous Operations": 68156000.0,
        "Tax Provision": 28306000.0,
        "Pretax Income": 96462000.0,
        "Other Income Expense": 15733000.0,
        "Gain On Sale Of Security": 15733000.0,
        "Net Non Operating Interest Income Expense": 5186000.0,
        "Interest Income Non Operating": 5186000.0,
        "Operating Income": 75543000.0,
        "Operating Expense": 501136000.0,
        "Depreciation Amortization Depletion Income Statement": 304000.0,
        "Depreciation And Amortization In Income Statement": 304000.0,
        "Amortization": 304000.0,
        "Amortization Of Intangibles Income Statement": 304000.0,
        "Selling General And Administration": 500832000.0,
        "Gross Profit": 576679000.0,
        "Cost Of Revenue": 895845000.0,
        "Total Revenue": 1472524000.0,
        "Operating Revenue": 1472524000.0
    },
    "2024-09-30": {
        "Tax Effect Of Unusual Items": 9119760.0,
        "Tax Rate For Calcs": 0.312,
        "Normalized EBITDA": 53784000.0,
        "Total Unusual Items": 29230000.0,
        "Total Unusual Items Excluding Goodwill": 29230000.0,
        "Net Income From Continuing Operation Net Minority Interest": 65451000.0,
        "Reconciled Depreciation": 22449000.0,
        "Reconciled Cost Of Revenue": 871204000.0,
        "EBITDA": 83014000.0,
        "EBIT": 60565000.0,
        "Net Interest Income": 5391000.0,
        "Interest Income": 5391000.0,
        "Normalized Income": 45340760.0,
        "Net Income From Continuing And Discontinued Operation": 65451000.0,
        "Total Expenses": 1404439000.0,
        "Total Operating Income As Reported": NaN,
        "Diluted Average Shares": 102393000.0,
        "Basic Average Shares": 102175000.0,
        "Diluted EPS": 0.64,
        "Basic EPS": 0.640577,
        "Diluted NI Availto Com Stockholders": 65451000.0,
        "Net Income Common Stockholders": 65451000.0,
        "Net Income": 65451000.0,
        "Net Income Including Noncontrolling Interests": 65451000.0,
        "Net Income Continuous Operations": 65451000.0,
        "Tax Provision": 29735000.0,
        "Pretax Income": 95186000.0,
        "Other Income Expense": 29230000.0,
        "Gain On Sale Of Security": 29230000.0,
        "Net Non Operating Interest Income Expense": 5391000.0,
        "Interest Income Non Operating": 5391000.0,
        "Operating Income": 60565000.0,
        "Operating Expense": 511091000.0,
        "Depreciation Amortization Depletion Income Statement": 305000.0,
        "Depreciation And Amortization In Income Statement": 305000.0,
        "Amortization": 305000.0,
        "Amortization Of Intangibles Income Statement": 305000.0,
        "Selling General And Administration": 510786000.0,
        "Gross Profit": 571656000.0,
        "Cost Of Revenue": 893348000.0,
        "Total Revenue": 1465004000.0,
        "Operating Revenue": 1465004000.0
    },
    "2024-12-31": {
        "Tax Effect Of Unusual Items": 1603536.688967,
        "Tax Rate For Calcs": 0.279362,
        "Normalized EBITDA": 80880000.0,
        "Total Unusual Items": 5740000.0,
        "Total Unusual Items Excluding Goodwill": 5740000.0,
        "Net Income From Continuing Operation Net Minority Interest": 54290000.0,
        "Reconciled Depreciation": 22152000.0,
        "Reconciled Cost Of Revenue": 824426000.0,
        "EBITDA": 86620000.0,
        "EBIT": 64468000.0,
        "Net Interest Income": 5128000.0,
        "Interest Income": 5128000.0,
        "Normalized Income": 50153536.688967,
        "Net Income From Continuing And Discontinued Operation": 54290000.0,
        "Total Expenses": 1317904000.0,
        "Total Operating Income As Reported": NaN,
        "Diluted Average Shares": 102008000.0,
        "Basic Average Shares": 101549000.0,
        "Diluted EPS": 0.53,
        "Basic EPS": 0.534619,
        "Diluted NI Availto Com Stockholders": 54290000.0,
        "Net Income Common Stockholders": 54290000.0,
        "Net Income": 54290000.0,
        "Net Income Including Noncontrolling Interests": 54290000.0,
        "Net Income Continuous Operations": 54290000.0,
        "Tax Provision": 21046000.0,
        "Pretax Income": 75336000.0,
        "Other Income Expense": 5740000.0,
        "Gain On Sale Of Security": 5740000.0,
        "Net Non Operating Interest Income Expense": 5128000.0,
        "Interest Income Non Operating": 5128000.0,
        "Operating Income": 64468000.0,
        "Operating Expense": 471630000.0,
        "Depreciation Amortization Depletion Income Statement": 304000.0,
        "Depreciation And Amortization In Income Statement": 304000.0,
        "Amortization": 304000.0,
        "Amortization Of Intangibles Income Statement": 304000.0,
        "Selling General And Administration": 471326000.0,
        "Gross Profit": 536098000.0,
        "Cost Of Revenue": 846274000.0,
        "Total Revenue": 1382372000.0,
        "Operating Revenue": 1382372000.0
    },
    "2025-03-31": {
        "Tax Effect Of Unusual Items": -4465446.438989,
        "Tax Rate For Calcs": 0.22138,
        "Normalized EBITDA": 80671000.0,
        "Total Unusual Items": -20171000.0,
        "Total Unusual Items Excluding Goodwill": -20171000.0,
        "Net Income From Continuing Operation Net Minority Interest": 17350000.0,
        "Reconciled Depreciation": 21618000.0,
        "Reconciled Cost Of Revenue": 852862000.0,
        "EBITDA": 60500000.0,
        "EBIT": 38882000.0,
        "Net Interest Income": 3572000.0,
        "Interest Income": 3572000.0,
        "Normalized Income": 33055553.561011,
        "Net Income From Continuing And Discontinued Operation": 17350000.0,
        "Total Expenses": 1313025000.0,
        "Total Operating Income As Reported": 38882000.0,
        "Diluted Average Shares": 101015000.0,
        "Basic Average Shares": 100666000.0,
        "Diluted EPS": 0.17,
        "Basic EPS": 0.172352,
        "Diluted NI Availto Com Stockholders": 17350000.0,
        "Net Income Common Stockholders": 17350000.0,
        "Net Income": 17350000.0,
        "Net Income Including Noncontrolling Interests": 17350000.0,
        "Net Income Continuous Operations": 17350000.0,
        "Tax Provision": 4933000.0,
        "Pretax Income": 22283000.0,
        "Other Income Expense": -20171000.0,
        "Gain On Sale Of Security": -20171000.0,
        "Net Non Operating Interest Income Expense": 3572000.0,
        "Interest Income Non Operating": 3572000.0,
        "Operating Income": 38882000.0,
        "Operating Expense": 460163000.0,
        "Depreciation Amortization Depletion Income Statement": NaN,
        "Depreciation And Amortization In Income Statement": NaN,
        "Amortization": NaN,
        "Amortization Of Intangibles Income Statement": NaN,
        "Selling General And Administration": 460163000.0,
        "Gross Profit": 499045000.0,
        "Cost Of Revenue": 852862000.0,
        "Total Revenue": 1351907000.0,
        "Operating Revenue": 1351907000.0
    }
}