{
    "2024-09-30": {
        "Tax Effect Of Unusual Items": 83160.0,
        "Tax Rate For Calcs": 0.21,
        "Normalized EBITDA": 35178000.0,
        "Total Unusual Items": 396000.0,
        "Total Unusual Items Excluding Goodwill": 396000.0,
        "Net Income From Continuing Operation Net Minority Interest": 27838000.0,
        "Reconciled Depreciation": 2331000.0,
        "Reconciled Cost Of Revenue": 51727000.0,
        "EBITDA": 35574000.0,
        "EBIT": 33243000.0,
        "Net Interest Income": -5405000.0,
        "Interest Expense": 5405000.0,
        "Interest Income": NaN,
        "Normalized Income": 27525160.0,
        "Net Income From Continuing And Discontinued Operation": 27838000.0,
        "Total Expenses": 74288000.0,
        "Total Operating Income As Reported": 32847000.0,
        "Diluted Average Shares": 8486415.0,
        "Basic Average Shares": 8486415.0,
        "Diluted EPS": 3.280302,
        "Basic EPS": 3.280302,
        "Diluted NI Availto Com Stockholders": 27838000.0,
        "Net Income Common Stockholders": 27838000.0,
        "Net Income": 27838000.0,
        "Minority Interests": NaN,
        "Net Income Including Noncontrolling Interests": 27838000.0,
        "Net Income Continuous Operations": 27838000.0,
        "Tax Provision": NaN,
        "Pretax Income": 27838000.0,
        "Other Income Expense": 396000.0,
        "Special Income Charges": -148000.0,
        "Other Special Charges": 148000.0,
        "Gain On Sale Of Security": 544000.0,
        "Net Non Operating Interest Income Expense": -5405000.0,
        "Total Other Finance Cost": NaN,
        "Interest Expense Non Operating": 5405000.0,
        "Interest Income Non Operating": NaN,
        "Operating Income": 32847000.0,
        "Operating Expense": 22561000.0,
        "Other Operating Expenses": NaN,
        "Selling General And Administration": 22561000.0,
        "General And Administrative Expense": NaN,
        "Other Gand A": NaN,
        "Salaries And Wages": NaN,
        "Gross Profit": 55408000.0,
        "Cost Of Revenue": 51727000.0,
        "Total Revenue": 107135000.0,
        "Operating Revenue": 107135000.0
    },
    "2024-06-30": {
        "Tax Effect Of Unusual Items": 0.0,
        "Tax Rate For Calcs": NaN,
        "Normalized EBITDA": 36539000.0,
        "Total Unusual Items": 178000.0,
        "Total Unusual Items Excluding Goodwill": 178000.0,
        "Net Income From Continuing Operation Net Minority Interest": 0.0,
        "Reconciled Depreciation": 2380000.0,
        "Reconciled Cost Of Revenue": 52495000.0,
        "EBITDA": 36717000.0,
        "EBIT": 34337000.0,
        "Net Interest Income": -5667000.0,
        "Interest Expense": 6435000.0,
        "Interest Income": 1100000.0,
        "Normalized Income": -178000.0,
        "Net Income From Continuing And Discontinued Operation": 0.0,
        "Total Expenses": 75176000.0,
        "Total Operating Income As Reported": 33391000.0,
        "Diluted Average Shares": 8486415.0,
        "Basic Average Shares": 8486415.0,
        "Diluted EPS": 0.0,
        "Basic EPS": 0.0,
        "Diluted NI Availto Com Stockholders": 0.0,
        "Net Income Common Stockholders": 0.0,
        "Net Income": 0.0,
        "Minority Interests": -27902000.0,
        "Net Income Including Noncontrolling Interests": 27902000.0,
        "Net Income Continuous Operations": 27902000.0,
        "Tax Provision": 0.0,
        "Pretax Income": 27902000.0,
        "Other Income Expense": 178000.0,
        "Special Income Charges": 1928000.0,
        "Other Special Charges": -1928000.0,
        "Gain On Sale Of Security": 178000.0,
        "Net Non Operating Interest Income Expense": -5667000.0,
        "Total Other Finance Cost": 332000.0,
        "Interest Expense Non Operating": 6435000.0,
        "Interest Income Non Operating": 1100000.0,
        "Operating Income": 33391000.0,
        "Operating Expense": 22681000.0,
        "Other Operating Expenses": NaN,
        "Selling General And Administration": 22681000.0,
        "General And Administrative Expense": NaN,
        "Other Gand A": NaN,
        "Salaries And Wages": NaN,
        "Gross Profit": 56072000.0,
        "Cost Of Revenue": 52495000.0,
        "Total Revenue": 108567000.0,
        "Operating Revenue": 108567000.0
    },
    "2023-12-31": {
        "Tax Effect Of Unusual Items": NaN,
        "Tax Rate For Calcs": NaN,
        "Normalized EBITDA": NaN,
        "Total Unusual Items": 225000.0,
        "Total Unusual Items Excluding Goodwill": 225000.0,
        "Net Income From Continuing Operation Net Minority Interest": NaN,
        "Reconciled Depreciation": NaN,
        "Reconciled Cost Of Revenue": NaN,
        "EBITDA": NaN,
        "EBIT": NaN,
        "Net Interest Income": NaN,
        "Interest Expense": NaN,
        "Interest Income": NaN,
        "Normalized Income": NaN,
        "Net Income From Continuing And Discontinued Operation": NaN,
        "Total Expenses": NaN,
        "Total Operating Income As Reported": NaN,
        "Diluted Average Shares": NaN,
        "Basic Average Shares": NaN,
        "Diluted EPS": NaN,
        "Basic EPS": NaN,
        "Diluted NI Availto Com Stockholders": NaN,
        "Net Income Common Stockholders": NaN,
        "Net Income": NaN,
        "Minority Interests": NaN,
        "Net Income Including Noncontrolling Interests": NaN,
        "Net Income Continuous Operations": NaN,
        "Tax Provision": NaN,
        "Pretax Income": NaN,
        "Other Income Expense": 225000.0,
        "Special Income Charges": NaN,
        "Other Special Charges": NaN,
        "Gain On Sale Of Security": 225000.0,
        "Net Non Operating Interest Income Expense": NaN,
        "Total Other Finance Cost": NaN,
        "Interest Expense Non Operating": NaN,
        "Interest Income Non Operating": NaN,
        "Operating Income": NaN,
        "Operating Expense": NaN,
        "Other Operating Expenses": NaN,
        "Selling General And Administration": NaN,
        "General And Administrative Expense": NaN,
        "Other Gand A": NaN,
        "Salaries And Wages": NaN,
        "Gross Profit": NaN,
        "Cost Of Revenue": NaN,
        "Total Revenue": NaN,
        "Operating Revenue": NaN
    },
    "2023-09-30": {
        "Tax Effect Of Unusual Items": NaN,
        "Tax Rate For Calcs": NaN,
        "Normalized EBITDA": NaN,
        "Total Unusual Items": NaN,
        "Total Unusual Items Excluding Goodwill": NaN,
        "Net Income From Continuing Operation Net Minority Interest": NaN,
        "Reconciled Depreciation": NaN,
        "Reconciled Cost Of Revenue": NaN,
        "EBITDA": NaN,
        "EBIT": NaN,
        "Net Interest Income": NaN,
        "Interest Expense": NaN,
        "Interest Income": NaN,
        "Normalized Income": NaN,
        "Net Income From Continuing And Discontinued Operation": NaN,
        "Total Expenses": NaN,
        "Total Operating Income As Reported": NaN,
        "Diluted Average Shares": NaN,
        "Basic Average Shares": NaN,
        "Diluted EPS": NaN,
        "Basic EPS": NaN,
        "Diluted NI Availto Com Stockholders": NaN,
        "Net Income Common Stockholders": NaN,
        "Net Income": NaN,
        "Minority Interests": NaN,
        "Net Income Including Noncontrolling Interests": NaN,
        "Net Income Continuous Operations": NaN,
        "Tax Provision": NaN,
        "Pretax Income": NaN,
        "Other Income Expense": NaN,
        "Special Income Charges": 0.0,
        "Other Special Charges": NaN,
        "Gain On Sale Of Security": NaN,
        "Net Non Operating Interest Income Expense": NaN,
        "Total Other Finance Cost": NaN,
        "Interest Expense Non Operating": NaN,
        "Interest Income Non Operating": NaN,
        "Operating Income": NaN,
        "Operating Expense": NaN,
        "Other Operating Expenses": NaN,
        "Selling General And Administration": NaN,
        "General And Administrative Expense": NaN,
        "Other Gand A": NaN,
        "Salaries And Wages": NaN,
        "Gross Profit": NaN,
        "Cost Of Revenue": NaN,
        "Total Revenue": NaN,
        "Operating Revenue": NaN
    },
    "2023-06-30": {
        "Tax Effect Of Unusual Items": 264388.361045,
        "Tax Rate For Calcs": 0.0288,
        "Normalized EBITDA": 30349000.0,
        "Total Unusual Items": 9180000.0,
        "Total Unusual Items Excluding Goodwill": 9180000.0,
        "Net Income From Continuing Operation Net Minority Interest": 5737000.0,
        "Reconciled Depreciation": NaN,
        "Reconciled Cost Of Revenue": 44590000.0,
        "EBITDA": 39529000.0,
        "EBIT": 39529000.0,
        "Net Interest Income": -5849000.0,
        "Interest Expense": 5849000.0,
        "Normalized Income": -3178611.638955,
        "Net Income From Continuing And Discontinued Operation": 5737000.0,
        "Total Expenses": 68178000.0,
        "Total Operating Income As Reported": 30349000.0,
        "Diluted NI Availto Com Stockholders": 5737000.0,
        "Net Income Common Stockholders": 5737000.0,
        "Net Income": 5737000.0,
        "Minority Interests": -26973000.0,
        "Net Income Including Noncontrolling Interests": 32710000.0,
        "Net Income Continuous Operations": 32710000.0,
        "Tax Provision": 970000.0,
        "Pretax Income": 33680000.0,
        "Other Income Expense": 9180000.0,
        "Special Income Charges": 6194000.0,
        "Other Special Charges": -6194000.0,
        "Gain On Sale Of Security": 2986000.0,
        "Net Non Operating Interest Income Expense": -5849000.0,
        "Interest Expense Non Operating": 5849000.0,
        "Operating Income": 30349000.0,
        "Operating Expense": 23588000.0,
        "Selling General And Administration": 23588000.0,
        "Gross Profit": 53937000.0,
        "Cost Of Revenue": 44590000.0,
        "Total Revenue": 98527000.0,
        "Operating Revenue": 98527000.0
    },
    "2024-12-31": {
        "Tax Effect Of Unusual Items": 0.0,
        "Tax Rate For Calcs": 0.010413,
        "Normalized EBITDA": -2358173000.0,
        "Total Unusual Items": 0.0,
        "Total Unusual Items Excluding Goodwill": 0.0,
        "Net Income From Continuing Operation Net Minority Interest": -2333618000.0,
        "Reconciled Depreciation": 2242000.0,
        "Reconciled Cost Of Revenue": 48325000.0,
        "EBITDA": -2358173000.0,
        "EBIT": -2358173000.0,
        "Net Interest Income": 131000.0,
        "Interest Expense": 4448000.0,
        "Interest Income": NaN,
        "Normalized Income": -2333618000.0,
        "Net Income From Continuing And Discontinued Operation": -2333618000.0,
        "Total Expenses": 2358173000.0,
        "Total Operating Income As Reported": -2358173000.0,
        "Diluted Average Shares": 8486415.0,
        "Basic Average Shares": 8486415.0,
        "Diluted EPS": -274.982781,
        "Basic EPS": -274.982781,
        "Diluted NI Availto Com Stockholders": -2333618000.0,
        "Net Income Common Stockholders": -2333618000.0,
        "Net Income": -2333618000.0,
        "Minority Interests": NaN,
        "Net Income Including Noncontrolling Interests": -2333618000.0,
        "Net Income Continuous Operations": -2333618000.0,
        "Tax Provision": -24555000.0,
        "Pretax Income": -2358173000.0,
        "Other Income Expense": 0.0,
        "Special Income Charges": 0.0,
        "Other Special Charges": 0.0,
        "Gain On Sale Of Security": 0.0,
        "Net Non Operating Interest Income Expense": 131000.0,
        "Total Other Finance Cost": NaN,
        "Interest Expense Non Operating": 4448000.0,
        "Interest Income Non Operating": NaN,
        "Operating Income": -2358173000.0,
        "Operating Expense": 2358173000.0,
        "Other Operating Expenses": 24600000.0,
        "Selling General And Administration": 2333573000.0,
        "General And Administrative Expense": 2333573000.0,
        "Other Gand A": 66600000.0,
        "Salaries And Wages": 2266973000.0,
        "Gross Profit": 0.0,
        "Cost Of Revenue": 48325000.0,
        "Total Revenue": 0.0,
        "Operating Revenue": 0.0
    },
    "2025-03-31": {
        "Tax Effect Of Unusual Items": 0.0,
        "Tax Rate For Calcs": 0.025,
        "Normalized EBITDA": 28840000.0,
        "Total Unusual Items": NaN,
        "Total Unusual Items Excluding Goodwill": NaN,
        "Net Income From Continuing Operation Net Minority Interest": -3366000.0,
        "Reconciled Depreciation": 2273000.0,
        "Reconciled Cost Of Revenue": 49342000.0,
        "EBITDA": 28840000.0,
        "EBIT": 26567000.0,
        "Net Interest Income": -2438000.0,
        "Interest Expense": 3384000.0,
        "Interest Income": 1077000.0,
        "Normalized Income": -3366000.0,
        "Net Income From Continuing And Discontinued Operation": -3366000.0,
        "Total Expenses": 78268000.0,
        "Total Operating Income As Reported": 25621000.0,
        "Diluted Average Shares": 8526000.0,
        "Basic Average Shares": 8526000.0,
        "Diluted EPS": -0.39,
        "Basic EPS": -0.39,
        "Diluted NI Availto Com Stockholders": -3366000.0,
        "Net Income Common Stockholders": -3366000.0,
        "Net Income": -3366000.0,
        "Minority Interests": -25981000.0,
        "Net Income Including Noncontrolling Interests": 22615000.0,
        "Net Income Continuous Operations": 22615000.0,
        "Tax Provision": 568000.0,
        "Pretax Income": 23183000.0,
        "Other Income Expense": NaN,
        "Special Income Charges": NaN,
        "Other Special Charges": NaN,
        "Gain On Sale Of Security": NaN,
        "Net Non Operating Interest Income Expense": -2438000.0,
        "Total Other Finance Cost": 131000.0,
        "Interest Expense Non Operating": 3384000.0,
        "Interest Income Non Operating": 1077000.0,
        "Operating Income": 25621000.0,
        "Operating Expense": 28926000.0,
        "Other Operating Expenses": NaN,
        "Selling General And Administration": 28926000.0,
        "General And Administrative Expense": NaN,
        "Other Gand A": NaN,
        "Salaries And Wages": NaN,
        "Gross Profit": 54547000.0,
        "Cost Of Revenue": 49342000.0,
        "Total Revenue": 103889000.0,
        "Operating Revenue": 103889000.0
    },
    "2024-03-31": {
        "Tax Effect Of Unusual Items": NaN,
        "Tax Rate For Calcs": NaN,
        "Normalized EBITDA": NaN,
        "Total Unusual Items": -297000.0,
        "Total Unusual Items Excluding Goodwill": -297000.0,
        "Net Income From Continuing Operation Net Minority Interest": NaN,
        "Reconciled Depreciation": NaN,
        "Reconciled Cost Of Revenue": NaN,
        "EBITDA": NaN,
        "EBIT": NaN,
        "Net Interest Income": NaN,
        "Interest Expense": NaN,
        "Interest Income": 1104000.0,
        "Normalized Income": NaN,
        "Net Income From Continuing And Discontinued Operation": NaN,
        "Total Expenses": NaN,
        "Total Operating Income As Reported": NaN,
        "Diluted Average Shares": NaN,
        "Basic Average Shares": NaN,
        "Diluted EPS": NaN,
        "Basic EPS": NaN,
        "Diluted NI Availto Com Stockholders": NaN,
        "Net Income Common Stockholders": NaN,
        "Net Income": NaN,
        "Minority Interests": -26386000.0,
        "Net Income Including Noncontrolling Interests": NaN,
        "Net Income Continuous Operations": NaN,
        "Tax Provision": 0.0,
        "Pretax Income": NaN,
        "Other Income Expense": -297000.0,
        "Special Income Charges": NaN,
        "Other Special Charges": NaN,
        "Gain On Sale Of Security": -297000.0,
        "Net Non Operating Interest Income Expense": NaN,
        "Total Other Finance Cost": 327000.0,
        "Interest Expense Non Operating": NaN,
        "Interest Income Non Operating": 1104000.0,
        "Operating Income": NaN,
        "Operating Expense": NaN,
        "Other Operating Expenses": NaN,
        "Selling General And Administration": NaN,
        "General And Administrative Expense": NaN,
        "Other Gand A": NaN,
        "Salaries And Wages": NaN,
        "Gross Profit": NaN,
        "Cost Of Revenue": NaN,
        "Total Revenue": NaN,
        "Operating Revenue": NaN
    },
    "2025-06-30": {
        "Tax Effect Of Unusual Items": 0.0,
        "Tax Rate For Calcs": 0.008,
        "Normalized EBITDA": 44313000.0,
        "Total Unusual Items": NaN,
        "Total Unusual Items Excluding Goodwill": NaN,
        "Net Income From Continuing Operation Net Minority Interest": -611000.0,
        "Reconciled Depreciation": 2341000.0,
        "Reconciled Cost Of Revenue": 50792000.0,
        "EBITDA": 44313000.0,
        "EBIT": 41972000.0,
        "Net Interest Income": -2037000.0,
        "Interest Expense": 3376000.0,
        "Interest Income": 1504000.0,
        "Normalized Income": -611000.0,
        "Net Income From Continuing And Discontinued Operation": -611000.0,
        "Total Expenses": 78959000.0,
        "Total Operating Income As Reported": 40633000.0,
        "Diluted Average Shares": 8526000.0,
        "Basic Average Shares": 8526000.0,
        "Diluted EPS": -0.07,
        "Basic EPS": -0.07,
        "Diluted NI Availto Com Stockholders": -611000.0,
        "Net Income Common Stockholders": -611000.0,
        "Net Income": -611000.0,
        "Minority Interests": -38908000.0,
        "Net Income Including Noncontrolling Interests": 38297000.0,
        "Net Income Continuous Operations": 38297000.0,
        "Tax Provision": 299000.0,
        "Pretax Income": 38596000.0,
        "Other Income Expense": NaN,
        "Special Income Charges": NaN,
        "Other Special Charges": NaN,
        "Gain On Sale Of Security": NaN,
        "Net Non Operating Interest Income Expense": -2037000.0,
        "Total Other Finance Cost": 165000.0,
        "Interest Expense Non Operating": 3376000.0,
        "Interest Income Non Operating": 1504000.0,
        "Operating Income": 40633000.0,
        "Operating Expense": 28167000.0,
        "Other Operating Expenses": NaN,
        "Selling General And Administration": 28167000.0,
        "General And Administrative Expense": NaN,
        "Other Gand A": NaN,
        "Salaries And Wages": NaN,
        "Gross Profit": 68800000.0,
        "Cost Of Revenue": 50792000.0,
        "Total Revenue": 119592000.0,
        "Operating Revenue": 119592000.0
    },
    "2025-09-30": {
        "Tax Effect Of Unusual Items": NaN,
        "Tax Rate For Calcs": 0.001596,
        "Normalized EBITDA": NaN,
        "Total Unusual Items": NaN,
        "Total Unusual Items Excluding Goodwill": NaN,
        "Net Income From Continuing Operation Net Minority Interest": NaN,
        "Reconciled Depreciation": NaN,
        "Reconciled Cost Of Revenue": NaN,
        "EBITDA": NaN,
        "EBIT": NaN,
        "Net Interest Income": NaN,
        "Interest Expense": NaN,
        "Interest Income": NaN,
        "Normalized Income": NaN,
        "Net Income From Continuing And Discontinued Operation": NaN,
        "Total Expenses": NaN,
        "Total Operating Income As Reported": NaN,
        "Diluted Average Shares": NaN,
        "Basic Average Shares": NaN,
        "Diluted EPS": NaN,
        "Basic EPS": NaN,
        "Diluted NI Availto Com Stockholders": NaN,
        "Net Income Common Stockholders": NaN,
        "Net Income": NaN,
        "Minority Interests": NaN,
        "Net Income Including Noncontrolling Interests": NaN,
        "Net Income Continuous Operations": NaN,
        "Tax Provision": NaN,
        "Pretax Income": NaN,
        "Other Income Expense": NaN,
        "Special Income Charges": NaN,
        "Other Special Charges": NaN,
        "Gain On Sale Of Security": NaN,
        "Net Non Operating Interest Income Expense": NaN,
        "Total Other Finance Cost": NaN,
        "Interest Expense Non Operating": NaN,
        "Interest Income Non Operating": NaN,
        "Operating Income": NaN,
        "Operating Expense": NaN,
        "Other Operating Expenses": NaN,
        "Selling General And Administration": NaN,
        "General And Administrative Expense": NaN,
        "Other Gand A": NaN,
        "Salaries And Wages": NaN,
        "Gross Profit": NaN,
        "Cost Of Revenue": NaN,
        "Total Revenue": NaN,
        "Operating Revenue": NaN
    }
}