{
    "2024-06-30": {
        "Tax Effect Of Unusual Items": NaN,
        "Tax Rate For Calcs": NaN,
        "Normalized EBITDA": NaN,
        "Total Unusual Items": -3878000.0,
        "Total Unusual Items Excluding Goodwill": -3878000.0,
        "Net Income From Continuing Operation Net Minority Interest": NaN,
        "Reconciled Depreciation": NaN,
        "Reconciled Cost Of Revenue": NaN,
        "EBITDA": NaN,
        "EBIT": NaN,
        "Net Interest Income": NaN,
        "Interest Expense": NaN,
        "Normalized Income": NaN,
        "Net Income From Continuing And Discontinued Operation": NaN,
        "Total Expenses": NaN,
        "Total Operating Income As Reported": NaN,
        "Diluted Average Shares": 32090.0,
        "Basic Average Shares": 32090.0,
        "Diluted EPS": -190.0,
        "Basic EPS": -190.0,
        "Diluted NI Availto Com Stockholders": NaN,
        "Net Income Common Stockholders": NaN,
        "Net Income": NaN,
        "Minority Interests": NaN,
        "Net Income Including Noncontrolling Interests": NaN,
        "Net Income Discontinuous Operations": NaN,
        "Net Income Continuous Operations": NaN,
        "Tax Provision": NaN,
        "Pretax Income": NaN,
        "Other Income Expense": -3878000.0,
        "Special Income Charges": -3878000.0,
        "Gain On Sale Of Ppe": NaN,
        "Other Special Charges": NaN,
        "Impairment Of Capital Assets": 3878000.0,
        "Gain On Sale Of Security": NaN,
        "Net Non Operating Interest Income Expense": NaN,
        "Interest Expense Non Operating": NaN,
        "Operating Income": NaN,
        "Operating Expense": NaN,
        "Selling General And Administration": NaN,
        "Selling And Marketing Expense": NaN,
        "General And Administrative Expense": NaN,
        "Other Gand A": NaN,
        "Gross Profit": NaN,
        "Cost Of Revenue": NaN,
        "Total Revenue": NaN,
        "Operating Revenue": NaN
    },
    "2024-03-31": {
        "Tax Effect Of Unusual Items": NaN,
        "Tax Rate For Calcs": NaN,
        "Normalized EBITDA": NaN,
        "Total Unusual Items": NaN,
        "Total Unusual Items Excluding Goodwill": NaN,
        "Net Income From Continuing Operation Net Minority Interest": NaN,
        "Reconciled Depreciation": NaN,
        "Reconciled Cost Of Revenue": NaN,
        "EBITDA": NaN,
        "EBIT": NaN,
        "Net Interest Income": NaN,
        "Interest Expense": NaN,
        "Normalized Income": NaN,
        "Net Income From Continuing And Discontinued Operation": NaN,
        "Total Expenses": NaN,
        "Total Operating Income As Reported": NaN,
        "Diluted Average Shares": NaN,
        "Basic Average Shares": NaN,
        "Diluted EPS": NaN,
        "Basic EPS": NaN,
        "Diluted NI Availto Com Stockholders": NaN,
        "Net Income Common Stockholders": NaN,
        "Net Income": NaN,
        "Minority Interests": NaN,
        "Net Income Including Noncontrolling Interests": NaN,
        "Net Income Discontinuous Operations": NaN,
        "Net Income Continuous Operations": NaN,
        "Tax Provision": NaN,
        "Pretax Income": NaN,
        "Other Income Expense": NaN,
        "Special Income Charges": 0.0,
        "Gain On Sale Of Ppe": NaN,
        "Other Special Charges": NaN,
        "Impairment Of Capital Assets": NaN,
        "Gain On Sale Of Security": NaN,
        "Net Non Operating Interest Income Expense": NaN,
        "Interest Expense Non Operating": NaN,
        "Operating Income": NaN,
        "Operating Expense": NaN,
        "Selling General And Administration": NaN,
        "Selling And Marketing Expense": NaN,
        "General And Administrative Expense": NaN,
        "Other Gand A": NaN,
        "Gross Profit": NaN,
        "Cost Of Revenue": NaN,
        "Total Revenue": NaN,
        "Operating Revenue": NaN
    },
    "2023-09-30": {
        "Tax Effect Of Unusual Items": NaN,
        "Tax Rate For Calcs": NaN,
        "Normalized EBITDA": NaN,
        "Total Unusual Items": NaN,
        "Total Unusual Items Excluding Goodwill": NaN,
        "Net Income From Continuing Operation Net Minority Interest": NaN,
        "Reconciled Depreciation": NaN,
        "Reconciled Cost Of Revenue": NaN,
        "EBITDA": NaN,
        "EBIT": NaN,
        "Net Interest Income": NaN,
        "Interest Expense": NaN,
        "Normalized Income": NaN,
        "Net Income From Continuing And Discontinued Operation": NaN,
        "Total Expenses": NaN,
        "Total Operating Income As Reported": NaN,
        "Diluted Average Shares": 21101.0,
        "Basic Average Shares": 21101.0,
        "Diluted EPS": 4.0,
        "Basic EPS": 4.0,
        "Diluted NI Availto Com Stockholders": NaN,
        "Net Income Common Stockholders": NaN,
        "Net Income": NaN,
        "Minority Interests": NaN,
        "Net Income Including Noncontrolling Interests": NaN,
        "Net Income Continuous Operations": NaN,
        "Tax Provision": NaN,
        "Pretax Income": NaN,
        "Other Income Expense": 44296.0,
        "Special Income Charges": 44296.0,
        "Gain On Sale Of Ppe": 44296.0,
        "Other Special Charges": NaN,
        "Impairment Of Capital Assets": NaN,
        "Gain On Sale Of Security": NaN,
        "Net Non Operating Interest Income Expense": NaN,
        "Interest Expense Non Operating": NaN,
        "Operating Income": NaN,
        "Operating Expense": NaN,
        "Selling General And Administration": NaN,
        "Selling And Marketing Expense": NaN,
        "General And Administrative Expense": NaN,
        "Other Gand A": NaN,
        "Gross Profit": NaN,
        "Cost Of Revenue": NaN,
        "Total Revenue": NaN,
        "Operating Revenue": NaN
    },
    "2023-06-30": {
        "Tax Effect Of Unusual Items": 0.0,
        "Tax Rate For Calcs": 0.0,
        "Normalized EBITDA": -2247546.0,
        "Total Unusual Items": 0.0,
        "Total Unusual Items Excluding Goodwill": 0.0,
        "Net Income From Continuing Operation Net Minority Interest": -2460000.0,
        "Reconciled Depreciation": 183454.0,
        "Reconciled Cost Of Revenue": 2096000.0,
        "EBITDA": -2247546.0,
        "EBIT": -2431000.0,
        "Net Interest Income": -29000.0,
        "Interest Expense": 29000.0,
        "Normalized Income": -2460000.0,
        "Net Income From Continuing And Discontinued Operation": -2460000.0,
        "Total Expenses": 5056000.0,
        "Total Operating Income As Reported": -2431000.0,
        "Diluted Average Shares": 3872447.0,
        "Basic Average Shares": 3872447.0,
        "Diluted EPS": -0.64,
        "Basic EPS": -0.64,
        "Diluted NI Availto Com Stockholders": -2460000.0,
        "Net Income Common Stockholders": -2460000.0,
        "Net Income": -2460000.0,
        "Minority Interests": NaN,
        "Net Income Including Noncontrolling Interests": -2460000.0,
        "Net Income Continuous Operations": -2460000.0,
        "Tax Provision": 0.0,
        "Pretax Income": -2460000.0,
        "Other Income Expense": NaN,
        "Special Income Charges": 0.0,
        "Gain On Sale Of Ppe": NaN,
        "Other Special Charges": NaN,
        "Impairment Of Capital Assets": 0.0,
        "Net Non Operating Interest Income Expense": -29000.0,
        "Interest Expense Non Operating": 29000.0,
        "Operating Income": -2431000.0,
        "Operating Expense": 2960000.0,
        "Depreciation Amortization Depletion Income Statement": 183454.0,
        "Depreciation And Amortization In Income Statement": 183454.0,
        "Depreciation Income Statement": 183454.0,
        "Selling General And Administration": 2960000.0,
        "Selling And Marketing Expense": 445000.0,
        "General And Administrative Expense": 2515000.0,
        "Other Gand A": 2515000.0,
        "Gross Profit": 529000.0,
        "Cost Of Revenue": 2096000.0,
        "Total Revenue": 2625000.0,
        "Operating Revenue": 2625000.0
    },
    "2023-03-31": {
        "Tax Effect Of Unusual Items": NaN,
        "Tax Rate For Calcs": NaN,
        "Normalized EBITDA": NaN,
        "Total Unusual Items": NaN,
        "Total Unusual Items Excluding Goodwill": NaN,
        "Net Income From Continuing Operation Net Minority Interest": NaN,
        "Reconciled Depreciation": NaN,
        "Reconciled Cost Of Revenue": NaN,
        "EBITDA": NaN,
        "EBIT": NaN,
        "Net Interest Income": NaN,
        "Interest Expense": NaN,
        "Normalized Income": NaN,
        "Net Income From Continuing And Discontinued Operation": NaN,
        "Total Expenses": NaN,
        "Total Operating Income As Reported": NaN,
        "Diluted Average Shares": NaN,
        "Basic Average Shares": NaN,
        "Diluted EPS": NaN,
        "Basic EPS": NaN,
        "Diluted NI Availto Com Stockholders": NaN,
        "Net Income Common Stockholders": NaN,
        "Net Income": NaN,
        "Minority Interests": NaN,
        "Net Income Including Noncontrolling Interests": NaN,
        "Net Income Continuous Operations": NaN,
        "Tax Provision": NaN,
        "Pretax Income": NaN,
        "Other Income Expense": 704297.0,
        "Special Income Charges": NaN,
        "Gain On Sale Of Ppe": NaN,
        "Other Special Charges": -704297.0,
        "Impairment Of Capital Assets": NaN,
        "Net Non Operating Interest Income Expense": NaN,
        "Total Other Finance Cost": 21167.0,
        "Interest Expense Non Operating": NaN,
        "Operating Income": NaN,
        "Operating Expense": NaN,
        "Depreciation Amortization Depletion Income Statement": 54798.0,
        "Depreciation And Amortization In Income Statement": 54798.0,
        "Depreciation Income Statement": 54798.0,
        "Selling General And Administration": NaN,
        "Selling And Marketing Expense": NaN,
        "General And Administrative Expense": NaN,
        "Other Gand A": NaN,
        "Gross Profit": NaN,
        "Cost Of Revenue": NaN,
        "Total Revenue": NaN,
        "Operating Revenue": NaN
    },
    "2022-12-31": {
        "Tax Effect Of Unusual Items": NaN,
        "Tax Rate For Calcs": NaN,
        "Normalized EBITDA": NaN,
        "Total Unusual Items": NaN,
        "Total Unusual Items Excluding Goodwill": NaN,
        "Net Income From Continuing Operation Net Minority Interest": NaN,
        "Reconciled Depreciation": NaN,
        "Reconciled Cost Of Revenue": NaN,
        "EBITDA": NaN,
        "EBIT": NaN,
        "Net Interest Income": NaN,
        "Interest Expense": NaN,
        "Normalized Income": NaN,
        "Net Income From Continuing And Discontinued Operation": NaN,
        "Total Expenses": NaN,
        "Total Operating Income As Reported": NaN,
        "Diluted Average Shares": 3125979.0,
        "Basic Average Shares": 3125979.0,
        "Diluted EPS": -0.62,
        "Basic EPS": -0.62,
        "Diluted NI Availto Com Stockholders": NaN,
        "Net Income Common Stockholders": NaN,
        "Net Income": NaN,
        "Net Income Including Noncontrolling Interests": NaN,
        "Net Income Continuous Operations": NaN,
        "Tax Provision": NaN,
        "Pretax Income": NaN,
        "Other Income Expense": -134683.0,
        "Special Income Charges": NaN,
        "Gain On Sale Of Ppe": NaN,
        "Other Special Charges": 134683.0,
        "Impairment Of Capital Assets": NaN,
        "Net Non Operating Interest Income Expense": NaN,
        "Total Other Finance Cost": 17638.0,
        "Interest Expense Non Operating": NaN,
        "Operating Income": NaN,
        "Operating Expense": NaN,
        "Depreciation Amortization Depletion Income Statement": 52816.0,
        "Depreciation And Amortization In Income Statement": 52816.0,
        "Depreciation Income Statement": 52816.0,
        "Selling General And Administration": NaN,
        "Selling And Marketing Expense": NaN,
        "General And Administrative Expense": NaN,
        "Other Gand A": NaN,
        "Gross Profit": NaN,
        "Cost Of Revenue": NaN,
        "Total Revenue": NaN,
        "Operating Revenue": NaN
    },
    "2024-09-30": {
        "Tax Effect Of Unusual Items": 0.0,
        "Tax Rate For Calcs": 0.0,
        "Normalized EBITDA": -1823000.0,
        "Total Unusual Items": 3874000.0,
        "Total Unusual Items Excluding Goodwill": 3874000.0,
        "Net Income From Continuing Operation Net Minority Interest": -1885000.0,
        "Reconciled Depreciation": -81000.0,
        "Reconciled Cost Of Revenue": 159000.0,
        "EBITDA": -1823000.0,
        "EBIT": -1823000.0,
        "Net Interest Income": -283000.0,
        "Interest Expense": 283000.0,
        "Normalized Income": -1885000.0,
        "Net Income From Continuing And Discontinued Operation": 1195000.0,
        "Total Expenses": 1950000.0,
        "Total Operating Income As Reported": -1823000.0,
        "Diluted Average Shares": 45478.0,
        "Basic Average Shares": 45478.0,
        "Diluted EPS": 26.0,
        "Basic EPS": 26.0,
        "Diluted NI Availto Com Stockholders": 1195000.0,
        "Net Income Common Stockholders": 1195000.0,
        "Net Income": 1195000.0,
        "Minority Interests": 221000.0,
        "Net Income Including Noncontrolling Interests": 974000.0,
        "Net Income Discontinuous Operations": 3080000.0,
        "Net Income Continuous Operations": -2106000.0,
        "Tax Provision": 0.0,
        "Pretax Income": -2106000.0,
        "Other Income Expense": 3874000.0,
        "Special Income Charges": 3874000.0,
        "Gain On Sale Of Ppe": 0.0,
        "Other Special Charges": -3874000.0,
        "Impairment Of Capital Assets": NaN,
        "Gain On Sale Of Security": NaN,
        "Net Non Operating Interest Income Expense": -283000.0,
        "Interest Expense Non Operating": 283000.0,
        "Operating Income": -1823000.0,
        "Operating Expense": 1791000.0,
        "Selling General And Administration": 1791000.0,
        "Selling And Marketing Expense": 0.0,
        "General And Administrative Expense": 1791000.0,
        "Other Gand A": 1791000.0,
        "Gross Profit": -32000.0,
        "Cost Of Revenue": 159000.0,
        "Total Revenue": 127000.0,
        "Operating Revenue": 127000.0
    },
    "2024-12-31": {
        "Tax Effect Of Unusual Items": 0.0,
        "Tax Rate For Calcs": 0.0,
        "Normalized EBITDA": -11980000.0,
        "Total Unusual Items": -3254000.0,
        "Total Unusual Items Excluding Goodwill": -3254000.0,
        "Net Income From Continuing Operation Net Minority Interest": -15965000.0,
        "Reconciled Depreciation": 61000.0,
        "Reconciled Cost Of Revenue": 6426000.0,
        "EBITDA": -15234000.0,
        "EBIT": -15295000.0,
        "Net Interest Income": -10448000.0,
        "Interest Expense": 1559000.0,
        "Normalized Income": -12711000.0,
        "Net Income From Continuing And Discontinued Operation": -15965000.0,
        "Total Expenses": 11158000.0,
        "Total Operating Income As Reported": -6740000.0,
        "Diluted Average Shares": NaN,
        "Basic Average Shares": NaN,
        "Diluted EPS": NaN,
        "Basic EPS": NaN,
        "Diluted NI Availto Com Stockholders": -15965000.0,
        "Net Income Common Stockholders": -15965000.0,
        "Net Income": -15965000.0,
        "Minority Interests": 889000.0,
        "Net Income Including Noncontrolling Interests": -16854000.0,
        "Net Income Discontinuous Operations": NaN,
        "Net Income Continuous Operations": -16854000.0,
        "Tax Provision": 0.0,
        "Pretax Income": -16854000.0,
        "Other Income Expense": -3254000.0,
        "Special Income Charges": -3588000.0,
        "Gain On Sale Of Ppe": NaN,
        "Other Special Charges": NaN,
        "Impairment Of Capital Assets": NaN,
        "Gain On Sale Of Security": NaN,
        "Net Non Operating Interest Income Expense": -10448000.0,
        "Interest Expense Non Operating": 1559000.0,
        "Operating Income": -3152000.0,
        "Operating Expense": 4732000.0,
        "Selling General And Administration": 4732000.0,
        "Selling And Marketing Expense": 1044000.0,
        "General And Administrative Expense": 3688000.0,
        "Other Gand A": 3688000.0,
        "Gross Profit": 1580000.0,
        "Cost Of Revenue": 6426000.0,
        "Total Revenue": 8006000.0,
        "Operating Revenue": 8006000.0
    },
    "2025-03-31": {
        "Tax Effect Of Unusual Items": 0.0,
        "Tax Rate For Calcs": 0.0,
        "Normalized EBITDA": -2719000.0,
        "Total Unusual Items": -6468000.0,
        "Total Unusual Items Excluding Goodwill": -6468000.0,
        "Net Income From Continuing Operation Net Minority Interest": -9191000.0,
        "Reconciled Depreciation": 91000.0,
        "Reconciled Cost Of Revenue": 1493000.0,
        "EBITDA": -9187000.0,
        "EBIT": -9278000.0,
        "Net Interest Income": -16000.0,
        "Interest Expense": 16000.0,
        "Normalized Income": -2723000.0,
        "Net Income From Continuing And Discontinued Operation": -9191000.0,
        "Total Expenses": 4803000.0,
        "Total Operating Income As Reported": -2810000.0,
        "Diluted Average Shares": 1972869.0,
        "Basic Average Shares": 1972869.0,
        "Diluted EPS": -4.66,
        "Basic EPS": -4.66,
        "Diluted NI Availto Com Stockholders": -9191000.0,
        "Net Income Common Stockholders": -9191000.0,
        "Net Income": -9191000.0,
        "Minority Interests": 103000.0,
        "Net Income Including Noncontrolling Interests": -9294000.0,
        "Net Income Discontinuous Operations": NaN,
        "Net Income Continuous Operations": -9294000.0,
        "Tax Provision": 0.0,
        "Pretax Income": -9294000.0,
        "Other Income Expense": -6468000.0,
        "Special Income Charges": NaN,
        "Gain On Sale Of Ppe": NaN,
        "Other Special Charges": NaN,
        "Impairment Of Capital Assets": NaN,
        "Gain On Sale Of Security": -6468000.0,
        "Net Non Operating Interest Income Expense": -16000.0,
        "Interest Expense Non Operating": 16000.0,
        "Operating Income": -2810000.0,
        "Operating Expense": 3310000.0,
        "Selling General And Administration": 3310000.0,
        "Selling And Marketing Expense": 764000.0,
        "General And Administrative Expense": 2546000.0,
        "Other Gand A": 2546000.0,
        "Gross Profit": 500000.0,
        "Cost Of Revenue": 1493000.0,
        "Total Revenue": 1993000.0,
        "Operating Revenue": 1993000.0
    },
    "2025-06-30": {
        "Tax Effect Of Unusual Items": 0.0,
        "Tax Rate For Calcs": 0.0,
        "Normalized EBITDA": -777000.0,
        "Total Unusual Items": 0.0,
        "Total Unusual Items Excluding Goodwill": 0.0,
        "Net Income From Continuing Operation Net Minority Interest": -585000.0,
        "Reconciled Depreciation": 5000.0,
        "Reconciled Cost Of Revenue": 1762000.0,
        "EBITDA": -777000.0,
        "EBIT": -782000.0,
        "Net Interest Income": -27000.0,
        "Interest Expense": 27000.0,
        "Normalized Income": -585000.0,
        "Net Income From Continuing And Discontinued Operation": -585000.0,
        "Total Expenses": 3498000.0,
        "Total Operating Income As Reported": -782000.0,
        "Diluted Average Shares": 2472464.0,
        "Basic Average Shares": 2472464.0,
        "Diluted EPS": -0.24,
        "Basic EPS": -0.24,
        "Diluted NI Availto Com Stockholders": -585000.0,
        "Net Income Common Stockholders": -585000.0,
        "Net Income": -585000.0,
        "Minority Interests": 224000.0,
        "Net Income Including Noncontrolling Interests": -809000.0,
        "Net Income Discontinuous Operations": NaN,
        "Net Income Continuous Operations": -809000.0,
        "Tax Provision": 0.0,
        "Pretax Income": -809000.0,
        "Other Income Expense": NaN,
        "Special Income Charges": 0.0,
        "Gain On Sale Of Ppe": NaN,
        "Other Special Charges": NaN,
        "Impairment Of Capital Assets": 0.0,
        "Gain On Sale Of Security": NaN,
        "Net Non Operating Interest Income Expense": -27000.0,
        "Interest Expense Non Operating": 27000.0,
        "Operating Income": -782000.0,
        "Operating Expense": 1736000.0,
        "Selling General And Administration": 1736000.0,
        "Selling And Marketing Expense": 234000.0,
        "General And Administrative Expense": 1502000.0,
        "Other Gand A": 1502000.0,
        "Gross Profit": 954000.0,
        "Cost Of Revenue": 1762000.0,
        "Total Revenue": 2716000.0,
        "Operating Revenue": 2716000.0
    },
    "2025-09-30": {
        "Tax Effect Of Unusual Items": 0.0,
        "Tax Rate For Calcs": 0.21,
        "Normalized EBITDA": -1549000.0,
        "Total Unusual Items": NaN,
        "Total Unusual Items Excluding Goodwill": NaN,
        "Net Income From Continuing Operation Net Minority Interest": -1862000.0,
        "Reconciled Depreciation": 16000.0,
        "Reconciled Cost Of Revenue": 2095000.0,
        "EBITDA": -1549000.0,
        "EBIT": -1565000.0,
        "Net Interest Income": -293000.0,
        "Interest Expense": 293000.0,
        "Normalized Income": -1862000.0,
        "Net Income From Continuing And Discontinued Operation": -2962000.0,
        "Total Expenses": 3309000.0,
        "Total Operating Income As Reported": -1565000.0,
        "Diluted Average Shares": 2568508.0,
        "Basic Average Shares": 2568508.0,
        "Diluted EPS": -1.15,
        "Basic EPS": -1.15,
        "Diluted NI Availto Com Stockholders": -2962000.0,
        "Net Income Common Stockholders": -2962000.0,
        "Net Income": -2962000.0,
        "Minority Interests": 20000.0,
        "Net Income Including Noncontrolling Interests": -2982000.0,
        "Net Income Discontinuous Operations": -1100000.0,
        "Net Income Continuous Operations": -1882000.0,
        "Tax Provision": 24000.0,
        "Pretax Income": -1858000.0,
        "Other Income Expense": NaN,
        "Special Income Charges": NaN,
        "Gain On Sale Of Ppe": NaN,
        "Other Special Charges": NaN,
        "Impairment Of Capital Assets": NaN,
        "Gain On Sale Of Security": NaN,
        "Net Non Operating Interest Income Expense": -293000.0,
        "Interest Expense Non Operating": 293000.0,
        "Operating Income": -1565000.0,
        "Operating Expense": 1214000.0,
        "Selling General And Administration": 1214000.0,
        "Selling And Marketing Expense": 3000.0,
        "General And Administrative Expense": 1211000.0,
        "Other Gand A": 1211000.0,
        "Gross Profit": -351000.0,
        "Cost Of Revenue": 2095000.0,
        "Total Revenue": 1744000.0,
        "Operating Revenue": 1744000.0
    }
}