{
    "2023-03-31": {
        "Tax Effect Of Unusual Items": NaN,
        "Tax Rate For Calcs": NaN,
        "Normalized EBITDA": NaN,
        "Total Unusual Items": NaN,
        "Total Unusual Items Excluding Goodwill": NaN,
        "Net Income From Continuing Operation Net Minority Interest": NaN,
        "Reconciled Depreciation": NaN,
        "Reconciled Cost Of Revenue": NaN,
        "EBITDA": NaN,
        "EBIT": NaN,
        "Net Interest Income": NaN,
        "Interest Income": NaN,
        "Normalized Income": NaN,
        "Net Income From Continuing And Discontinued Operation": NaN,
        "Total Expenses": NaN,
        "Total Operating Income As Reported": NaN,
        "Diluted Average Shares": NaN,
        "Basic Average Shares": NaN,
        "Diluted EPS": NaN,
        "Basic EPS": NaN,
        "Diluted NI Availto Com Stockholders": NaN,
        "Net Income Common Stockholders": NaN,
        "Net Income": NaN,
        "Net Income Including Noncontrolling Interests": NaN,
        "Net Income Continuous Operations": NaN,
        "Tax Provision": NaN,
        "Pretax Income": NaN,
        "Other Income Expense": NaN,
        "Other Non Operating Income Expenses": NaN,
        "Special Income Charges": NaN,
        "Gain On Sale Of Ppe": NaN,
        "Other Special Charges": 1526000.0,
        "Write Off": 4472000.0,
        "Impairment Of Capital Assets": NaN,
        "Restructuring And Mergern Acquisition": 0.0,
        "Gain On Sale Of Security": NaN,
        "Net Non Operating Interest Income Expense": NaN,
        "Total Other Finance Cost": 3830000.0,
        "Interest Income Non Operating": NaN,
        "Operating Income": NaN,
        "Operating Expense": NaN,
        "Other Operating Expenses": NaN,
        "Depreciation Amortization Depletion Income Statement": NaN,
        "Depreciation And Amortization In Income Statement": NaN,
        "Selling General And Administration": NaN,
        "Gross Profit": NaN,
        "Cost Of Revenue": NaN,
        "Total Revenue": NaN,
        "Operating Revenue": NaN
    },
    "2022-12-31": {
        "Tax Effect Of Unusual Items": NaN,
        "Tax Rate For Calcs": NaN,
        "Normalized EBITDA": NaN,
        "Total Unusual Items": NaN,
        "Total Unusual Items Excluding Goodwill": NaN,
        "Net Income From Continuing Operation Net Minority Interest": NaN,
        "Reconciled Depreciation": NaN,
        "Reconciled Cost Of Revenue": NaN,
        "EBITDA": NaN,
        "EBIT": NaN,
        "Net Interest Income": NaN,
        "Interest Income": NaN,
        "Normalized Income": NaN,
        "Net Income From Continuing And Discontinued Operation": NaN,
        "Total Expenses": NaN,
        "Total Operating Income As Reported": NaN,
        "Diluted Average Shares": NaN,
        "Basic Average Shares": NaN,
        "Diluted EPS": NaN,
        "Basic EPS": NaN,
        "Diluted NI Availto Com Stockholders": NaN,
        "Net Income Common Stockholders": NaN,
        "Net Income": NaN,
        "Net Income Including Noncontrolling Interests": NaN,
        "Net Income Continuous Operations": NaN,
        "Tax Provision": NaN,
        "Pretax Income": NaN,
        "Other Income Expense": NaN,
        "Other Non Operating Income Expenses": NaN,
        "Special Income Charges": NaN,
        "Gain On Sale Of Ppe": NaN,
        "Other Special Charges": NaN,
        "Write Off": 15288000.0,
        "Impairment Of Capital Assets": 55544000.0,
        "Restructuring And Mergern Acquisition": -335000.0,
        "Gain On Sale Of Security": NaN,
        "Net Non Operating Interest Income Expense": NaN,
        "Total Other Finance Cost": NaN,
        "Interest Income Non Operating": NaN,
        "Operating Income": NaN,
        "Operating Expense": NaN,
        "Other Operating Expenses": NaN,
        "Depreciation Amortization Depletion Income Statement": NaN,
        "Depreciation And Amortization In Income Statement": NaN,
        "Selling General And Administration": NaN,
        "Gross Profit": NaN,
        "Cost Of Revenue": NaN,
        "Total Revenue": NaN,
        "Operating Revenue": NaN
    },
    "2022-09-30": {
        "Tax Effect Of Unusual Items": NaN,
        "Tax Rate For Calcs": NaN,
        "Normalized EBITDA": NaN,
        "Total Unusual Items": NaN,
        "Total Unusual Items Excluding Goodwill": NaN,
        "Net Income From Continuing Operation Net Minority Interest": NaN,
        "Reconciled Depreciation": NaN,
        "Reconciled Cost Of Revenue": NaN,
        "EBITDA": NaN,
        "EBIT": NaN,
        "Net Interest Income": NaN,
        "Interest Income": 348000.0,
        "Normalized Income": NaN,
        "Net Income From Continuing And Discontinued Operation": NaN,
        "Total Expenses": NaN,
        "Total Operating Income As Reported": NaN,
        "Diluted Average Shares": 153895123.0,
        "Basic Average Shares": 153895123.0,
        "Diluted EPS": -0.21,
        "Basic EPS": -0.21,
        "Diluted NI Availto Com Stockholders": NaN,
        "Net Income Common Stockholders": NaN,
        "Net Income": NaN,
        "Net Income Including Noncontrolling Interests": NaN,
        "Net Income Continuous Operations": NaN,
        "Tax Provision": NaN,
        "Pretax Income": NaN,
        "Other Income Expense": NaN,
        "Other Non Operating Income Expenses": NaN,
        "Special Income Charges": NaN,
        "Gain On Sale Of Ppe": 7667000.0,
        "Other Special Charges": NaN,
        "Write Off": NaN,
        "Impairment Of Capital Assets": 0.0,
        "Restructuring And Mergern Acquisition": NaN,
        "Gain On Sale Of Security": NaN,
        "Net Non Operating Interest Income Expense": NaN,
        "Total Other Finance Cost": -348000.0,
        "Interest Income Non Operating": 348000.0,
        "Operating Income": NaN,
        "Operating Expense": NaN,
        "Other Operating Expenses": NaN,
        "Depreciation Amortization Depletion Income Statement": NaN,
        "Depreciation And Amortization In Income Statement": NaN,
        "Selling General And Administration": NaN,
        "Gross Profit": NaN,
        "Cost Of Revenue": NaN,
        "Total Revenue": NaN,
        "Operating Revenue": NaN
    },
    "2022-06-30": {
        "Tax Effect Of Unusual Items": -6181777.458641,
        "Tax Rate For Calcs": 0.01664,
        "Normalized EBITDA": 385828000.0,
        "Total Unusual Items": -371498000.0,
        "Total Unusual Items Excluding Goodwill": -371498000.0,
        "Net Income From Continuing Operation Net Minority Interest": -366334000.0,
        "Reconciled Depreciation": 21012000.0,
        "Reconciled Cost Of Revenue": 47904000.0,
        "EBITDA": 14330000.0,
        "EBIT": -6682000.0,
        "Net Interest Income": 0.0,
        "Interest Income": 0.0,
        "Normalized Income": -1017777.458641,
        "Net Income From Continuing And Discontinued Operation": -366334000.0,
        "Total Expenses": 79629000.0,
        "Total Operating Income As Reported": -366013000.0,
        "Diluted Average Shares": 130405502.0,
        "Basic Average Shares": 130405502.0,
        "Diluted EPS": -2.71,
        "Basic EPS": -2.71,
        "Diluted NI Availto Com Stockholders": -366334000.0,
        "Net Income Common Stockholders": -366334000.0,
        "Net Income": -366334000.0,
        "Net Income Including Noncontrolling Interests": -366334000.0,
        "Net Income Continuous Operations": -366334000.0,
        "Tax Provision": -6199000.0,
        "Pretax Income": -372533000.0,
        "Other Income Expense": -365851000.0,
        "Other Non Operating Income Expenses": 5647000.0,
        "Special Income Charges": -440321000.0,
        "Other Special Charges": NaN,
        "Write Off": 99787000.0,
        "Impairment Of Capital Assets": 349148000.0,
        "Restructuring And Mergern Acquisition": -8614000.0,
        "Gain On Sale Of Security": 68823000.0,
        "Net Non Operating Interest Income Expense": 0.0,
        "Total Other Finance Cost": NaN,
        "Interest Income Non Operating": 0.0,
        "Operating Income": -6682000.0,
        "Operating Expense": 31275000.0,
        "Depreciation Amortization Depletion Income Statement": 20562000.0,
        "Depreciation And Amortization In Income Statement": 20562000.0,
        "Selling General And Administration": 10713000.0,
        "Gross Profit": 24593000.0,
        "Cost Of Revenue": 48354000.0,
        "Total Revenue": 72947000.0,
        "Operating Revenue": 72923000.0
    },
    "2022-03-31": {
        "Diluted EPS": 0.31,
        "Total Revenue": 80,
        "Gross Profit": 34,
        "Operating Income": 39,
        "EBIT": 53,
        "Net Income": 37
    },
    "2021-12-31": {
        "Diluted EPS": -0.32,
        "Total Revenue": 91,
        "Gross Profit": 55,
        "Operating Income": -28,
        "EBIT": -22,
        "Net Income": -27
    },
    "2021-09-30": {
        "Diluted EPS": -0.16,
        "Total Revenue": 65,
        "Gross Profit": 39,
        "Operating Income": -4,
        "EBIT": 8,
        "Net Income": -15
    },
    "2021-06-30": {
        "Diluted EPS": 0.22,
        "Total Revenue": 34,
        "Gross Profit": 21,
        "Operating Income": -5,
        "EBIT": 1,
        "Net Income": 19
    },
    "2021-03-31": {
        "Diluted EPS": 0.09,
        "Total Revenue": 23,
        "Gross Profit": 16,
        "Operating Income": 7,
        "EBIT": 10,
        "Net Income": 8
    },
    "2020-12-31": {
        "Diluted EPS": 0.16,
        "Total Revenue": 5,
        "Gross Profit": 3,
        "Operating Income": 3,
        "EBIT": 5,
        "Net Income": 2
    },
    "2020-09-30": {
        "Diluted EPS": -0.04,
        "Total Revenue": 2,
        "Gross Profit": 1,
        "Operating Income": -2,
        "EBIT": -1,
        "Net Income": -2
    },
    "2020-06-30": {
        "Diluted EPS": -0.31,
        "Total Revenue": 2,
        "Gross Profit": 1,
        "Operating Income": -12,
        "EBIT": -11,
        "Net Income": -11
    },
    "2020-03-31": {
        "Diluted EPS": -0.15,
        "Total Revenue": 2,
        "Gross Profit": 1,
        "Operating Income": -4,
        "EBIT": -3,
        "Net Income": -4
    },
    "2019-12-31": {
        "Diluted EPS": 0.08,
        "Total Revenue": 1,
        "Gross Profit": 0,
        "Operating Income": -3,
        "EBIT": -2,
        "Net Income": -3
    },
    "2019-09-30": {
        "Diluted EPS": -0.08,
        "Total Revenue": 2,
        "Gross Profit": 0,
        "Operating Income": -2,
        "EBIT": -1,
        "Net Income": -2
    },
    "2019-06-30": {
        "Diluted EPS": -0.08,
        "Total Revenue": 2,
        "Gross Profit": 1,
        "Operating Income": -1,
        "EBIT": -1,
        "Net Income": -1
    },
    "2019-03-31": {
        "Diluted EPS": -0.94,
        "Total Revenue": 1,
        "Gross Profit": 0,
        "Operating Income": -3,
        "EBIT": -3,
        "Net Income": -14
    },
    "2018-12-31": {
        "Diluted EPS": -0.71,
        "Total Revenue": 2,
        "Gross Profit": 0,
        "Operating Income": -10,
        "EBIT": -9,
        "Net Income": -11
    },
    "2018-09-30": {
        "Diluted EPS": -0.46,
        "Total Revenue": 2,
        "Gross Profit": 0,
        "Operating Income": -6,
        "EBIT": -6,
        "Net Income": -6
    },
    "2018-06-30": {
        "Diluted EPS": -1.81,
        "Total Revenue": 3,
        "Gross Profit": 1,
        "Operating Income": -24,
        "EBIT": -21,
        "Net Income": -24
    },
    "2018-03-31": {
        "Diluted EPS": -1.35,
        "Total Revenue": 1,
        "Gross Profit": 1,
        "Operating Income": -19,
        "EBIT": -17,
        "Net Income": -16
    },
    "2017-12-31": {
        "Diluted EPS": -1.11,
        "Total Revenue": 0,
        "Gross Profit": 0,
        "Operating Income": -10,
        "EBIT": -10,
        "Net Income": -9
    },
    "2017-09-30": {
        "Diluted EPS": -0.98,
        "Total Revenue": 0,
        "Gross Profit": 0,
        "Operating Income": -1,
        "EBIT": 4,
        "Net Income": -5
    },
    "2017-06-30": {
        "Diluted EPS": -0.26,
        "Total Revenue": 0,
        "Gross Profit": 0,
        "Operating Income": -1,
        "EBIT": -1,
        "Net Income": -1
    },
    "2017-03-31": {
        "Diluted EPS": -0.95,
        "Total Revenue": 0,
        "Gross Profit": 0,
        "Operating Income": -1,
        "EBIT": -1,
        "Net Income": -4
    },
    "2016-12-31": {
        "Diluted EPS": -0.54,
        "Total Revenue": 0,
        "Gross Profit": 0,
        "Operating Income": -1,
        "EBIT": -1,
        "Net Income": -2
    },
    "2016-09-30": {
        "Diluted EPS": -0.43,
        "Total Revenue": 0,
        "Gross Profit": 0,
        "Operating Income": -2,
        "EBIT": -2,
        "Net Income": -2
    },
    "2016-06-30": {
        "Diluted EPS": -0.22,
        "Total Revenue": 0,
        "Gross Profit": 0,
        "Operating Income": -1,
        "EBIT": -1,
        "Net Income": -1
    },
    "2016-03-31": {
        "Diluted EPS": 0.14,
        "Total Revenue": 0,
        "Gross Profit": 0,
        "Operating Income": -1,
        "EBIT": -1,
        "Net Income": 1
    },
    "2015-12-31": {
        "Diluted EPS": -0.77,
        "Total Revenue": 0,
        "Gross Profit": 0,
        "Operating Income": -3,
        "EBIT": -3,
        "Net Income": -3
    },
    "2015-09-30": {
        "Diluted EPS": -0.41,
        "Total Revenue": 0,
        "Gross Profit": 0,
        "Operating Income": -2,
        "EBIT": -2,
        "Net Income": -2
    },
    "2015-06-30": {
        "Diluted EPS": -0.52,
        "Total Revenue": 0,
        "Gross Profit": 0,
        "Operating Income": -2,
        "EBIT": -2,
        "Net Income": -2
    },
    "2015-03-31": {
        "Diluted EPS": -0.56,
        "Total Revenue": 0,
        "Gross Profit": 0,
        "Operating Income": -2,
        "EBIT": -2,
        "Net Income": -2
    },
    "2014-12-31": {
        "Diluted EPS": -0.48,
        "Total Revenue": 0,
        "Gross Profit": 0,
        "Operating Income": -2,
        "EBIT": -2,
        "Net Income": -2
    },
    "2014-09-30": {
        "Diluted EPS": -0.64,
        "Total Revenue": 0,
        "Gross Profit": 0,
        "Operating Income": -3,
        "EBIT": -3,
        "Net Income": -3
    },
    "2014-06-30": {
        "Diluted EPS": -0.64,
        "Total Revenue": 0,
        "Gross Profit": 0,
        "Operating Income": -3,
        "EBIT": -3,
        "Net Income": -3
    },
    "2014-03-31": {
        "Diluted EPS": -1.12,
        "Total Revenue": 0,
        "Gross Profit": 0,
        "Operating Income": -3,
        "EBIT": -3,
        "Net Income": -3
    },
    "2013-12-31": {
        "Diluted EPS": -0.72,
        "Total Revenue": 0,
        "Gross Profit": 0,
        "Operating Income": -3,
        "EBIT": -3,
        "Net Income": -3
    },
    "2013-09-30": {
        "Diluted EPS": -1.12,
        "Total Revenue": 0,
        "Gross Profit": 0,
        "Operating Income": -3,
        "EBIT": -3,
        "Net Income": -3
    },
    "2013-06-30": {
        "Diluted EPS": -1.68,
        "Total Revenue": 0,
        "Gross Profit": 0,
        "Operating Income": -3,
        "EBIT": -3,
        "Net Income": -3
    },
    "2013-03-31": {
        "Diluted EPS": -2.24,
        "Total Revenue": 0,
        "Gross Profit": 0,
        "Operating Income": -3,
        "EBIT": -3,
        "Net Income": -3
    },
    "2012-12-31": {
        "Diluted EPS": 7.04,
        "Total Revenue": 0,
        "Gross Profit": 0,
        "Operating Income": -2,
        "EBIT": -2,
        "Net Income": -3
    },
    "2012-09-30": {
        "Diluted EPS": -2.56,
        "Total Revenue": 0,
        "Gross Profit": 0,
        "Operating Income": -2,
        "EBIT": -2,
        "Net Income": -2
    },
    "2012-06-30": {
        "Diluted EPS": -9.52,
        "Total Revenue": 0,
        "Gross Profit": 0,
        "Operating Income": -2,
        "EBIT": -2,
        "Net Income": -2
    },
    "2012-03-31": {
        "Diluted EPS": -9.68,
        "Total Revenue": 0,
        "Gross Profit": 0,
        "Operating Income": -2,
        "EBIT": -2,
        "Net Income": -2
    },
    "2011-12-31": {
        "Diluted EPS": -9.12,
        "Total Revenue": 0,
        "Gross Profit": 0,
        "Operating Income": -2,
        "EBIT": -2,
        "Net Income": -2
    },
    "2011-09-30": {
        "Diluted EPS": -18.32,
        "Total Revenue": 0,
        "Gross Profit": 0,
        "Operating Income": -3,
        "EBIT": -3,
        "Net Income": -3
    },
    "2011-06-30": {
        "Diluted EPS": -16.64,
        "Total Revenue": 0,
        "Gross Profit": 0,
        "Operating Income": -3,
        "EBIT": -3,
        "Net Income": -3
    },
    "2011-03-31": {
        "Diluted EPS": -16.8,
        "Total Revenue": 0,
        "Gross Profit": 0,
        "Operating Income": -3,
        "EBIT": -3,
        "Net Income": -3
    },
    "2010-12-31": {
        "Diluted EPS": -18.01,
        "Total Revenue": 0,
        "Gross Profit": 0,
        "Operating Income": -3,
        "EBIT": -3,
        "Net Income": -3
    },
    "2010-09-30": {
        "Diluted EPS": -18.24,
        "Total Revenue": 0,
        "Gross Profit": 0,
        "Operating Income": -3,
        "EBIT": -3,
        "Net Income": -3
    },
    "2010-06-30": {
        "Diluted EPS": -21.12,
        "Total Revenue": 0,
        "Gross Profit": 0,
        "Operating Income": -3,
        "EBIT": -3,
        "Net Income": -3
    },
    "2010-03-31": {
        "Diluted EPS": -24.0,
        "Total Revenue": 0,
        "Gross Profit": 0,
        "Operating Income": -4,
        "EBIT": -4,
        "Net Income": -4
    },
    "2009-12-31": {
        "Diluted EPS": -33.11,
        "Total Revenue": 0,
        "Gross Profit": 0,
        "Operating Income": -5,
        "EBIT": -5,
        "Net Income": -5
    },
    "2009-09-30": {
        "Diluted EPS": -28.79,
        "Total Revenue": 0,
        "Gross Profit": 0,
        "Operating Income": -4,
        "EBIT": -4,
        "Net Income": -4
    },
    "2009-06-30": {
        "Diluted EPS": -28.79,
        "Total Revenue": 0,
        "Gross Profit": 0,
        "Operating Income": -4,
        "EBIT": -4,
        "Net Income": -4
    },
    "2009-03-31": {
        "Diluted EPS": -21.6,
        "Total Revenue": 0,
        "Gross Profit": 0,
        "Operating Income": -3,
        "EBIT": -3,
        "Net Income": -3
    },
    "2023-06-30": {
        "Tax Effect Of Unusual Items": NaN,
        "Tax Rate For Calcs": NaN,
        "Normalized EBITDA": NaN,
        "Total Unusual Items": NaN,
        "Total Unusual Items Excluding Goodwill": NaN,
        "Net Income From Continuing Operation Net Minority Interest": NaN,
        "Reconciled Depreciation": NaN,
        "Reconciled Cost Of Revenue": NaN,
        "EBITDA": NaN,
        "EBIT": NaN,
        "Net Interest Income": NaN,
        "Interest Income": NaN,
        "Normalized Income": NaN,
        "Net Income From Continuing And Discontinued Operation": NaN,
        "Total Expenses": NaN,
        "Total Operating Income As Reported": NaN,
        "Diluted Average Shares": 167342813.0,
        "Basic Average Shares": 167342813.0,
        "Diluted EPS": -0.16,
        "Basic EPS": -0.16,
        "Diluted NI Availto Com Stockholders": NaN,
        "Net Income Common Stockholders": NaN,
        "Net Income": NaN,
        "Net Income Including Noncontrolling Interests": NaN,
        "Net Income Continuous Operations": NaN,
        "Tax Provision": NaN,
        "Pretax Income": NaN,
        "Other Income Expense": NaN,
        "Other Non Operating Income Expenses": NaN,
        "Special Income Charges": NaN,
        "Gain On Sale Of Ppe": NaN,
        "Other Special Charges": 30000.0,
        "Write Off": 5638000.0,
        "Impairment Of Capital Assets": 0.0,
        "Restructuring And Mergern Acquisition": 30000.0,
        "Gain On Sale Of Security": NaN,
        "Net Non Operating Interest Income Expense": NaN,
        "Interest Income Non Operating": NaN,
        "Operating Income": NaN,
        "Operating Expense": NaN,
        "Other Operating Expenses": NaN,
        "Depreciation Amortization Depletion Income Statement": NaN,
        "Depreciation And Amortization In Income Statement": NaN,
        "Selling General And Administration": NaN,
        "Gross Profit": NaN,
        "Cost Of Revenue": NaN,
        "Total Revenue": NaN,
        "Operating Revenue": NaN
    },
    "2023-09-30": {
        "Tax Effect Of Unusual Items": NaN,
        "Tax Rate For Calcs": NaN,
        "Normalized EBITDA": NaN,
        "Total Unusual Items": NaN,
        "Total Unusual Items Excluding Goodwill": NaN,
        "Net Income From Continuing Operation Net Minority Interest": NaN,
        "Reconciled Depreciation": NaN,
        "Reconciled Cost Of Revenue": NaN,
        "EBITDA": NaN,
        "EBIT": NaN,
        "Net Interest Income": NaN,
        "Interest Expense": NaN,
        "Interest Income": NaN,
        "Normalized Income": NaN,
        "Net Income From Continuing And Discontinued Operation": NaN,
        "Total Expenses": NaN,
        "Total Operating Income As Reported": NaN,
        "Diluted Average Shares": 180952689.0,
        "Basic Average Shares": 180952689.0,
        "Diluted EPS": -0.44,
        "Basic EPS": -0.44,
        "Diluted NI Availto Com Stockholders": NaN,
        "Net Income Common Stockholders": NaN,
        "Net Income": NaN,
        "Net Income Including Noncontrolling Interests": NaN,
        "Net Income Continuous Operations": NaN,
        "Tax Provision": NaN,
        "Pretax Income": NaN,
        "Other Income Expense": NaN,
        "Other Non Operating Income Expenses": NaN,
        "Special Income Charges": NaN,
        "Gain On Sale Of Ppe": NaN,
        "Other Special Charges": NaN,
        "Write Off": 4041000.0,
        "Impairment Of Capital Assets": 0.0,
        "Restructuring And Mergern Acquisition": NaN,
        "Gain On Sale Of Security": NaN,
        "Net Non Operating Interest Income Expense": NaN,
        "Interest Expense Non Operating": NaN,
        "Interest Income Non Operating": NaN,
        "Operating Income": NaN,
        "Operating Expense": NaN,
        "Other Operating Expenses": NaN,
        "Depreciation Amortization Depletion Income Statement": NaN,
        "Depreciation And Amortization In Income Statement": NaN,
        "Selling General And Administration": NaN,
        "Gross Profit": NaN,
        "Cost Of Revenue": NaN,
        "Total Revenue": NaN,
        "Operating Revenue": NaN
    },
    "2023-12-31": {
        "Tax Effect Of Unusual Items": NaN,
        "Tax Rate For Calcs": NaN,
        "Normalized EBITDA": NaN,
        "Total Unusual Items": NaN,
        "Total Unusual Items Excluding Goodwill": NaN,
        "Net Income From Continuing Operation Net Minority Interest": NaN,
        "Reconciled Depreciation": NaN,
        "Reconciled Cost Of Revenue": NaN,
        "EBITDA": NaN,
        "EBIT": NaN,
        "Net Interest Income": NaN,
        "Interest Expense": NaN,
        "Interest Income": NaN,
        "Normalized Income": NaN,
        "Net Income From Continuing And Discontinued Operation": NaN,
        "Total Expenses": NaN,
        "Total Operating Income As Reported": NaN,
        "Diluted Average Shares": NaN,
        "Basic Average Shares": NaN,
        "Diluted EPS": NaN,
        "Basic EPS": NaN,
        "Diluted NI Availto Com Stockholders": NaN,
        "Net Income Common Stockholders": NaN,
        "Net Income": NaN,
        "Net Income Including Noncontrolling Interests": NaN,
        "Net Income Continuous Operations": NaN,
        "Tax Provision": NaN,
        "Pretax Income": NaN,
        "Other Income Expense": NaN,
        "Other Non Operating Income Expenses": NaN,
        "Special Income Charges": NaN,
        "Gain On Sale Of Ppe": NaN,
        "Other Special Charges": -7500000.0,
        "Write Off": -14151000.0,
        "Impairment Of Capital Assets": 0.0,
        "Restructuring And Mergern Acquisition": NaN,
        "Gain On Sale Of Security": NaN,
        "Net Non Operating Interest Income Expense": NaN,
        "Interest Expense Non Operating": NaN,
        "Interest Income Non Operating": NaN,
        "Operating Income": NaN,
        "Operating Expense": NaN,
        "Other Operating Expenses": NaN,
        "Depreciation Amortization Depletion Income Statement": NaN,
        "Depreciation And Amortization In Income Statement": NaN,
        "Selling General And Administration": NaN,
        "Gross Profit": NaN,
        "Cost Of Revenue": NaN,
        "Total Revenue": NaN,
        "Operating Revenue": NaN
    },
    "2024-03-31": {
        "Tax Effect Of Unusual Items": NaN,
        "Tax Rate For Calcs": NaN,
        "Normalized EBITDA": NaN,
        "Total Unusual Items": NaN,
        "Total Unusual Items Excluding Goodwill": NaN,
        "Net Income From Continuing Operation Net Minority Interest": NaN,
        "Reconciled Depreciation": NaN,
        "Reconciled Cost Of Revenue": NaN,
        "EBITDA": NaN,
        "EBIT": NaN,
        "Net Interest Income": NaN,
        "Interest Expense": 384000.0,
        "Interest Income": NaN,
        "Normalized Income": NaN,
        "Net Income From Continuing And Discontinued Operation": NaN,
        "Total Expenses": NaN,
        "Total Operating Income As Reported": NaN,
        "Diluted Average Shares": 262358332.0,
        "Basic Average Shares": 259506242.0,
        "Diluted EPS": 0.81,
        "Basic EPS": 0.82,
        "Diluted NI Availto Com Stockholders": NaN,
        "Net Income Common Stockholders": NaN,
        "Net Income": NaN,
        "Net Income Including Noncontrolling Interests": NaN,
        "Net Income Continuous Operations": NaN,
        "Tax Provision": NaN,
        "Pretax Income": NaN,
        "Other Income Expense": NaN,
        "Other Non Operating Income Expenses": NaN,
        "Special Income Charges": NaN,
        "Gain On Sale Of Ppe": NaN,
        "Other Special Charges": -2300000.0,
        "Write Off": NaN,
        "Impairment Of Capital Assets": NaN,
        "Restructuring And Mergern Acquisition": NaN,
        "Gain On Sale Of Security": NaN,
        "Net Non Operating Interest Income Expense": NaN,
        "Interest Expense Non Operating": 384000.0,
        "Interest Income Non Operating": NaN,
        "Operating Income": NaN,
        "Operating Expense": NaN,
        "Other Operating Expenses": NaN,
        "Depreciation Amortization Depletion Income Statement": NaN,
        "Depreciation And Amortization In Income Statement": NaN,
        "Selling General And Administration": NaN,
        "Gross Profit": NaN,
        "Cost Of Revenue": NaN,
        "Total Revenue": NaN,
        "Operating Revenue": NaN
    },
    "2024-06-30": {
        "Tax Effect Of Unusual Items": -5110980.0,
        "Tax Rate For Calcs": 0.21,
        "Normalized EBITDA": -22416000.0,
        "Total Unusual Items": -24338000.0,
        "Total Unusual Items Excluding Goodwill": -24338000.0,
        "Net Income From Continuing Operation Net Minority Interest": -84449000.0,
        "Reconciled Depreciation": 37326000.0,
        "Reconciled Cost Of Revenue": 53641000.0,
        "EBITDA": -46754000.0,
        "EBIT": -84080000.0,
        "Net Interest Income": 8152000.0,
        "Interest Expense": 314000.0,
        "Interest Income": 8466000.0,
        "Normalized Income": -65221980.0,
        "Net Income From Continuing And Discontinued Operation": -84449000.0,
        "Total Expenses": 138259000.0,
        "Total Operating Income As Reported": -117041000.0,
        "Diluted Average Shares": 264625308.0,
        "Basic Average Shares": 264625308.0,
        "Diluted EPS": -0.32,
        "Basic EPS": -0.32,
        "Diluted NI Availto Com Stockholders": -84449000.0,
        "Net Income Common Stockholders": -84449000.0,
        "Net Income": -84449000.0,
        "Net Income Including Noncontrolling Interests": -84449000.0,
        "Net Income Continuous Operations": -84449000.0,
        "Tax Provision": 55000.0,
        "Pretax Income": -84394000.0,
        "Other Income Expense": -24305000.0,
        "Other Non Operating Income Expenses": 33000.0,
        "Special Income Charges": 119000.0,
        "Gain On Sale Of Ppe": -68000.0,
        "Other Special Charges": -187000.0,
        "Write Off": NaN,
        "Impairment Of Capital Assets": NaN,
        "Restructuring And Mergern Acquisition": 0.0,
        "Gain On Sale Of Security": -24457000.0,
        "Net Non Operating Interest Income Expense": 8152000.0,
        "Interest Expense Non Operating": 314000.0,
        "Interest Income Non Operating": 8466000.0,
        "Operating Income": -68241000.0,
        "Operating Expense": 84618000.0,
        "Other Operating Expenses": -13897000.0,
        "Depreciation Amortization Depletion Income Statement": 37326000.0,
        "Depreciation And Amortization In Income Statement": 37326000.0,
        "Selling General And Administration": 61189000.0,
        "Gross Profit": 16377000.0,
        "Cost Of Revenue": 53641000.0,
        "Total Revenue": 70018000.0,
        "Operating Revenue": 65391000.0
    },
    "2024-09-30": {
        "Tax Effect Of Unusual Items": -11954250.0,
        "Tax Rate For Calcs": 0.21,
        "Normalized EBITDA": 14255000.0,
        "Total Unusual Items": -56925000.0,
        "Total Unusual Items Excluding Goodwill": -56925000.0,
        "Net Income From Continuing Operation Net Minority Interest": -154362000.0,
        "Reconciled Depreciation": 60000000.0,
        "Reconciled Cost Of Revenue": 72937000.0,
        "EBITDA": -42670000.0,
        "EBIT": -102670000.0,
        "Net Interest Income": 5175000.0,
        "Interest Expense": NaN,
        "Interest Income": 5175000.0,
        "Normalized Income": -109391250.0,
        "Net Income From Continuing And Discontinued Operation": -154362000.0,
        "Total Expenses": 187456000.0,
        "Total Operating Income As Reported": -121513000.0,
        "Diluted Average Shares": 286243674.0,
        "Basic Average Shares": 286243674.0,
        "Diluted EPS": -0.54,
        "Basic EPS": -0.54,
        "Diluted NI Availto Com Stockholders": -154362000.0,
        "Net Income Common Stockholders": -154362000.0,
        "Net Income": -154362000.0,
        "Net Income Including Noncontrolling Interests": -154362000.0,
        "Net Income Continuous Operations": -154362000.0,
        "Tax Provision": 32000.0,
        "Pretax Income": -154330000.0,
        "Other Income Expense": -56835000.0,
        "Other Non Operating Income Expenses": 90000.0,
        "Special Income Charges": -3079000.0,
        "Gain On Sale Of Ppe": 0.0,
        "Other Special Charges": NaN,
        "Write Off": NaN,
        "Impairment Of Capital Assets": NaN,
        "Restructuring And Mergern Acquisition": 3079000.0,
        "Gain On Sale Of Security": -53846000.0,
        "Net Non Operating Interest Income Expense": 5175000.0,
        "Interest Expense Non Operating": NaN,
        "Interest Income Non Operating": 5175000.0,
        "Operating Income": -102670000.0,
        "Operating Expense": 114519000.0,
        "Other Operating Expenses": -12417000.0,
        "Depreciation Amortization Depletion Income Statement": 60000000.0,
        "Depreciation And Amortization In Income Statement": 60000000.0,
        "Selling General And Administration": 66936000.0,
        "Gross Profit": 11849000.0,
        "Cost Of Revenue": 72937000.0,
        "Total Revenue": 84786000.0,
        "Operating Revenue": 80129000.0
    },
    "2024-12-31": {
        "Tax Effect Of Unusual Items": 1189153.755269,
        "Tax Rate For Calcs": 0.004952,
        "Normalized EBITDA": 177963000.0,
        "Total Unusual Items": 240132000.0,
        "Total Unusual Items Excluding Goodwill": 240132000.0,
        "Net Income From Continuing Operation Net Minority Interest": 136435000.0,
        "Reconciled Depreciation": 82384000.0,
        "Reconciled Cost Of Revenue": 89075000.0,
        "EBITDA": 418095000.0,
        "EBIT": 335711000.0,
        "Net Interest Income": 4049000.0,
        "Interest Expense": NaN,
        "Interest Income": 6034000.0,
        "Normalized Income": -102507846.244731,
        "Net Income From Continuing And Discontinued Operation": 136435000.0,
        "Total Expenses": 250357000.0,
        "Total Operating Income As Reported": 188202000.0,
        "Diluted Average Shares": NaN,
        "Basic Average Shares": NaN,
        "Diluted EPS": NaN,
        "Basic EPS": NaN,
        "Diluted NI Availto Com Stockholders": 136435000.0,
        "Net Income Common Stockholders": 136435000.0,
        "Net Income": 136435000.0,
        "Net Income Including Noncontrolling Interests": 136435000.0,
        "Net Income Continuous Operations": 136435000.0,
        "Tax Provision": 679000.0,
        "Pretax Income": 137114000.0,
        "Other Income Expense": 240864000.0,
        "Other Non Operating Income Expenses": 732000.0,
        "Special Income Charges": -17056000.0,
        "Gain On Sale Of Ppe": -17361000.0,
        "Other Special Charges": -308000.0,
        "Write Off": NaN,
        "Impairment Of Capital Assets": NaN,
        "Restructuring And Mergern Acquisition": 3000.0,
        "Gain On Sale Of Security": 257188000.0,
        "Net Non Operating Interest Income Expense": 4049000.0,
        "Interest Expense Non Operating": NaN,
        "Interest Income Non Operating": 6034000.0,
        "Operating Income": -107799000.0,
        "Operating Expense": 161282000.0,
        "Other Operating Expenses": -2240000.0,
        "Depreciation Amortization Depletion Income Statement": 82384000.0,
        "Depreciation And Amortization In Income Statement": 82384000.0,
        "Selling General And Administration": 81138000.0,
        "Gross Profit": 53483000.0,
        "Cost Of Revenue": 89075000.0,
        "Total Revenue": 142558000.0,
        "Operating Revenue": 137902000.0
    },
    "2025-03-31": {
        "Tax Effect Of Unusual Items": -46480770.0,
        "Tax Rate For Calcs": 0.21,
        "Normalized EBITDA": 5641000.0,
        "Total Unusual Items": -221337000.0,
        "Total Unusual Items Excluding Goodwill": -221337000.0,
        "Net Income From Continuing Operation Net Minority Interest": -296367000.0,
        "Reconciled Depreciation": 77926000.0,
        "Reconciled Cost Of Revenue": 95589000.0,
        "EBITDA": -215696000.0,
        "EBIT": -293622000.0,
        "Net Interest Income": 1089000.0,
        "Interest Expense": 2308000.0,
        "Interest Income": 3397000.0,
        "Normalized Income": -121510770.0,
        "Net Income From Continuing And Discontinued Operation": -296367000.0,
        "Total Expenses": 237162000.0,
        "Total Operating Income As Reported": -233874000.0,
        "Diluted Average Shares": 329508458.0,
        "Basic Average Shares": 329508458.0,
        "Diluted EPS": -0.9,
        "Basic EPS": -0.9,
        "Diluted NI Availto Com Stockholders": -296367000.0,
        "Net Income Common Stockholders": -296367000.0,
        "Net Income": -296367000.0,
        "Net Income Including Noncontrolling Interests": -296367000.0,
        "Net Income Continuous Operations": -296367000.0,
        "Tax Provision": 437000.0,
        "Pretax Income": -295930000.0,
        "Other Income Expense": -221244000.0,
        "Other Non Operating Income Expenses": 93000.0,
        "Special Income Charges": 8047000.0,
        "Gain On Sale Of Ppe": -129000.0,
        "Other Special Charges": NaN,
        "Write Off": NaN,
        "Impairment Of Capital Assets": NaN,
        "Restructuring And Mergern Acquisition": -8176000.0,
        "Gain On Sale Of Security": -229384000.0,
        "Net Non Operating Interest Income Expense": 1089000.0,
        "Interest Expense Non Operating": 2308000.0,
        "Interest Income Non Operating": 3397000.0,
        "Operating Income": -75775000.0,
        "Operating Expense": 141573000.0,
        "Other Operating Expenses": -7801000.0,
        "Depreciation Amortization Depletion Income Statement": 77926000.0,
        "Depreciation And Amortization In Income Statement": 77926000.0,
        "Selling General And Administration": 71448000.0,
        "Gross Profit": 65798000.0,
        "Cost Of Revenue": 95589000.0,
        "Total Revenue": 161387000.0,
        "Operating Revenue": 156779000.0
    },
    "2025-06-30": {
        "Tax Effect Of Unusual Items": 453012.276247,
        "Tax Rate For Calcs": 0.001456,
        "Normalized EBITDA": -2062000.0,
        "Total Unusual Items": 311126000.0,
        "Total Unusual Items Excluding Goodwill": 311126000.0,
        "Net Income From Continuing Operation Net Minority Interest": 219454000.0,
        "Reconciled Depreciation": 83197000.0,
        "Reconciled Cost Of Revenue": 91039000.0,
        "EBITDA": 309064000.0,
        "EBIT": 225867000.0,
        "Net Interest Income": -2759000.0,
        "Interest Expense": 6093000.0,
        "Interest Income": 3334000.0,
        "Normalized Income": -91218987.723753,
        "Net Income From Continuing And Discontinued Operation": 219454000.0,
        "Total Expenses": 241825000.0,
        "Total Operating Income As Reported": 216146000.0,
        "Diluted Average Shares": 382677364.0,
        "Basic Average Shares": 336278380.0,
        "Diluted EPS": 0.58,
        "Basic EPS": 0.65,
        "Diluted NI Availto Com Stockholders": 219454000.0,
        "Net Income Common Stockholders": 219454000.0,
        "Net Income": 219454000.0,
        "Net Income Including Noncontrolling Interests": 219454000.0,
        "Net Income Continuous Operations": 219454000.0,
        "Tax Provision": 320000.0,
        "Pretax Income": 219774000.0,
        "Other Income Expense": 311370000.0,
        "Other Non Operating Income Expenses": 244000.0,
        "Special Income Charges": -123082000.0,
        "Gain On Sale Of Ppe": -350000.0,
        "Other Special Charges": 132011000.0,
        "Write Off": NaN,
        "Impairment Of Capital Assets": NaN,
        "Restructuring And Mergern Acquisition": -9279000.0,
        "Gain On Sale Of Security": 434208000.0,
        "Net Non Operating Interest Income Expense": -2759000.0,
        "Interest Expense Non Operating": 6093000.0,
        "Interest Income Non Operating": 3334000.0,
        "Operating Income": -88837000.0,
        "Operating Expense": 150786000.0,
        "Other Operating Expenses": -8313000.0,
        "Depreciation Amortization Depletion Income Statement": 83197000.0,
        "Depreciation And Amortization In Income Statement": 83197000.0,
        "Selling General And Administration": 75902000.0,
        "Gross Profit": 61949000.0,
        "Cost Of Revenue": 91039000.0,
        "Total Revenue": 152988000.0,
        "Operating Revenue": 151465000.0
    }
}