{
    "2023-12-31": {
        "Tax Effect Of Unusual Items": NaN,
        "Tax Rate For Calcs": NaN,
        "Normalized EBITDA": NaN,
        "Total Unusual Items": NaN,
        "Total Unusual Items Excluding Goodwill": NaN,
        "Net Income From Continuing Operation Net Minority Interest": NaN,
        "Reconciled Depreciation": NaN,
        "Reconciled Cost Of Revenue": NaN,
        "EBITDA": NaN,
        "EBIT": NaN,
        "Net Interest Income": NaN,
        "Interest Expense": NaN,
        "Interest Income": NaN,
        "Normalized Income": NaN,
        "Net Income From Continuing And Discontinued Operation": NaN,
        "Total Expenses": NaN,
        "Total Operating Income As Reported": NaN,
        "Diluted Average Shares": NaN,
        "Basic Average Shares": NaN,
        "Diluted EPS": NaN,
        "Basic EPS": NaN,
        "Diluted NI Availto Com Stockholders": NaN,
        "Net Income Common Stockholders": NaN,
        "Net Income": NaN,
        "Minority Interests": NaN,
        "Net Income Including Noncontrolling Interests": NaN,
        "Net Income Continuous Operations": NaN,
        "Tax Provision": NaN,
        "Pretax Income": NaN,
        "Other Income Expense": NaN,
        "Other Non Operating Income Expenses": NaN,
        "Special Income Charges": NaN,
        "Other Special Charges": 76000.0,
        "Restructuring And Mergern Acquisition": NaN,
        "Gain On Sale Of Security": NaN,
        "Net Non Operating Interest Income Expense": NaN,
        "Interest Expense Non Operating": NaN,
        "Interest Income Non Operating": NaN,
        "Operating Income": NaN,
        "Operating Expense": NaN,
        "Selling General And Administration": NaN,
        "Selling And Marketing Expense": NaN,
        "General And Administrative Expense": NaN,
        "Other Gand A": NaN,
        "Gross Profit": NaN,
        "Cost Of Revenue": NaN,
        "Total Revenue": NaN,
        "Operating Revenue": NaN
    },
    "2023-09-30": {
        "Tax Effect Of Unusual Items": NaN,
        "Tax Rate For Calcs": NaN,
        "Normalized EBITDA": NaN,
        "Total Unusual Items": NaN,
        "Total Unusual Items Excluding Goodwill": NaN,
        "Net Income From Continuing Operation Net Minority Interest": NaN,
        "Reconciled Depreciation": NaN,
        "Reconciled Cost Of Revenue": NaN,
        "EBITDA": NaN,
        "EBIT": NaN,
        "Net Interest Income": NaN,
        "Interest Expense": NaN,
        "Interest Income": NaN,
        "Normalized Income": NaN,
        "Net Income From Continuing And Discontinued Operation": NaN,
        "Total Expenses": NaN,
        "Total Operating Income As Reported": NaN,
        "Diluted Average Shares": 49076185.0,
        "Basic Average Shares": 47297957.0,
        "Diluted EPS": 0.05,
        "Basic EPS": 0.06,
        "Diluted NI Availto Com Stockholders": NaN,
        "Net Income Common Stockholders": NaN,
        "Net Income": NaN,
        "Minority Interests": NaN,
        "Net Income Including Noncontrolling Interests": NaN,
        "Net Income Continuous Operations": NaN,
        "Tax Provision": NaN,
        "Pretax Income": NaN,
        "Other Income Expense": NaN,
        "Other Non Operating Income Expenses": NaN,
        "Special Income Charges": NaN,
        "Other Special Charges": NaN,
        "Restructuring And Mergern Acquisition": NaN,
        "Gain On Sale Of Security": NaN,
        "Net Non Operating Interest Income Expense": NaN,
        "Interest Expense Non Operating": NaN,
        "Interest Income Non Operating": NaN,
        "Operating Income": NaN,
        "Operating Expense": NaN,
        "Selling General And Administration": NaN,
        "Selling And Marketing Expense": NaN,
        "General And Administrative Expense": NaN,
        "Other Gand A": NaN,
        "Gross Profit": NaN,
        "Cost Of Revenue": NaN,
        "Total Revenue": NaN,
        "Operating Revenue": NaN
    },
    "2023-06-30": {
        "Tax Effect Of Unusual Items": NaN,
        "Tax Rate For Calcs": NaN,
        "Normalized EBITDA": NaN,
        "Total Unusual Items": NaN,
        "Total Unusual Items Excluding Goodwill": NaN,
        "Net Income From Continuing Operation Net Minority Interest": NaN,
        "Reconciled Depreciation": NaN,
        "Reconciled Cost Of Revenue": NaN,
        "EBITDA": NaN,
        "EBIT": NaN,
        "Net Interest Income": NaN,
        "Interest Expense": NaN,
        "Interest Income": NaN,
        "Normalized Income": NaN,
        "Net Income From Continuing And Discontinued Operation": NaN,
        "Total Expenses": NaN,
        "Total Operating Income As Reported": NaN,
        "Diluted Average Shares": NaN,
        "Basic Average Shares": NaN,
        "Diluted EPS": NaN,
        "Basic EPS": NaN,
        "Diluted NI Availto Com Stockholders": NaN,
        "Net Income Common Stockholders": NaN,
        "Net Income": NaN,
        "Minority Interests": NaN,
        "Net Income Including Noncontrolling Interests": NaN,
        "Net Income Continuous Operations": NaN,
        "Tax Provision": NaN,
        "Pretax Income": NaN,
        "Other Income Expense": NaN,
        "Other Non Operating Income Expenses": NaN,
        "Special Income Charges": NaN,
        "Other Special Charges": 0.0,
        "Restructuring And Mergern Acquisition": NaN,
        "Gain On Sale Of Security": NaN,
        "Net Non Operating Interest Income Expense": NaN,
        "Interest Expense Non Operating": NaN,
        "Interest Income Non Operating": NaN,
        "Operating Income": NaN,
        "Operating Expense": NaN,
        "Selling General And Administration": NaN,
        "Selling And Marketing Expense": NaN,
        "General And Administrative Expense": NaN,
        "Other Gand A": NaN,
        "Gross Profit": NaN,
        "Cost Of Revenue": NaN,
        "Total Revenue": NaN,
        "Operating Revenue": NaN
    },
    "2023-03-31": {
        "Tax Effect Of Unusual Items": NaN,
        "Tax Rate For Calcs": NaN,
        "Normalized EBITDA": NaN,
        "Total Unusual Items": NaN,
        "Total Unusual Items Excluding Goodwill": NaN,
        "Net Income From Continuing Operation Net Minority Interest": NaN,
        "Reconciled Depreciation": NaN,
        "Reconciled Cost Of Revenue": NaN,
        "EBITDA": NaN,
        "EBIT": NaN,
        "Net Interest Income": NaN,
        "Interest Expense": NaN,
        "Interest Income": NaN,
        "Normalized Income": NaN,
        "Net Income From Continuing And Discontinued Operation": NaN,
        "Total Expenses": NaN,
        "Total Operating Income As Reported": NaN,
        "Diluted Average Shares": 49304991.0,
        "Basic Average Shares": 48180834.0,
        "Diluted EPS": 0.08,
        "Basic EPS": 0.09,
        "Diluted NI Availto Com Stockholders": NaN,
        "Net Income Common Stockholders": NaN,
        "Net Income": NaN,
        "Minority Interests": NaN,
        "Net Income Including Noncontrolling Interests": NaN,
        "Net Income Continuous Operations": NaN,
        "Tax Provision": NaN,
        "Pretax Income": NaN,
        "Other Income Expense": NaN,
        "Other Non Operating Income Expenses": NaN,
        "Special Income Charges": NaN,
        "Restructuring And Mergern Acquisition": NaN,
        "Gain On Sale Of Security": NaN,
        "Net Non Operating Interest Income Expense": NaN,
        "Interest Expense Non Operating": NaN,
        "Interest Income Non Operating": NaN,
        "Operating Income": NaN,
        "Operating Expense": NaN,
        "Selling General And Administration": NaN,
        "Selling And Marketing Expense": NaN,
        "General And Administrative Expense": NaN,
        "Other Gand A": NaN,
        "Gross Profit": NaN,
        "Cost Of Revenue": NaN,
        "Total Revenue": NaN,
        "Operating Revenue": NaN
    },
    "2024-03-31": {
        "Tax Effect Of Unusual Items": NaN,
        "Tax Rate For Calcs": NaN,
        "Normalized EBITDA": NaN,
        "Total Unusual Items": NaN,
        "Total Unusual Items Excluding Goodwill": NaN,
        "Net Income From Continuing Operation Net Minority Interest": NaN,
        "Reconciled Depreciation": NaN,
        "Reconciled Cost Of Revenue": NaN,
        "EBITDA": NaN,
        "EBIT": NaN,
        "Net Interest Income": NaN,
        "Interest Expense": NaN,
        "Interest Income": NaN,
        "Normalized Income": NaN,
        "Net Income From Continuing And Discontinued Operation": NaN,
        "Total Expenses": NaN,
        "Total Operating Income As Reported": NaN,
        "Diluted Average Shares": 46963845.0,
        "Basic Average Shares": 46963845.0,
        "Diluted EPS": -0.02,
        "Basic EPS": -0.02,
        "Diluted NI Availto Com Stockholders": NaN,
        "Net Income Common Stockholders": NaN,
        "Net Income": NaN,
        "Minority Interests": NaN,
        "Net Income Including Noncontrolling Interests": NaN,
        "Net Income Continuous Operations": NaN,
        "Tax Provision": NaN,
        "Pretax Income": NaN,
        "Other Income Expense": NaN,
        "Other Non Operating Income Expenses": NaN,
        "Special Income Charges": NaN,
        "Other Special Charges": NaN,
        "Restructuring And Mergern Acquisition": NaN,
        "Gain On Sale Of Security": NaN,
        "Net Non Operating Interest Income Expense": NaN,
        "Interest Expense Non Operating": NaN,
        "Interest Income Non Operating": NaN,
        "Operating Income": NaN,
        "Operating Expense": NaN,
        "Selling General And Administration": NaN,
        "Selling And Marketing Expense": 20077000.0,
        "General And Administrative Expense": 9994000.0,
        "Other Gand A": 9994000.0,
        "Gross Profit": NaN,
        "Cost Of Revenue": NaN,
        "Total Revenue": NaN,
        "Operating Revenue": NaN
    },
    "2022-12-31": {
        "Tax Effect Of Unusual Items": NaN,
        "Tax Rate For Calcs": NaN,
        "Normalized EBITDA": NaN,
        "Total Unusual Items": NaN,
        "Total Unusual Items Excluding Goodwill": NaN,
        "Net Income From Continuing Operation Net Minority Interest": NaN,
        "Reconciled Depreciation": NaN,
        "Reconciled Cost Of Revenue": NaN,
        "EBITDA": NaN,
        "EBIT": NaN,
        "Net Interest Income": NaN,
        "Interest Expense": NaN,
        "Interest Income": NaN,
        "Normalized Income": NaN,
        "Net Income From Continuing And Discontinued Operation": NaN,
        "Total Expenses": NaN,
        "Total Operating Income As Reported": NaN,
        "Diluted Average Shares": NaN,
        "Basic Average Shares": NaN,
        "Diluted EPS": NaN,
        "Basic EPS": NaN,
        "Diluted NI Availto Com Stockholders": NaN,
        "Net Income Common Stockholders": NaN,
        "Net Income": NaN,
        "Minority Interests": NaN,
        "Net Income Including Noncontrolling Interests": NaN,
        "Net Income Continuous Operations": NaN,
        "Tax Provision": NaN,
        "Pretax Income": NaN,
        "Other Income Expense": NaN,
        "Other Non Operating Income Expenses": NaN,
        "Special Income Charges": NaN,
        "Other Special Charges": 30000.0,
        "Restructuring And Mergern Acquisition": NaN,
        "Gain On Sale Of Security": NaN,
        "Net Non Operating Interest Income Expense": NaN,
        "Interest Expense Non Operating": NaN,
        "Interest Income Non Operating": NaN,
        "Operating Income": NaN,
        "Operating Expense": NaN,
        "Selling General And Administration": NaN,
        "Selling And Marketing Expense": NaN,
        "General And Administrative Expense": NaN,
        "Other Gand A": NaN,
        "Gross Profit": NaN,
        "Cost Of Revenue": NaN,
        "Total Revenue": NaN,
        "Operating Revenue": NaN
    },
    "2024-06-30": {
        "Tax Effect Of Unusual Items": NaN,
        "Tax Rate For Calcs": NaN,
        "Normalized EBITDA": NaN,
        "Total Unusual Items": NaN,
        "Total Unusual Items Excluding Goodwill": NaN,
        "Net Income From Continuing Operation Net Minority Interest": NaN,
        "Reconciled Depreciation": NaN,
        "Reconciled Cost Of Revenue": NaN,
        "EBITDA": NaN,
        "EBIT": NaN,
        "Net Interest Income": NaN,
        "Interest Expense": NaN,
        "Interest Income": NaN,
        "Normalized Income": NaN,
        "Net Income From Continuing And Discontinued Operation": NaN,
        "Total Expenses": NaN,
        "Total Operating Income As Reported": NaN,
        "Diluted Average Shares": NaN,
        "Basic Average Shares": NaN,
        "Diluted EPS": NaN,
        "Basic EPS": NaN,
        "Diluted NI Availto Com Stockholders": NaN,
        "Net Income Common Stockholders": NaN,
        "Net Income": NaN,
        "Minority Interests": NaN,
        "Net Income Including Noncontrolling Interests": NaN,
        "Net Income Continuous Operations": NaN,
        "Tax Provision": NaN,
        "Pretax Income": NaN,
        "Other Income Expense": NaN,
        "Other Non Operating Income Expenses": NaN,
        "Special Income Charges": NaN,
        "Other Special Charges": NaN,
        "Restructuring And Mergern Acquisition": NaN,
        "Gain On Sale Of Security": NaN,
        "Net Non Operating Interest Income Expense": NaN,
        "Interest Expense Non Operating": NaN,
        "Interest Income Non Operating": NaN,
        "Operating Income": NaN,
        "Operating Expense": NaN,
        "Selling General And Administration": NaN,
        "Selling And Marketing Expense": 22990000.0,
        "General And Administrative Expense": 8637000.0,
        "Other Gand A": 8637000.0,
        "Gross Profit": NaN,
        "Cost Of Revenue": NaN,
        "Total Revenue": NaN,
        "Operating Revenue": NaN
    },
    "2024-09-30": {
        "Tax Effect Of Unusual Items": -181116.0,
        "Tax Rate For Calcs": 0.258,
        "Normalized EBITDA": 10313000.0,
        "Total Unusual Items": -702000.0,
        "Total Unusual Items Excluding Goodwill": -702000.0,
        "Net Income From Continuing Operation Net Minority Interest": 3376000.0,
        "Reconciled Depreciation": 4805000.0,
        "Reconciled Cost Of Revenue": 170439000.0,
        "EBITDA": 9611000.0,
        "EBIT": 4806000.0,
        "Net Interest Income": 228000.0,
        "Interest Expense": 237000.0,
        "Interest Income": 465000.0,
        "Normalized Income": 3896884.0,
        "Net Income From Continuing And Discontinued Operation": 3376000.0,
        "Total Expenses": 199561000.0,
        "Total Operating Income As Reported": 3804000.0,
        "Diluted Average Shares": 48585811.0,
        "Basic Average Shares": 46721238.0,
        "Diluted EPS": 0.07,
        "Basic EPS": 0.07,
        "Diluted NI Availto Com Stockholders": 3376000.0,
        "Net Income Common Stockholders": 3376000.0,
        "Net Income": 3376000.0,
        "Minority Interests": -48000.0,
        "Net Income Including Noncontrolling Interests": 3424000.0,
        "Net Income Continuous Operations": 3424000.0,
        "Tax Provision": 1145000.0,
        "Pretax Income": 4569000.0,
        "Other Income Expense": 337000.0,
        "Other Non Operating Income Expenses": 1039000.0,
        "Special Income Charges": -200000.0,
        "Other Special Charges": NaN,
        "Restructuring And Mergern Acquisition": 200000.0,
        "Gain On Sale Of Security": -502000.0,
        "Net Non Operating Interest Income Expense": 228000.0,
        "Interest Expense Non Operating": 237000.0,
        "Interest Income Non Operating": 465000.0,
        "Operating Income": 4004000.0,
        "Operating Expense": 29122000.0,
        "Selling General And Administration": 29122000.0,
        "Selling And Marketing Expense": 18801000.0,
        "General And Administrative Expense": 10321000.0,
        "Other Gand A": 10321000.0,
        "Gross Profit": 33126000.0,
        "Cost Of Revenue": 170439000.0,
        "Total Revenue": 203565000.0,
        "Operating Revenue": 203565000.0
    },
    "2024-12-31": {
        "Tax Effect Of Unusual Items": 3491.928044,
        "Tax Rate For Calcs": 0.249423,
        "Normalized EBITDA": 14007000.0,
        "Total Unusual Items": 14000.0,
        "Total Unusual Items Excluding Goodwill": 14000.0,
        "Net Income From Continuing Operation Net Minority Interest": 6467000.0,
        "Reconciled Depreciation": 5038000.0,
        "Reconciled Cost Of Revenue": 225831000.0,
        "EBITDA": 14021000.0,
        "EBIT": 8983000.0,
        "Net Interest Income": 56000.0,
        "Interest Expense": 311000.0,
        "Interest Income": 367000.0,
        "Normalized Income": 6456491.928044,
        "Net Income From Continuing And Discontinued Operation": 6467000.0,
        "Total Expenses": 255956000.0,
        "Total Operating Income As Reported": 8722000.0,
        "Diluted Average Shares": 48983153.0,
        "Basic Average Shares": 46942639.0,
        "Diluted EPS": 0.13,
        "Basic EPS": 0.14,
        "Diluted NI Availto Com Stockholders": 6467000.0,
        "Net Income Common Stockholders": 6467000.0,
        "Net Income": 6467000.0,
        "Minority Interests": -42000.0,
        "Net Income Including Noncontrolling Interests": 6509000.0,
        "Net Income Continuous Operations": 6509000.0,
        "Tax Provision": 2163000.0,
        "Pretax Income": 8672000.0,
        "Other Income Expense": 28000.0,
        "Other Non Operating Income Expenses": 14000.0,
        "Special Income Charges": 134000.0,
        "Other Special Charges": 1166000.0,
        "Restructuring And Mergern Acquisition": -1300000.0,
        "Gain On Sale Of Security": -120000.0,
        "Net Non Operating Interest Income Expense": 56000.0,
        "Interest Expense Non Operating": 311000.0,
        "Interest Income Non Operating": 367000.0,
        "Operating Income": 8588000.0,
        "Operating Expense": 30125000.0,
        "Selling General And Administration": 30125000.0,
        "Selling And Marketing Expense": 19291000.0,
        "General And Administrative Expense": 10834000.0,
        "Other Gand A": 10834000.0,
        "Gross Profit": 38713000.0,
        "Cost Of Revenue": 225831000.0,
        "Total Revenue": 264544000.0,
        "Operating Revenue": 264544000.0
    },
    "2025-03-31": {
        "Tax Effect Of Unusual Items": -119337.042925,
        "Tax Rate For Calcs": 0.182194,
        "Normalized EBITDA": 9039000.0,
        "Total Unusual Items": -655000.0,
        "Total Unusual Items Excluding Goodwill": -655000.0,
        "Net Income From Continuing Operation Net Minority Interest": 2541000.0,
        "Reconciled Depreciation": 4936000.0,
        "Reconciled Cost Of Revenue": 181218000.0,
        "EBITDA": 8384000.0,
        "EBIT": 3448000.0,
        "Net Interest Income": -11000.0,
        "Interest Expense": 303000.0,
        "Interest Income": 292000.0,
        "Normalized Income": 3076662.957075,
        "Net Income From Continuing And Discontinued Operation": 2541000.0,
        "Total Expenses": 210213000.0,
        "Total Operating Income As Reported": 3334000.0,
        "Diluted Average Shares": 48666557.0,
        "Basic Average Shares": 47073339.0,
        "Diluted EPS": 0.05,
        "Basic EPS": 0.05,
        "Diluted NI Availto Com Stockholders": 2541000.0,
        "Net Income Common Stockholders": 2541000.0,
        "Net Income": 2541000.0,
        "Minority Interests": -31000.0,
        "Net Income Including Noncontrolling Interests": 2572000.0,
        "Net Income Continuous Operations": 2572000.0,
        "Tax Provision": 573000.0,
        "Pretax Income": 3145000.0,
        "Other Income Expense": -638000.0,
        "Other Non Operating Income Expenses": 17000.0,
        "Special Income Charges": -460000.0,
        "Other Special Charges": 210000.0,
        "Restructuring And Mergern Acquisition": 250000.0,
        "Gain On Sale Of Security": -195000.0,
        "Net Non Operating Interest Income Expense": -11000.0,
        "Interest Expense Non Operating": 303000.0,
        "Interest Income Non Operating": 292000.0,
        "Operating Income": 3794000.0,
        "Operating Expense": 28995000.0,
        "Selling General And Administration": 28995000.0,
        "Selling And Marketing Expense": 19256000.0,
        "General And Administrative Expense": 9739000.0,
        "Other Gand A": 9739000.0,
        "Gross Profit": 32789000.0,
        "Cost Of Revenue": 181218000.0,
        "Total Revenue": 214007000.0,
        "Operating Revenue": 214007000.0
    },
    "2025-06-30": {
        "Tax Effect Of Unusual Items": 622860.0,
        "Tax Rate For Calcs": 0.21,
        "Normalized EBITDA": 5942000.0,
        "Total Unusual Items": 2966000.0,
        "Total Unusual Items Excluding Goodwill": 2966000.0,
        "Net Income From Continuing Operation Net Minority Interest": 4907000.0,
        "Reconciled Depreciation": 3600000.0,
        "Reconciled Cost Of Revenue": 185677000.0,
        "EBITDA": 8908000.0,
        "EBIT": 5308000.0,
        "Net Interest Income": -312000.0,
        "Interest Expense": 491000.0,
        "Interest Income": 179000.0,
        "Normalized Income": 2563860.0,
        "Net Income From Continuing And Discontinued Operation": 4907000.0,
        "Total Expenses": 218399000.0,
        "Total Operating Income As Reported": 5198000.0,
        "Diluted Average Shares": 48691339.0,
        "Basic Average Shares": 47144123.0,
        "Diluted EPS": 0.1,
        "Basic EPS": 0.1,
        "Diluted NI Availto Com Stockholders": 4907000.0,
        "Net Income Common Stockholders": 4907000.0,
        "Net Income": 4907000.0,
        "Minority Interests": -26000.0,
        "Net Income Including Noncontrolling Interests": 4933000.0,
        "Net Income Continuous Operations": 4933000.0,
        "Tax Provision": -116000.0,
        "Pretax Income": 4817000.0,
        "Other Income Expense": 2948000.0,
        "Other Non Operating Income Expenses": -18000.0,
        "Special Income Charges": 3017000.0,
        "Other Special Charges": NaN,
        "Restructuring And Mergern Acquisition": -1641000.0,
        "Gain On Sale Of Security": -51000.0,
        "Net Non Operating Interest Income Expense": -312000.0,
        "Interest Expense Non Operating": 491000.0,
        "Interest Income Non Operating": 179000.0,
        "Operating Income": 2181000.0,
        "Operating Expense": 32722000.0,
        "Selling General And Administration": -45771000.0,
        "Selling And Marketing Expense": NaN,
        "General And Administrative Expense": NaN,
        "Other Gand A": NaN,
        "Gross Profit": 34903000.0,
        "Cost Of Revenue": 185677000.0,
        "Total Revenue": 220580000.0,
        "Operating Revenue": 220580000.0
    },
    "2025-09-30": {
        "Tax Effect Of Unusual Items": -51548.0,
        "Tax Rate For Calcs": 0.263,
        "Normalized EBITDA": 5941000.0,
        "Total Unusual Items": -196000.0,
        "Total Unusual Items Excluding Goodwill": -196000.0,
        "Net Income From Continuing Operation Net Minority Interest": 1293000.0,
        "Reconciled Depreciation": 3526000.0,
        "Reconciled Cost Of Revenue": 192299000.0,
        "EBITDA": 5745000.0,
        "EBIT": 2219000.0,
        "Net Interest Income": -561000.0,
        "Interest Expense": 605000.0,
        "Interest Income": 44000.0,
        "Normalized Income": 1437452.0,
        "Net Income From Continuing And Discontinued Operation": 1293000.0,
        "Total Expenses": 224369000.0,
        "Total Operating Income As Reported": 2086000.0,
        "Diluted Average Shares": 48738595.0,
        "Basic Average Shares": 47166166.0,
        "Diluted EPS": 0.03,
        "Basic EPS": 0.03,
        "Diluted NI Availto Com Stockholders": 1293000.0,
        "Net Income Common Stockholders": 1293000.0,
        "Net Income": 1293000.0,
        "Minority Interests": 18000.0,
        "Net Income Including Noncontrolling Interests": 1275000.0,
        "Net Income Continuous Operations": 1275000.0,
        "Tax Provision": 339000.0,
        "Pretax Income": 1614000.0,
        "Other Income Expense": -111000.0,
        "Other Non Operating Income Expenses": 85000.0,
        "Special Income Charges": -200000.0,
        "Other Special Charges": NaN,
        "Restructuring And Mergern Acquisition": 200000.0,
        "Gain On Sale Of Security": 4000.0,
        "Net Non Operating Interest Income Expense": -561000.0,
        "Interest Expense Non Operating": 605000.0,
        "Interest Income Non Operating": 44000.0,
        "Operating Income": 2286000.0,
        "Operating Expense": 32070000.0,
        "Selling General And Administration": 32070000.0,
        "Selling And Marketing Expense": 19996000.0,
        "General And Administrative Expense": 12074000.0,
        "Other Gand A": 12074000.0,
        "Gross Profit": 34356000.0,
        "Cost Of Revenue": 192299000.0,
        "Total Revenue": 226655000.0,
        "Operating Revenue": 226655000.0
    }
}