{
    "2023-03-31": {
        "Tax Effect Of Unusual Items": NaN,
        "Tax Rate For Calcs": NaN,
        "Normalized EBITDA": NaN,
        "Total Unusual Items": NaN,
        "Total Unusual Items Excluding Goodwill": NaN,
        "Net Income From Continuing Operation Net Minority Interest": NaN,
        "Reconciled Depreciation": 0.0,
        "EBITDA": NaN,
        "EBIT": NaN,
        "Net Interest Income": NaN,
        "Interest Income": NaN,
        "Normalized Income": NaN,
        "Net Income From Continuing And Discontinued Operation": NaN,
        "Total Expenses": NaN,
        "Total Operating Income As Reported": NaN,
        "Diluted Average Shares": NaN,
        "Basic Average Shares": NaN,
        "Diluted EPS": NaN,
        "Basic EPS": NaN,
        "Diluted NI Availto Com Stockholders": NaN,
        "Net Income Common Stockholders": NaN,
        "Net Income": NaN,
        "Net Income Including Noncontrolling Interests": NaN,
        "Net Income Continuous Operations": NaN,
        "Pretax Income": NaN,
        "Other Income Expense": NaN,
        "Gain On Sale Of Security": NaN,
        "Net Non Operating Interest Income Expense": NaN,
        "Interest Income Non Operating": NaN,
        "Operating Income": NaN,
        "Operating Expense": NaN,
        "Research And Development": NaN,
        "Selling General And Administration": NaN,
        "General And Administrative Expense": NaN,
        "Other Gand A": NaN,
        "Total Revenue": NaN,
        "Operating Revenue": NaN
    },
    "2022-12-31": {
        "Tax Effect Of Unusual Items": NaN,
        "Tax Rate For Calcs": NaN,
        "Normalized EBITDA": NaN,
        "Total Unusual Items": NaN,
        "Total Unusual Items Excluding Goodwill": NaN,
        "Net Income From Continuing Operation Net Minority Interest": NaN,
        "Reconciled Depreciation": 0.0,
        "EBITDA": NaN,
        "EBIT": NaN,
        "Net Interest Income": NaN,
        "Interest Income": NaN,
        "Normalized Income": NaN,
        "Net Income From Continuing And Discontinued Operation": NaN,
        "Total Expenses": NaN,
        "Total Operating Income As Reported": NaN,
        "Diluted Average Shares": NaN,
        "Basic Average Shares": NaN,
        "Diluted EPS": NaN,
        "Basic EPS": NaN,
        "Diluted NI Availto Com Stockholders": NaN,
        "Net Income Common Stockholders": NaN,
        "Net Income": NaN,
        "Net Income Including Noncontrolling Interests": NaN,
        "Net Income Continuous Operations": NaN,
        "Pretax Income": NaN,
        "Other Income Expense": NaN,
        "Other Non Operating Income Expenses": 0.0,
        "Gain On Sale Of Security": NaN,
        "Net Non Operating Interest Income Expense": NaN,
        "Interest Income Non Operating": NaN,
        "Operating Income": NaN,
        "Operating Expense": NaN,
        "Research And Development": NaN,
        "Selling General And Administration": NaN,
        "General And Administrative Expense": NaN,
        "Other Gand A": NaN,
        "Total Revenue": NaN,
        "Operating Revenue": NaN
    },
    "2022-09-30": {
        "Tax Effect Of Unusual Items": NaN,
        "Tax Rate For Calcs": NaN,
        "Normalized EBITDA": NaN,
        "Total Unusual Items": NaN,
        "Total Unusual Items Excluding Goodwill": NaN,
        "Net Income From Continuing Operation Net Minority Interest": NaN,
        "Reconciled Depreciation": 0.0,
        "EBITDA": NaN,
        "EBIT": NaN,
        "Net Interest Income": NaN,
        "Interest Income": NaN,
        "Normalized Income": NaN,
        "Net Income From Continuing And Discontinued Operation": NaN,
        "Total Expenses": NaN,
        "Total Operating Income As Reported": NaN,
        "Diluted Average Shares": 30063735.0,
        "Basic Average Shares": 30063735.0,
        "Diluted EPS": -1.31,
        "Basic EPS": -1.31,
        "Diluted NI Availto Com Stockholders": NaN,
        "Net Income Common Stockholders": NaN,
        "Net Income": NaN,
        "Net Income Including Noncontrolling Interests": NaN,
        "Net Income Continuous Operations": NaN,
        "Pretax Income": NaN,
        "Other Income Expense": NaN,
        "Other Non Operating Income Expenses": NaN,
        "Gain On Sale Of Security": NaN,
        "Net Non Operating Interest Income Expense": NaN,
        "Interest Income Non Operating": NaN,
        "Operating Income": NaN,
        "Operating Expense": NaN,
        "Research And Development": NaN,
        "Selling General And Administration": NaN,
        "General And Administrative Expense": NaN,
        "Other Gand A": NaN,
        "Total Revenue": NaN,
        "Operating Revenue": NaN
    },
    "2022-06-30": {
        "Tax Effect Of Unusual Items": 0.0,
        "Tax Rate For Calcs": 0.0,
        "Normalized EBITDA": -44350237.0,
        "Total Unusual Items": -1161835.0,
        "Total Unusual Items Excluding Goodwill": -1161835.0,
        "Net Income From Continuing Operation Net Minority Interest": -39934968.0,
        "Reconciled Depreciation": 0.0,
        "EBITDA": -45512072.0,
        "EBIT": -45512072.0,
        "Net Interest Income": 387333.0,
        "Interest Income": 387333.0,
        "Normalized Income": -38773133.0,
        "Net Income From Continuing And Discontinued Operation": -39934968.0,
        "Total Expenses": 45512072.0,
        "Total Operating Income As Reported": -45512072.0,
        "Diluted Average Shares": 29935895.0,
        "Basic Average Shares": 29935895.0,
        "Diluted EPS": -1.33,
        "Basic EPS": -1.33,
        "Diluted NI Availto Com Stockholders": -39934968.0,
        "Net Income Common Stockholders": -39934968.0,
        "Net Income": -39934968.0,
        "Net Income Including Noncontrolling Interests": -39934968.0,
        "Net Income Continuous Operations": -39934968.0,
        "Pretax Income": -39934968.0,
        "Other Income Expense": 5189771.0,
        "Other Non Operating Income Expenses": 6351606.0,
        "Special Income Charges": 6351606.0,
        "Other Special Charges": -6351606.0,
        "Gain On Sale Of Security": -1161835.0,
        "Net Non Operating Interest Income Expense": 387333.0,
        "Interest Income Non Operating": 387333.0,
        "Operating Income": -45512072.0,
        "Operating Expense": 45512072.0,
        "Research And Development": 30912671.0,
        "Selling General And Administration": 14599401.0,
        "General And Administrative Expense": 14599401.0,
        "Other Gand A": 14599401.0,
        "Total Revenue": 0.0,
        "Operating Revenue": 0.0
    },
    "2022-03-31": {
        "Diluted EPS": -1.4,
        "Total Revenue": NaN,
        "Gross Profit": NaN,
        "Operating Income": -38,
        "EBIT": -38,
        "Net Income": -40
    },
    "2021-12-31": {
        "Diluted EPS": -1.82,
        "Total Revenue": NaN,
        "Gross Profit": NaN,
        "Operating Income": -34,
        "EBIT": -34,
        "Net Income": -34
    },
    "2021-09-30": {
        "Diluted EPS": -2.44,
        "Total Revenue": NaN,
        "Gross Profit": NaN,
        "Operating Income": -43,
        "EBIT": -43,
        "Net Income": -43
    },
    "2021-06-30": {
        "Diluted EPS": -1.56,
        "Total Revenue": NaN,
        "Gross Profit": NaN,
        "Operating Income": -26,
        "EBIT": -26,
        "Net Income": -27
    },
    "2021-03-31": {
        "Diluted EPS": -1.34,
        "Total Revenue": NaN,
        "Gross Profit": NaN,
        "Operating Income": -22,
        "EBIT": -22,
        "Net Income": -22
    },
    "2020-12-31": {
        "Diluted EPS": -1.31,
        "Total Revenue": NaN,
        "Gross Profit": NaN,
        "Operating Income": -21,
        "EBIT": -21,
        "Net Income": -21
    },
    "2020-09-30": {
        "Diluted EPS": -1.05,
        "Total Revenue": NaN,
        "Gross Profit": NaN,
        "Operating Income": -17,
        "EBIT": -17,
        "Net Income": -17
    },
    "2020-06-30": {
        "Diluted EPS": -0.73,
        "Total Revenue": NaN,
        "Gross Profit": NaN,
        "Operating Income": -13,
        "EBIT": -13,
        "Net Income": -11
    },
    "2020-03-31": {
        "Diluted EPS": -0.72,
        "Total Revenue": NaN,
        "Gross Profit": NaN,
        "Operating Income": -10,
        "EBIT": -10,
        "Net Income": -11
    },
    "2019-12-31": {
        "Diluted EPS": -0.38,
        "Total Revenue": NaN,
        "Gross Profit": NaN,
        "Operating Income": -5,
        "EBIT": -5,
        "Net Income": -5
    },
    "2019-09-30": {
        "Diluted EPS": -0.38,
        "Total Revenue": NaN,
        "Gross Profit": NaN,
        "Operating Income": -4,
        "EBIT": -4,
        "Net Income": -4
    },
    "2019-06-30": {
        "Diluted EPS": -0.5,
        "Total Revenue": NaN,
        "Gross Profit": NaN,
        "Operating Income": -4,
        "EBIT": -4,
        "Net Income": -4
    },
    "2019-03-31": {
        "Diluted EPS": -0.36,
        "Total Revenue": NaN,
        "Gross Profit": NaN,
        "Operating Income": -3,
        "EBIT": -3,
        "Net Income": -3
    },
    "2018-12-31": {
        "Diluted EPS": -1.12,
        "Total Revenue": NaN,
        "Gross Profit": NaN,
        "Operating Income": -3,
        "EBIT": 0,
        "Net Income": -7
    },
    "2018-09-30": {
        "Diluted EPS": -1.08,
        "Total Revenue": NaN,
        "Gross Profit": NaN,
        "Operating Income": -2,
        "EBIT": -2,
        "Net Income": -3
    },
    "2018-06-30": {
        "Diluted EPS": 0.0,
        "Total Revenue": NaN,
        "Gross Profit": NaN,
        "Operating Income": NaN,
        "EBIT": NaN,
        "Net Income": NaN
    },
    "2018-03-31": {
        "Diluted EPS": -1.04,
        "Total Revenue": NaN,
        "Gross Profit": NaN,
        "Operating Income": -3,
        "EBIT": -2,
        "Net Income": -3
    },
    "2017-12-31": {
        "Diluted EPS": -0.44,
        "Total Revenue": NaN,
        "Gross Profit": NaN,
        "Operating Income": -1,
        "EBIT": 0,
        "Net Income": -1
    },
    "2017-09-30": {
        "Diluted EPS": -0.32,
        "Total Revenue": NaN,
        "Gross Profit": NaN,
        "Operating Income": -1,
        "EBIT": -1,
        "Net Income": -1
    },
    "2017-06-30": {
        "Diluted EPS": 0.0,
        "Total Revenue": NaN,
        "Gross Profit": NaN,
        "Operating Income": NaN,
        "EBIT": NaN,
        "Net Income": NaN
    },
    "2017-03-31": {
        "Diluted EPS": -0.64,
        "Total Revenue": NaN,
        "Gross Profit": NaN,
        "Operating Income": -2,
        "EBIT": -2,
        "Net Income": -2
    },
    "2016-12-31": {
        "Diluted EPS": -0.36,
        "Total Revenue": NaN,
        "Gross Profit": NaN,
        "Operating Income": -2,
        "EBIT": 0,
        "Net Income": -1
    },
    "2016-09-30": {
        "Diluted EPS": -0.56,
        "Total Revenue": NaN,
        "Gross Profit": NaN,
        "Operating Income": -2,
        "EBIT": -2,
        "Net Income": -2
    },
    "2016-06-30": {
        "Diluted EPS": 0.0,
        "Total Revenue": NaN,
        "Gross Profit": NaN,
        "Operating Income": NaN,
        "EBIT": NaN,
        "Net Income": NaN
    },
    "2016-03-31": {
        "Diluted EPS": -0.6,
        "Total Revenue": NaN,
        "Gross Profit": NaN,
        "Operating Income": -3,
        "EBIT": -3,
        "Net Income": -2
    },
    "2015-12-31": {
        "Diluted EPS": -0.88,
        "Total Revenue": NaN,
        "Gross Profit": NaN,
        "Operating Income": -6,
        "EBIT": 0,
        "Net Income": -2
    },
    "2015-09-30": {
        "Diluted EPS": 1.44,
        "Total Revenue": NaN,
        "Gross Profit": NaN,
        "Operating Income": -5,
        "EBIT": -5,
        "Net Income": 5
    },
    "2015-06-30": {
        "Diluted EPS": 0.0,
        "Total Revenue": NaN,
        "Gross Profit": NaN,
        "Operating Income": NaN,
        "EBIT": NaN,
        "Net Income": NaN
    },
    "2015-03-31": {
        "Diluted EPS": -0.92,
        "Total Revenue": NaN,
        "Gross Profit": NaN,
        "Operating Income": -5,
        "EBIT": -5,
        "Net Income": -2
    },
    "2014-12-31": {
        "Diluted EPS": 1.6,
        "Total Revenue": NaN,
        "Gross Profit": NaN,
        "Operating Income": -4,
        "EBIT": -4,
        "Net Income": 5
    },
    "2014-09-30": {
        "Diluted EPS": -14.64,
        "Total Revenue": NaN,
        "Gross Profit": NaN,
        "Operating Income": -4,
        "EBIT": -4,
        "Net Income": -30
    },
    "2014-06-30": {
        "Diluted EPS": 0.0,
        "Total Revenue": NaN,
        "Gross Profit": NaN,
        "Operating Income": -6,
        "EBIT": -6,
        "Net Income": -21
    },
    "2014-03-31": {
        "Diluted EPS": 1.68,
        "Total Revenue": NaN,
        "Gross Profit": NaN,
        "Operating Income": -1,
        "EBIT": 0,
        "Net Income": 6
    },
    "2013-12-31": {
        "Diluted EPS": -8.4,
        "Total Revenue": NaN,
        "Gross Profit": NaN,
        "Operating Income": -5,
        "EBIT": 0,
        "Net Income": -5
    },
    "2013-09-30": {
        "Diluted EPS": -2.56,
        "Total Revenue": NaN,
        "Gross Profit": NaN,
        "Operating Income": 0,
        "EBIT": 0,
        "Net Income": -2
    },
    "2012-12-31": {
        "Diluted EPS": 0.0,
        "Total Revenue": NaN,
        "Gross Profit": NaN,
        "Operating Income": NaN,
        "EBIT": NaN,
        "Net Income": NaN
    },
    "2023-06-30": {
        "Tax Effect Of Unusual Items": NaN,
        "Tax Rate For Calcs": NaN,
        "Normalized EBITDA": NaN,
        "Total Unusual Items": NaN,
        "Total Unusual Items Excluding Goodwill": NaN,
        "Net Income From Continuing Operation Net Minority Interest": NaN,
        "EBITDA": NaN,
        "EBIT": NaN,
        "Net Interest Income": NaN,
        "Interest Income": NaN,
        "Normalized Income": NaN,
        "Net Income From Continuing And Discontinued Operation": NaN,
        "Total Expenses": NaN,
        "Total Operating Income As Reported": NaN,
        "Diluted Average Shares": 30099203.0,
        "Basic Average Shares": 30099203.0,
        "Diluted EPS": -0.84,
        "Basic EPS": -0.84,
        "Diluted NI Availto Com Stockholders": NaN,
        "Net Income Common Stockholders": NaN,
        "Net Income": NaN,
        "Net Income Including Noncontrolling Interests": NaN,
        "Net Income Continuous Operations": NaN,
        "Pretax Income": NaN,
        "Other Income Expense": NaN,
        "Gain On Sale Of Security": NaN,
        "Net Non Operating Interest Income Expense": NaN,
        "Interest Income Non Operating": NaN,
        "Operating Income": NaN,
        "Operating Expense": NaN,
        "Research And Development": NaN,
        "Selling General And Administration": NaN,
        "General And Administrative Expense": NaN,
        "Other Gand A": NaN,
        "Total Revenue": NaN,
        "Operating Revenue": NaN
    },
    "2023-09-30": {
        "Tax Effect Of Unusual Items": 0.0,
        "Tax Rate For Calcs": 0.0,
        "Normalized EBITDA": -22061777.0,
        "Total Unusual Items": -630861.0,
        "Total Unusual Items Excluding Goodwill": -630861.0,
        "Net Income From Continuing Operation Net Minority Interest": -22002058.0,
        "EBITDA": -22692638.0,
        "EBIT": -22692638.0,
        "Net Interest Income": 1321441.0,
        "Interest Income": 1321441.0,
        "Normalized Income": -21371197.0,
        "Net Income From Continuing And Discontinued Operation": -22002058.0,
        "Total Expenses": 22692638.0,
        "Total Operating Income As Reported": -22692638.0,
        "Diluted Average Shares": 30099203.0,
        "Basic Average Shares": 30099203.0,
        "Diluted EPS": -0.73,
        "Basic EPS": -0.73,
        "Diluted NI Availto Com Stockholders": -22002058.0,
        "Net Income Common Stockholders": -22002058.0,
        "Net Income": -22002058.0,
        "Net Income Including Noncontrolling Interests": -22002058.0,
        "Net Income Continuous Operations": -22002058.0,
        "Pretax Income": -22002058.0,
        "Other Income Expense": -630861.0,
        "Gain On Sale Of Security": -630861.0,
        "Net Non Operating Interest Income Expense": 1321441.0,
        "Interest Income Non Operating": 1321441.0,
        "Operating Income": -22692638.0,
        "Operating Expense": 22692638.0,
        "Research And Development": 10454072.0,
        "Selling General And Administration": 12238566.0,
        "General And Administrative Expense": 12238566.0,
        "Other Gand A": 12238566.0,
        "Total Revenue": 0.0,
        "Operating Revenue": 0.0
    },
    "2023-12-31": {
        "Tax Effect Of Unusual Items": 0.0,
        "Tax Rate For Calcs": 0.0,
        "Normalized EBITDA": -27234256.0,
        "Total Unusual Items": 404936.0,
        "Total Unusual Items Excluding Goodwill": 404936.0,
        "Net Income From Continuing Operation Net Minority Interest": -25165158.0,
        "EBITDA": -26829320.0,
        "EBIT": -26829320.0,
        "Net Interest Income": 1259226.0,
        "Interest Income": 1259226.0,
        "Normalized Income": -25570094.0,
        "Net Income From Continuing And Discontinued Operation": -25165158.0,
        "Total Expenses": 26829320.0,
        "Total Operating Income As Reported": -26829320.0,
        "Diluted Average Shares": NaN,
        "Basic Average Shares": NaN,
        "Diluted EPS": NaN,
        "Basic EPS": NaN,
        "Diluted NI Availto Com Stockholders": -25165158.0,
        "Net Income Common Stockholders": -25165158.0,
        "Net Income": -25165158.0,
        "Net Income Including Noncontrolling Interests": -25165158.0,
        "Net Income Continuous Operations": -25165158.0,
        "Pretax Income": -25165158.0,
        "Other Income Expense": 404936.0,
        "Gain On Sale Of Security": 404936.0,
        "Net Non Operating Interest Income Expense": 1259226.0,
        "Interest Income Non Operating": 1259226.0,
        "Operating Income": -26829320.0,
        "Operating Expense": 26829320.0,
        "Research And Development": 14752061.0,
        "Selling General And Administration": 12077259.0,
        "General And Administrative Expense": 12077259.0,
        "Other Gand A": 12077259.0,
        "Total Revenue": 0.0,
        "Operating Revenue": 0.0
    },
    "2024-03-31": {
        "Tax Effect Of Unusual Items": 0.0,
        "Tax Rate For Calcs": 0.0,
        "Normalized EBITDA": -23091706.0,
        "Total Unusual Items": 103846.0,
        "Total Unusual Items Excluding Goodwill": 103846.0,
        "Net Income From Continuing Operation Net Minority Interest": -21828126.0,
        "EBITDA": -22987860.0,
        "EBIT": -22987860.0,
        "Net Interest Income": 1055888.0,
        "Interest Income": 1055888.0,
        "Normalized Income": -21931972.0,
        "Net Income From Continuing And Discontinued Operation": -21828126.0,
        "Total Expenses": 22987860.0,
        "Total Operating Income As Reported": -22987860.0,
        "Diluted Average Shares": 30132170.0,
        "Basic Average Shares": 30132170.0,
        "Diluted EPS": -0.72,
        "Basic EPS": -0.72,
        "Diluted NI Availto Com Stockholders": -21828126.0,
        "Net Income Common Stockholders": -21828126.0,
        "Net Income": -21828126.0,
        "Net Income Including Noncontrolling Interests": -21828126.0,
        "Net Income Continuous Operations": -21828126.0,
        "Pretax Income": -21828126.0,
        "Other Income Expense": 103846.0,
        "Gain On Sale Of Security": 103846.0,
        "Net Non Operating Interest Income Expense": 1055888.0,
        "Interest Income Non Operating": 1055888.0,
        "Operating Income": -22987860.0,
        "Operating Expense": 22987860.0,
        "Research And Development": 13305306.0,
        "Selling General And Administration": 9682554.0,
        "General And Administrative Expense": 9682554.0,
        "Other Gand A": 9682554.0,
        "Total Revenue": 0.0,
        "Operating Revenue": 0.0
    },
    "2024-06-30": {
        "Tax Effect Of Unusual Items": 0.0,
        "Tax Rate For Calcs": 0.0,
        "Normalized EBITDA": -18906433.0,
        "Total Unusual Items": 87649.0,
        "Total Unusual Items Excluding Goodwill": 87649.0,
        "Net Income From Continuing Operation Net Minority Interest": -17768122.0,
        "EBITDA": -18818784.0,
        "EBIT": -18818784.0,
        "Net Interest Income": 963013.0,
        "Interest Income": 963013.0,
        "Normalized Income": -17855771.0,
        "Net Income From Continuing And Discontinued Operation": -17768122.0,
        "Total Expenses": 18818784.0,
        "Total Operating Income As Reported": -18818784.0,
        "Diluted Average Shares": 30174202.0,
        "Basic Average Shares": 30174202.0,
        "Diluted EPS": -0.59,
        "Basic EPS": -0.59,
        "Diluted NI Availto Com Stockholders": -17768122.0,
        "Net Income Common Stockholders": -17768122.0,
        "Net Income": -17768122.0,
        "Net Income Including Noncontrolling Interests": -17768122.0,
        "Net Income Continuous Operations": -17768122.0,
        "Pretax Income": -17768122.0,
        "Other Income Expense": 87649.0,
        "Gain On Sale Of Security": 87649.0,
        "Net Non Operating Interest Income Expense": 963013.0,
        "Interest Income Non Operating": 963013.0,
        "Operating Income": -18818784.0,
        "Operating Expense": 18818784.0,
        "Research And Development": 10721089.0,
        "Selling General And Administration": 8097695.0,
        "General And Administrative Expense": 8097695.0,
        "Other Gand A": 8097695.0,
        "Total Revenue": 0.0,
        "Operating Revenue": 0.0
    },
    "2024-09-30": {
        "Tax Effect Of Unusual Items": 0.0,
        "Tax Rate For Calcs": 0.0,
        "Normalized EBITDA": -23435228.0,
        "Total Unusual Items": 426390.0,
        "Total Unusual Items Excluding Goodwill": 426390.0,
        "Net Income From Continuing Operation Net Minority Interest": -21725970.0,
        "EBITDA": -23008838.0,
        "EBIT": -23008838.0,
        "Net Interest Income": 856478.0,
        "Interest Income": 856478.0,
        "Normalized Income": -22152360.0,
        "Net Income From Continuing And Discontinued Operation": -21725970.0,
        "Total Expenses": 23008838.0,
        "Total Operating Income As Reported": -23008838.0,
        "Diluted Average Shares": 30174202.0,
        "Basic Average Shares": 30174202.0,
        "Diluted EPS": -0.72,
        "Basic EPS": -0.72,
        "Diluted NI Availto Com Stockholders": -21725970.0,
        "Net Income Common Stockholders": -21725970.0,
        "Net Income": -21725970.0,
        "Net Income Including Noncontrolling Interests": -21725970.0,
        "Net Income Continuous Operations": -21725970.0,
        "Pretax Income": -21725970.0,
        "Other Income Expense": 426390.0,
        "Gain On Sale Of Security": 426390.0,
        "Net Non Operating Interest Income Expense": 856478.0,
        "Interest Income Non Operating": 856478.0,
        "Operating Income": -23008838.0,
        "Operating Expense": 23008838.0,
        "Research And Development": 11149136.0,
        "Selling General And Administration": 11859702.0,
        "General And Administrative Expense": 11859702.0,
        "Other Gand A": 11859702.0,
        "Total Revenue": 0.0,
        "Operating Revenue": 0.0
    }
}