{
    "2023-05-31": {
        "Tax Effect Of Unusual Items": NaN,
        "Tax Rate For Calcs": NaN,
        "Normalized EBITDA": NaN,
        "Total Unusual Items": NaN,
        "Total Unusual Items Excluding Goodwill": NaN,
        "Net Income From Continuing Operation Net Minority Interest": NaN,
        "Reconciled Depreciation": NaN,
        "Reconciled Cost Of Revenue": NaN,
        "EBITDA": NaN,
        "EBIT": NaN,
        "Net Interest Income": NaN,
        "Interest Expense": NaN,
        "Interest Income": NaN,
        "Normalized Income": NaN,
        "Net Income From Continuing And Discontinued Operation": NaN,
        "Total Expenses": NaN,
        "Total Operating Income As Reported": NaN,
        "Diluted Average Shares": 6276613.0,
        "Basic Average Shares": 6276613.0,
        "Diluted EPS": -0.13,
        "Basic EPS": -0.13,
        "Diluted NI Availto Com Stockholders": NaN,
        "Net Income Common Stockholders": NaN,
        "Net Income": NaN,
        "Net Income Including Noncontrolling Interests": NaN,
        "Net Income Discontinuous Operations": NaN,
        "Net Income Continuous Operations": NaN,
        "Tax Provision": NaN,
        "Pretax Income": NaN,
        "Other Income Expense": NaN,
        "Special Income Charges": NaN,
        "Gain On Sale Of Ppe": NaN,
        "Net Non Operating Interest Income Expense": NaN,
        "Interest Expense Non Operating": NaN,
        "Interest Income Non Operating": NaN,
        "Operating Income": NaN,
        "Operating Expense": NaN,
        "Other Operating Expenses": NaN,
        "Depreciation Amortization Depletion Income Statement": NaN,
        "Depreciation And Amortization In Income Statement": NaN,
        "Selling General And Administration": NaN,
        "Selling And Marketing Expense": NaN,
        "General And Administrative Expense": NaN,
        "Other Gand A": NaN,
        "Gross Profit": NaN,
        "Cost Of Revenue": NaN,
        "Total Revenue": NaN,
        "Operating Revenue": NaN
    },
    "2023-02-28": {
        "Tax Effect Of Unusual Items": NaN,
        "Tax Rate For Calcs": NaN,
        "Normalized EBITDA": NaN,
        "Total Unusual Items": 0.0,
        "Total Unusual Items Excluding Goodwill": 0.0,
        "Net Income From Continuing Operation Net Minority Interest": NaN,
        "Reconciled Depreciation": NaN,
        "Reconciled Cost Of Revenue": NaN,
        "EBITDA": NaN,
        "EBIT": NaN,
        "Net Interest Income": NaN,
        "Interest Expense": NaN,
        "Interest Income": NaN,
        "Normalized Income": NaN,
        "Net Income From Continuing And Discontinued Operation": NaN,
        "Total Expenses": NaN,
        "Total Operating Income As Reported": NaN,
        "Diluted Average Shares": NaN,
        "Basic Average Shares": NaN,
        "Diluted EPS": NaN,
        "Basic EPS": NaN,
        "Diluted NI Availto Com Stockholders": NaN,
        "Net Income Common Stockholders": NaN,
        "Net Income": NaN,
        "Net Income Including Noncontrolling Interests": NaN,
        "Net Income Discontinuous Operations": NaN,
        "Net Income Continuous Operations": NaN,
        "Tax Provision": NaN,
        "Pretax Income": NaN,
        "Other Income Expense": 6930.0,
        "Other Non Operating Income Expenses": 6930.0,
        "Special Income Charges": 0.0,
        "Gain On Sale Of Ppe": NaN,
        "Net Non Operating Interest Income Expense": NaN,
        "Interest Expense Non Operating": NaN,
        "Interest Income Non Operating": NaN,
        "Operating Income": NaN,
        "Operating Expense": NaN,
        "Other Operating Expenses": NaN,
        "Depreciation Amortization Depletion Income Statement": NaN,
        "Depreciation And Amortization In Income Statement": NaN,
        "Selling General And Administration": NaN,
        "Selling And Marketing Expense": NaN,
        "General And Administrative Expense": NaN,
        "Other Gand A": NaN,
        "Gross Profit": NaN,
        "Cost Of Revenue": NaN,
        "Total Revenue": NaN,
        "Operating Revenue": NaN
    },
    "2022-11-30": {
        "Tax Effect Of Unusual Items": NaN,
        "Tax Rate For Calcs": NaN,
        "Normalized EBITDA": NaN,
        "Total Unusual Items": 0.0,
        "Total Unusual Items Excluding Goodwill": 0.0,
        "Net Income From Continuing Operation Net Minority Interest": NaN,
        "Reconciled Depreciation": NaN,
        "Reconciled Cost Of Revenue": NaN,
        "EBITDA": NaN,
        "EBIT": NaN,
        "Net Interest Income": NaN,
        "Interest Expense": NaN,
        "Interest Income": NaN,
        "Normalized Income": NaN,
        "Net Income From Continuing And Discontinued Operation": NaN,
        "Total Expenses": NaN,
        "Total Operating Income As Reported": NaN,
        "Diluted Average Shares": NaN,
        "Basic Average Shares": NaN,
        "Diluted EPS": NaN,
        "Basic EPS": NaN,
        "Diluted NI Availto Com Stockholders": NaN,
        "Net Income Common Stockholders": NaN,
        "Net Income": NaN,
        "Net Income Including Noncontrolling Interests": NaN,
        "Net Income Discontinuous Operations": NaN,
        "Net Income Continuous Operations": NaN,
        "Tax Provision": NaN,
        "Pretax Income": NaN,
        "Other Income Expense": 3062.0,
        "Other Non Operating Income Expenses": 3062.0,
        "Special Income Charges": 0.0,
        "Net Non Operating Interest Income Expense": NaN,
        "Interest Expense Non Operating": NaN,
        "Interest Income Non Operating": NaN,
        "Operating Income": NaN,
        "Operating Expense": NaN,
        "Other Operating Expenses": NaN,
        "Depreciation Amortization Depletion Income Statement": NaN,
        "Depreciation And Amortization In Income Statement": NaN,
        "Selling General And Administration": NaN,
        "Selling And Marketing Expense": NaN,
        "General And Administrative Expense": NaN,
        "Other Gand A": NaN,
        "Gross Profit": NaN,
        "Cost Of Revenue": NaN,
        "Total Revenue": NaN,
        "Operating Revenue": NaN
    },
    "2022-08-31": {
        "Tax Effect Of Unusual Items": NaN,
        "Tax Rate For Calcs": NaN,
        "Normalized EBITDA": NaN,
        "Total Unusual Items": 0.0,
        "Total Unusual Items Excluding Goodwill": 0.0,
        "Net Income From Continuing Operation Net Minority Interest": NaN,
        "Reconciled Depreciation": NaN,
        "Reconciled Cost Of Revenue": NaN,
        "EBITDA": NaN,
        "EBIT": NaN,
        "Net Interest Income": NaN,
        "Interest Expense": NaN,
        "Interest Income": NaN,
        "Normalized Income": NaN,
        "Net Income From Continuing And Discontinued Operation": NaN,
        "Total Expenses": NaN,
        "Total Operating Income As Reported": NaN,
        "Diluted Average Shares": NaN,
        "Basic Average Shares": NaN,
        "Diluted EPS": NaN,
        "Basic EPS": NaN,
        "Diluted NI Availto Com Stockholders": NaN,
        "Net Income Common Stockholders": NaN,
        "Net Income": NaN,
        "Net Income Including Noncontrolling Interests": NaN,
        "Net Income Discontinuous Operations": -488695.0,
        "Net Income Continuous Operations": NaN,
        "Tax Provision": NaN,
        "Pretax Income": NaN,
        "Other Income Expense": NaN,
        "Other Non Operating Income Expenses": NaN,
        "Special Income Charges": 0.0,
        "Net Non Operating Interest Income Expense": NaN,
        "Interest Expense Non Operating": NaN,
        "Interest Income Non Operating": NaN,
        "Operating Income": NaN,
        "Operating Expense": NaN,
        "Other Operating Expenses": NaN,
        "Depreciation Amortization Depletion Income Statement": NaN,
        "Depreciation And Amortization In Income Statement": NaN,
        "Selling General And Administration": NaN,
        "Selling And Marketing Expense": NaN,
        "General And Administrative Expense": NaN,
        "Other Gand A": NaN,
        "Gross Profit": NaN,
        "Cost Of Revenue": NaN,
        "Total Revenue": NaN,
        "Operating Revenue": NaN
    },
    "2022-05-31": {
        "Tax Effect Of Unusual Items": 0.0,
        "Tax Rate For Calcs": 0.217687,
        "Normalized EBITDA": -22000.0,
        "Total Unusual Items": 0.0,
        "Total Unusual Items Excluding Goodwill": 0.0,
        "Net Income From Continuing Operation Net Minority Interest": -115000.0,
        "Reconciled Depreciation": 127000.0,
        "Reconciled Cost Of Revenue": 5218000.0,
        "EBIT": -149000.0,
        "Net Interest Income": 2000.0,
        "Interest Expense": NaN,
        "Interest Income": 2000.0,
        "Normalized Income": -115000.0,
        "Net Income From Continuing And Discontinued Operation": -115000.0,
        "Total Expenses": 7976000.0,
        "Total Operating Income As Reported": -149000.0,
        "Diluted Average Shares": 6206939.0,
        "Basic Average Shares": 6206939.0,
        "Diluted EPS": -0.02,
        "Basic EPS": -0.02,
        "Diluted NI Availto Com Stockholders": -115000.0,
        "Net Income Common Stockholders": -115000.0,
        "Net Income": -115000.0,
        "Net Income Including Noncontrolling Interests": -115000.0,
        "Net Income Discontinuous Operations": NaN,
        "Net Income Continuous Operations": -115000.0,
        "Tax Provision": -32000.0,
        "Pretax Income": -147000.0,
        "Other Income Expense": NaN,
        "Other Non Operating Income Expenses": NaN,
        "Special Income Charges": 0.0,
        "Impairment Of Capital Assets": 0.0,
        "Restructuring And Mergern Acquisition": 0.0,
        "Net Non Operating Interest Income Expense": 2000.0,
        "Interest Expense Non Operating": NaN,
        "Interest Income Non Operating": 2000.0,
        "Operating Income": -149000.0,
        "Operating Expense": 2758000.0,
        "Other Operating Expenses": 472000.0,
        "Depreciation Amortization Depletion Income Statement": 127000.0,
        "Depreciation And Amortization In Income Statement": 127000.0,
        "Selling General And Administration": 2159000.0,
        "Selling And Marketing Expense": 528000.0,
        "General And Administrative Expense": 1631000.0,
        "Other Gand A": 1631000.0,
        "Gross Profit": 2609000.0,
        "Cost Of Revenue": 5218000.0,
        "Total Revenue": 7827000.0,
        "Operating Revenue": 7827000.0
    },
    "2022-02-28": {
        "Diluted EPS": 0.06,
        "Total Revenue": 5,
        "Gross Profit": 1,
        "Operating Income": 0,
        "EBIT": 0,
        "Net Income": 0
    },
    "2021-11-30": {
        "Diluted EPS": -0.24,
        "Total Revenue": 9,
        "Gross Profit": 3,
        "Operating Income": -2,
        "EBIT": -2,
        "Net Income": -1
    },
    "2021-08-31": {
        "Diluted EPS": 0.03,
        "Total Revenue": 8,
        "Gross Profit": 4,
        "Operating Income": 0,
        "EBIT": 1,
        "Net Income": 0
    },
    "2021-05-31": {
        "Diluted EPS": 0.09,
        "Total Revenue": 8,
        "Gross Profit": 3,
        "Operating Income": 1,
        "EBIT": 1,
        "Net Income": 1
    },
    "2021-02-28": {
        "Diluted EPS": 0.37,
        "Total Revenue": 7,
        "Gross Profit": 1,
        "Operating Income": 2,
        "EBIT": 1,
        "Net Income": 2
    },
    "2020-11-30": {
        "Diluted EPS": 0.08,
        "Total Revenue": 7,
        "Gross Profit": 3,
        "Operating Income": 0,
        "EBIT": 1,
        "Net Income": 1
    },
    "2020-08-31": {
        "Diluted EPS": 0.01,
        "Total Revenue": 5,
        "Gross Profit": 2,
        "Operating Income": 0,
        "EBIT": 0,
        "Net Income": 0
    },
    "2020-05-31": {
        "Diluted EPS": -0.61,
        "Total Revenue": 3,
        "Gross Profit": 0,
        "Operating Income": -5,
        "EBIT": -4,
        "Net Income": -4
    },
    "2020-02-29": {
        "Diluted EPS": -0.08,
        "Total Revenue": 8,
        "Gross Profit": 3,
        "Operating Income": -1,
        "EBIT": 0,
        "Net Income": -1
    },
    "2019-11-30": {
        "Diluted EPS": -0.01,
        "Total Revenue": 8,
        "Gross Profit": 3,
        "Operating Income": 0,
        "EBIT": 0,
        "Net Income": 0
    },
    "2019-08-31": {
        "Diluted EPS": 0.15,
        "Total Revenue": 7,
        "Gross Profit": 4,
        "Operating Income": 1,
        "EBIT": 2,
        "Net Income": 1
    },
    "2019-05-31": {
        "Diluted EPS": 0.11,
        "Total Revenue": 8,
        "Gross Profit": 4,
        "Operating Income": 1,
        "EBIT": 1,
        "Net Income": 1
    },
    "2019-02-28": {
        "Diluted EPS": 0.05,
        "Total Revenue": 9,
        "Gross Profit": 3,
        "Operating Income": 1,
        "EBIT": 1,
        "Net Income": 0
    },
    "2018-11-30": {
        "Diluted EPS": 0.09,
        "Total Revenue": 9,
        "Gross Profit": 3,
        "Operating Income": 1,
        "EBIT": 1,
        "Net Income": 1
    },
    "2018-08-31": {
        "Diluted EPS": 0.13,
        "Total Revenue": 8,
        "Gross Profit": 4,
        "Operating Income": 1,
        "EBIT": 1,
        "Net Income": 1
    },
    "2018-05-31": {
        "Diluted EPS": 0.1,
        "Total Revenue": 8,
        "Gross Profit": 4,
        "Operating Income": 1,
        "EBIT": 1,
        "Net Income": 1
    },
    "2018-02-28": {
        "Diluted EPS": 0.07,
        "Total Revenue": 11,
        "Gross Profit": 4,
        "Operating Income": 1,
        "EBIT": 2,
        "Net Income": 0
    },
    "2017-11-30": {
        "Diluted EPS": 0.13,
        "Total Revenue": 10,
        "Gross Profit": 4,
        "Operating Income": 1,
        "EBIT": 2,
        "Net Income": 1
    },
    "2017-08-31": {
        "Diluted EPS": 0.16,
        "Total Revenue": 8,
        "Gross Profit": 4,
        "Operating Income": 2,
        "EBIT": 2,
        "Net Income": 1
    },
    "2017-05-31": {
        "Diluted EPS": 0.14,
        "Total Revenue": 9,
        "Gross Profit": 4,
        "Operating Income": 1,
        "EBIT": 2,
        "Net Income": 1
    },
    "2017-02-28": {
        "Diluted EPS": 0.13,
        "Total Revenue": 10,
        "Gross Profit": 4,
        "Operating Income": 1,
        "EBIT": 1,
        "Net Income": 1
    },
    "2016-11-30": {
        "Diluted EPS": 0.17,
        "Total Revenue": 10,
        "Gross Profit": 4,
        "Operating Income": 2,
        "EBIT": 2,
        "Net Income": 1
    },
    "2016-08-31": {
        "Diluted EPS": 0.16,
        "Total Revenue": 9,
        "Gross Profit": 5,
        "Operating Income": 2,
        "EBIT": 2,
        "Net Income": 1
    },
    "2016-05-31": {
        "Diluted EPS": 0.12,
        "Total Revenue": 9,
        "Gross Profit": 5,
        "Operating Income": 1,
        "EBIT": 2,
        "Net Income": 1
    },
    "2016-02-29": {
        "Diluted EPS": 0.41,
        "Total Revenue": 11,
        "Gross Profit": 5,
        "Operating Income": -1,
        "EBIT": 0,
        "Net Income": 2
    },
    "2015-11-30": {
        "Diluted EPS": 0.07,
        "Total Revenue": 10,
        "Gross Profit": 5,
        "Operating Income": 1,
        "EBIT": 2,
        "Net Income": 0
    },
    "2015-08-31": {
        "Diluted EPS": 0.13,
        "Total Revenue": 9,
        "Gross Profit": 5,
        "Operating Income": 2,
        "EBIT": 2,
        "Net Income": 1
    },
    "2015-05-31": {
        "Diluted EPS": 0.12,
        "Total Revenue": 10,
        "Gross Profit": 5,
        "Operating Income": 1,
        "EBIT": 2,
        "Net Income": 1
    },
    "2015-02-28": {
        "Diluted EPS": 0.21,
        "Total Revenue": 11,
        "Gross Profit": 5,
        "Operating Income": 2,
        "EBIT": 2,
        "Net Income": 1
    },
    "2014-11-30": {
        "Diluted EPS": 0.15,
        "Total Revenue": 11,
        "Gross Profit": 5,
        "Operating Income": 2,
        "EBIT": 2,
        "Net Income": 1
    },
    "2014-08-31": {
        "Diluted EPS": 0.14,
        "Total Revenue": 9,
        "Gross Profit": 6,
        "Operating Income": 1,
        "EBIT": 2,
        "Net Income": 1
    },
    "2014-05-31": {
        "Diluted EPS": 0.11,
        "Total Revenue": 10,
        "Gross Profit": 5,
        "Operating Income": 1,
        "EBIT": 2,
        "Net Income": 1
    },
    "2014-02-28": {
        "Diluted EPS": 0.22,
        "Total Revenue": 11,
        "Gross Profit": 5,
        "Operating Income": 1,
        "EBIT": 1,
        "Net Income": 1
    },
    "2013-11-30": {
        "Diluted EPS": 0.11,
        "Total Revenue": 9,
        "Gross Profit": 4,
        "Operating Income": 1,
        "EBIT": 1,
        "Net Income": 1
    },
    "2013-08-31": {
        "Diluted EPS": 0.16,
        "Total Revenue": 9,
        "Gross Profit": 5,
        "Operating Income": 2,
        "EBIT": 2,
        "Net Income": 1
    },
    "2013-05-31": {
        "Diluted EPS": 0.19,
        "Total Revenue": 10,
        "Gross Profit": 5,
        "Operating Income": 2,
        "EBIT": 2,
        "Net Income": 1
    },
    "2013-02-28": {
        "Diluted EPS": 0.02,
        "Total Revenue": 10,
        "Gross Profit": 5,
        "Operating Income": 0,
        "EBIT": 1,
        "Net Income": 0
    },
    "2012-11-30": {
        "Diluted EPS": -0.08,
        "Total Revenue": 9,
        "Gross Profit": 4,
        "Operating Income": -1,
        "EBIT": -1,
        "Net Income": -1
    },
    "2012-08-31": {
        "Diluted EPS": 0.13,
        "Total Revenue": 8,
        "Gross Profit": 4,
        "Operating Income": 1,
        "EBIT": 1,
        "Net Income": 1
    },
    "2012-05-31": {
        "Diluted EPS": 0.17,
        "Total Revenue": 10,
        "Gross Profit": 5,
        "Operating Income": 2,
        "EBIT": 2,
        "Net Income": 1
    },
    "2012-02-29": {
        "Diluted EPS": 0.21,
        "Total Revenue": 10,
        "Gross Profit": 5,
        "Operating Income": 2,
        "EBIT": 2,
        "Net Income": 1
    },
    "2011-11-30": {
        "Diluted EPS": 0.12,
        "Total Revenue": 8,
        "Gross Profit": 4,
        "Operating Income": 1,
        "EBIT": 1,
        "Net Income": 1
    },
    "2011-08-31": {
        "Diluted EPS": 0.14,
        "Total Revenue": 8,
        "Gross Profit": 4,
        "Operating Income": 1,
        "EBIT": 2,
        "Net Income": 1
    },
    "2011-05-31": {
        "Diluted EPS": 0.15,
        "Total Revenue": 9,
        "Gross Profit": 4,
        "Operating Income": 1,
        "EBIT": 2,
        "Net Income": 1
    },
    "2011-02-28": {
        "Diluted EPS": 0.18,
        "Total Revenue": 9,
        "Gross Profit": 4,
        "Operating Income": 2,
        "EBIT": 2,
        "Net Income": 1
    },
    "2010-11-30": {
        "Diluted EPS": 0.14,
        "Total Revenue": 8,
        "Gross Profit": 4,
        "Operating Income": 1,
        "EBIT": 1,
        "Net Income": 1
    },
    "2010-08-31": {
        "Diluted EPS": 0.15,
        "Total Revenue": 7,
        "Gross Profit": 4,
        "Operating Income": 1,
        "EBIT": 2,
        "Net Income": 1
    },
    "2010-05-31": {
        "Diluted EPS": 0.15,
        "Total Revenue": 8,
        "Gross Profit": 4,
        "Operating Income": 1,
        "EBIT": 2,
        "Net Income": 1
    },
    "2010-02-28": {
        "Diluted EPS": 0.2,
        "Total Revenue": 9,
        "Gross Profit": 4,
        "Operating Income": 2,
        "EBIT": 2,
        "Net Income": 1
    },
    "2009-11-30": {
        "Diluted EPS": 0.12,
        "Total Revenue": 7,
        "Gross Profit": 3,
        "Operating Income": 1,
        "EBIT": 1,
        "Net Income": 1
    },
    "2009-08-31": {
        "Diluted EPS": 0.14,
        "Total Revenue": 6,
        "Gross Profit": 3,
        "Operating Income": 1,
        "EBIT": 2,
        "Net Income": 1
    },
    "2009-05-31": {
        "Diluted EPS": 0.12,
        "Total Revenue": 7,
        "Gross Profit": 3,
        "Operating Income": 1,
        "EBIT": 1,
        "Net Income": 1
    },
    "2009-02-28": {
        "Diluted EPS": 0.16,
        "Total Revenue": 8,
        "Gross Profit": 4,
        "Operating Income": 2,
        "EBIT": 2,
        "Net Income": 1
    },
    "2023-08-31": {
        "Tax Effect Of Unusual Items": NaN,
        "Tax Rate For Calcs": NaN,
        "Normalized EBITDA": NaN,
        "Total Unusual Items": 0.0,
        "Total Unusual Items Excluding Goodwill": 0.0,
        "Net Income From Continuing Operation Net Minority Interest": NaN,
        "Reconciled Depreciation": NaN,
        "Reconciled Cost Of Revenue": NaN,
        "EBITDA": NaN,
        "EBIT": NaN,
        "Net Interest Income": NaN,
        "Interest Expense": NaN,
        "Interest Income": NaN,
        "Normalized Income": NaN,
        "Net Income From Continuing And Discontinued Operation": NaN,
        "Total Expenses": NaN,
        "Total Operating Income As Reported": NaN,
        "Diluted Average Shares": 6239078.0,
        "Basic Average Shares": 6239078.0,
        "Diluted EPS": -0.16,
        "Basic EPS": -0.16,
        "Diluted NI Availto Com Stockholders": NaN,
        "Net Income Common Stockholders": NaN,
        "Net Income": NaN,
        "Net Income Including Noncontrolling Interests": NaN,
        "Net Income Discontinuous Operations": NaN,
        "Net Income Continuous Operations": NaN,
        "Tax Provision": NaN,
        "Pretax Income": NaN,
        "Other Income Expense": NaN,
        "Special Income Charges": 0.0,
        "Gain On Sale Of Ppe": 0.0,
        "Net Non Operating Interest Income Expense": NaN,
        "Interest Expense Non Operating": NaN,
        "Interest Income Non Operating": NaN,
        "Operating Income": NaN,
        "Operating Expense": NaN,
        "Other Operating Expenses": NaN,
        "Depreciation Amortization Depletion Income Statement": NaN,
        "Depreciation And Amortization In Income Statement": NaN,
        "Selling General And Administration": NaN,
        "Selling And Marketing Expense": NaN,
        "General And Administrative Expense": NaN,
        "Other Gand A": NaN,
        "Gross Profit": NaN,
        "Cost Of Revenue": NaN,
        "Total Revenue": NaN,
        "Operating Revenue": NaN
    },
    "2023-11-30": {
        "Tax Effect Of Unusual Items": NaN,
        "Tax Rate For Calcs": NaN,
        "Normalized EBITDA": NaN,
        "Total Unusual Items": 0.0,
        "Total Unusual Items Excluding Goodwill": 0.0,
        "Net Income From Continuing Operation Net Minority Interest": NaN,
        "Reconciled Depreciation": NaN,
        "Reconciled Cost Of Revenue": NaN,
        "EBITDA": NaN,
        "EBIT": NaN,
        "Net Interest Income": NaN,
        "Interest Expense": NaN,
        "Interest Income": NaN,
        "Normalized Income": NaN,
        "Net Income From Continuing And Discontinued Operation": NaN,
        "Total Expenses": NaN,
        "Total Operating Income As Reported": NaN,
        "Diluted Average Shares": 6302159.0,
        "Basic Average Shares": 6302159.0,
        "Diluted EPS": -0.12,
        "Basic EPS": -0.12,
        "Diluted NI Availto Com Stockholders": NaN,
        "Net Income Common Stockholders": NaN,
        "Net Income": NaN,
        "Net Income Including Noncontrolling Interests": NaN,
        "Net Income Discontinuous Operations": NaN,
        "Net Income Continuous Operations": NaN,
        "Tax Provision": NaN,
        "Pretax Income": NaN,
        "Other Income Expense": NaN,
        "Special Income Charges": 0.0,
        "Gain On Sale Of Ppe": 0.0,
        "Net Non Operating Interest Income Expense": NaN,
        "Interest Expense Non Operating": NaN,
        "Interest Income Non Operating": NaN,
        "Operating Income": NaN,
        "Operating Expense": NaN,
        "Other Operating Expenses": NaN,
        "Depreciation Amortization Depletion Income Statement": NaN,
        "Depreciation And Amortization In Income Statement": NaN,
        "Selling General And Administration": NaN,
        "Selling And Marketing Expense": NaN,
        "General And Administrative Expense": NaN,
        "Other Gand A": NaN,
        "Gross Profit": NaN,
        "Cost Of Revenue": NaN,
        "Total Revenue": NaN,
        "Operating Revenue": NaN
    },
    "2024-02-29": {
        "Tax Effect Of Unusual Items": 0.0,
        "Tax Rate For Calcs": 0.0,
        "Normalized EBITDA": -1315574.0,
        "Total Unusual Items": NaN,
        "Total Unusual Items Excluding Goodwill": NaN,
        "Net Income From Continuing Operation Net Minority Interest": -1592435.0,
        "Reconciled Depreciation": 247367.0,
        "Reconciled Cost Of Revenue": 6000207.0,
        "EBITDA": -1315574.0,
        "EBIT": -1562941.0,
        "Net Interest Income": -17452.0,
        "Interest Expense": 29494.0,
        "Interest Income": 12042.0,
        "Normalized Income": -1592435.0,
        "Net Income From Continuing And Discontinued Operation": -1592435.0,
        "Total Expenses": 8834405.0,
        "Total Operating Income As Reported": -1574983.0,
        "Diluted Average Shares": NaN,
        "Basic Average Shares": NaN,
        "Diluted EPS": NaN,
        "Basic EPS": NaN,
        "Diluted NI Availto Com Stockholders": -1592435.0,
        "Net Income Common Stockholders": -1592435.0,
        "Net Income": -1592435.0,
        "Net Income Including Noncontrolling Interests": -1592435.0,
        "Net Income Discontinuous Operations": 0.0,
        "Net Income Continuous Operations": -1592435.0,
        "Tax Provision": 0.0,
        "Pretax Income": -1592435.0,
        "Other Income Expense": NaN,
        "Special Income Charges": NaN,
        "Gain On Sale Of Ppe": NaN,
        "Net Non Operating Interest Income Expense": -17452.0,
        "Interest Expense Non Operating": 29494.0,
        "Interest Income Non Operating": 12042.0,
        "Operating Income": -1574983.0,
        "Operating Expense": 2625703.0,
        "Other Operating Expenses": 220475.0,
        "Depreciation Amortization Depletion Income Statement": 38872.0,
        "Depreciation And Amortization In Income Statement": 38872.0,
        "Selling General And Administration": 2366356.0,
        "Selling And Marketing Expense": 644688.0,
        "General And Administrative Expense": 1721668.0,
        "Other Gand A": 1721668.0,
        "Gross Profit": 1050720.0,
        "Cost Of Revenue": 6208702.0,
        "Total Revenue": 7259422.0,
        "Operating Revenue": 7259422.0
    },
    "2024-05-31": {
        "Tax Effect Of Unusual Items": 0.0,
        "Tax Rate For Calcs": 0.0,
        "Normalized EBITDA": -1385000.0,
        "Total Unusual Items": NaN,
        "Total Unusual Items Excluding Goodwill": NaN,
        "Net Income From Continuing Operation Net Minority Interest": -1658000.0,
        "Reconciled Depreciation": 238000.0,
        "Reconciled Cost Of Revenue": 5931000.0,
        "EBITDA": -1385000.0,
        "EBIT": -1623000.0,
        "Net Interest Income": -28000.0,
        "Interest Expense": 35000.0,
        "Interest Income": 7000.0,
        "Normalized Income": -1658000.0,
        "Net Income From Continuing And Discontinued Operation": -1658000.0,
        "Total Expenses": 8037000.0,
        "Total Operating Income As Reported": -1630000.0,
        "Diluted Average Shares": 6322329.0,
        "Basic Average Shares": 6322329.0,
        "Diluted EPS": -0.26,
        "Basic EPS": -0.26,
        "Diluted NI Availto Com Stockholders": -1658000.0,
        "Net Income Common Stockholders": -1658000.0,
        "Net Income": -1658000.0,
        "Net Income Including Noncontrolling Interests": -1658000.0,
        "Net Income Discontinuous Operations": 0.0,
        "Net Income Continuous Operations": -1658000.0,
        "Tax Provision": 0.0,
        "Pretax Income": -1658000.0,
        "Other Income Expense": NaN,
        "Special Income Charges": NaN,
        "Gain On Sale Of Ppe": NaN,
        "Net Non Operating Interest Income Expense": -28000.0,
        "Interest Expense Non Operating": 35000.0,
        "Interest Income Non Operating": 7000.0,
        "Operating Income": -1630000.0,
        "Operating Expense": 1910000.0,
        "Other Operating Expenses": 199000.0,
        "Depreciation Amortization Depletion Income Statement": 42000.0,
        "Depreciation And Amortization In Income Statement": 42000.0,
        "Selling General And Administration": 1669000.0,
        "Selling And Marketing Expense": 430000.0,
        "General And Administrative Expense": 1239000.0,
        "Other Gand A": 1239000.0,
        "Gross Profit": 280000.0,
        "Cost Of Revenue": 6127000.0,
        "Total Revenue": 6407000.0,
        "Operating Revenue": 6407000.0
    },
    "2024-08-31": {
        "Tax Effect Of Unusual Items": 0.0,
        "Tax Rate For Calcs": 0.0,
        "Normalized EBITDA": -678000.0,
        "Total Unusual Items": 248000.0,
        "Total Unusual Items Excluding Goodwill": 248000.0,
        "Net Income From Continuing Operation Net Minority Interest": -722000.0,
        "Reconciled Depreciation": 229000.0,
        "Reconciled Cost Of Revenue": 5111000.0,
        "EBITDA": -430000.0,
        "EBIT": -659000.0,
        "Net Interest Income": -56000.0,
        "Interest Expense": 63000.0,
        "Interest Income": 7000.0,
        "Normalized Income": -970000.0,
        "Net Income From Continuing And Discontinued Operation": -722000.0,
        "Total Expenses": 7294000.0,
        "Total Operating Income As Reported": -914000.0,
        "Diluted Average Shares": 6686537.0,
        "Basic Average Shares": 6686537.0,
        "Diluted EPS": -0.11,
        "Basic EPS": -0.11,
        "Diluted NI Availto Com Stockholders": -722000.0,
        "Net Income Common Stockholders": -722000.0,
        "Net Income": -722000.0,
        "Net Income Including Noncontrolling Interests": -722000.0,
        "Net Income Discontinuous Operations": 0.0,
        "Net Income Continuous Operations": -722000.0,
        "Tax Provision": 0.0,
        "Pretax Income": -722000.0,
        "Other Income Expense": 248000.0,
        "Special Income Charges": 248000.0,
        "Gain On Sale Of Ppe": 248000.0,
        "Net Non Operating Interest Income Expense": -56000.0,
        "Interest Expense Non Operating": 63000.0,
        "Interest Income Non Operating": 7000.0,
        "Operating Income": -914000.0,
        "Operating Expense": 1992000.0,
        "Other Operating Expenses": 194000.0,
        "Depreciation Amortization Depletion Income Statement": 38000.0,
        "Depreciation And Amortization In Income Statement": 38000.0,
        "Selling General And Administration": 1760000.0,
        "Selling And Marketing Expense": 138000.0,
        "General And Administrative Expense": 1622000.0,
        "Other Gand A": 1622000.0,
        "Gross Profit": 1078000.0,
        "Cost Of Revenue": 5302000.0,
        "Total Revenue": 6380000.0,
        "Operating Revenue": 6380000.0
    },
    "2024-11-30": {
        "Tax Effect Of Unusual Items": 0.0,
        "Tax Rate For Calcs": 0.0,
        "Normalized EBITDA": -419000.0,
        "Total Unusual Items": 6000.0,
        "Total Unusual Items Excluding Goodwill": 6000.0,
        "Net Income From Continuing Operation Net Minority Interest": -847000.0,
        "Reconciled Depreciation": 274000.0,
        "Reconciled Cost Of Revenue": 6449000.0,
        "EBITDA": -413000.0,
        "EBIT": -687000.0,
        "Net Interest Income": -153000.0,
        "Interest Expense": 160000.0,
        "Interest Income": 7000.0,
        "Normalized Income": -853000.0,
        "Net Income From Continuing And Discontinued Operation": -847000.0,
        "Total Expenses": 8593000.0,
        "Total Operating Income As Reported": -700000.0,
        "Diluted Average Shares": 7643690.0,
        "Basic Average Shares": 7643690.0,
        "Diluted EPS": -0.11,
        "Basic EPS": -0.11,
        "Diluted NI Availto Com Stockholders": -847000.0,
        "Net Income Common Stockholders": -847000.0,
        "Net Income": -847000.0,
        "Net Income Including Noncontrolling Interests": -847000.0,
        "Net Income Discontinuous Operations": 0.0,
        "Net Income Continuous Operations": -847000.0,
        "Tax Provision": 0.0,
        "Pretax Income": -847000.0,
        "Other Income Expense": 6000.0,
        "Special Income Charges": 6000.0,
        "Gain On Sale Of Ppe": 6000.0,
        "Net Non Operating Interest Income Expense": -153000.0,
        "Interest Expense Non Operating": 160000.0,
        "Interest Income Non Operating": 7000.0,
        "Operating Income": -700000.0,
        "Operating Expense": 1933000.0,
        "Other Operating Expenses": 171000.0,
        "Depreciation Amortization Depletion Income Statement": 63000.0,
        "Depreciation And Amortization In Income Statement": 63000.0,
        "Selling General And Administration": 1699000.0,
        "Selling And Marketing Expense": 272000.0,
        "General And Administrative Expense": 1427000.0,
        "Other Gand A": 1427000.0,
        "Gross Profit": 1233000.0,
        "Cost Of Revenue": 6660000.0,
        "Total Revenue": 7893000.0,
        "Operating Revenue": 7893000.0
    },
    "2025-02-28": {
        "Tax Effect Of Unusual Items": 0.0,
        "Tax Rate For Calcs": 0.0,
        "Normalized EBITDA": -2483000.0,
        "Total Unusual Items": -7000.0,
        "Total Unusual Items Excluding Goodwill": -7000.0,
        "Net Income From Continuing Operation Net Minority Interest": -2895000.0,
        "Reconciled Depreciation": 209000.0,
        "Reconciled Cost Of Revenue": 8064000.0,
        "EBITDA": -2490000.0,
        "EBIT": -2699000.0,
        "Net Interest Income": -190000.0,
        "Interest Expense": 196000.0,
        "Interest Income": 6000.0,
        "Normalized Income": -2888000.0,
        "Net Income From Continuing And Discontinued Operation": -2895000.0,
        "Total Expenses": 11597000.0,
        "Total Operating Income As Reported": -2698000.0,
        "Diluted Average Shares": 7678855.0,
        "Basic Average Shares": 7678855.0,
        "Diluted EPS": -0.37,
        "Basic EPS": -0.37,
        "Diluted NI Availto Com Stockholders": -2895000.0,
        "Net Income Common Stockholders": -2895000.0,
        "Net Income": -2895000.0,
        "Net Income Including Noncontrolling Interests": -2895000.0,
        "Net Income Discontinuous Operations": 0.0,
        "Net Income Continuous Operations": -2895000.0,
        "Tax Provision": 0.0,
        "Pretax Income": -2895000.0,
        "Other Income Expense": -7000.0,
        "Special Income Charges": -7000.0,
        "Gain On Sale Of Ppe": -7000.0,
        "Net Non Operating Interest Income Expense": -190000.0,
        "Interest Expense Non Operating": 196000.0,
        "Interest Income Non Operating": 6000.0,
        "Operating Income": -2698000.0,
        "Operating Expense": 3356000.0,
        "Other Operating Expenses": 152000.0,
        "Depreciation Amortization Depletion Income Statement": 32000.0,
        "Depreciation And Amortization In Income Statement": 32000.0,
        "Selling General And Administration": 3172000.0,
        "Selling And Marketing Expense": 1155000.0,
        "General And Administrative Expense": 2017000.0,
        "Other Gand A": 2017000.0,
        "Gross Profit": 658000.0,
        "Cost Of Revenue": 8241000.0,
        "Total Revenue": 8899000.0,
        "Operating Revenue": 8899000.0
    }
}