{
    "2023-03-31": {
        "Tax Effect Of Unusual Items": NaN,
        "Tax Rate For Calcs": NaN,
        "Normalized EBITDA": NaN,
        "Net Income From Continuing Operation Net Minority Interest": NaN,
        "Reconciled Depreciation": NaN,
        "EBITDA": NaN,
        "EBIT": NaN,
        "Net Interest Income": NaN,
        "Interest Income": NaN,
        "Normalized Income": NaN,
        "Net Income From Continuing And Discontinued Operation": NaN,
        "Total Expenses": NaN,
        "Total Operating Income As Reported": NaN,
        "Diluted Average Shares": 70433000.0,
        "Basic Average Shares": 70433000.0,
        "Diluted EPS": -0.74,
        "Basic EPS": -0.74,
        "Diluted NI Availto Com Stockholders": NaN,
        "Net Income Common Stockholders": NaN,
        "Net Income": NaN,
        "Net Income Including Noncontrolling Interests": NaN,
        "Net Income Continuous Operations": NaN,
        "Pretax Income": NaN,
        "Other Income Expense": NaN,
        "Other Non Operating Income Expenses": NaN,
        "Net Non Operating Interest Income Expense": NaN,
        "Interest Income Non Operating": NaN,
        "Operating Income": NaN,
        "Operating Expense": NaN,
        "Research And Development": NaN,
        "Selling General And Administration": NaN,
        "General And Administrative Expense": NaN,
        "Other Gand A": NaN,
        "Total Revenue": NaN,
        "Operating Revenue": NaN
    },
    "2022-12-31": {
        "Tax Effect Of Unusual Items": NaN,
        "Tax Rate For Calcs": NaN,
        "Normalized EBITDA": NaN,
        "Net Income From Continuing Operation Net Minority Interest": NaN,
        "Reconciled Depreciation": NaN,
        "EBITDA": NaN,
        "EBIT": NaN,
        "Net Interest Income": NaN,
        "Interest Income": NaN,
        "Normalized Income": NaN,
        "Net Income From Continuing And Discontinued Operation": NaN,
        "Total Expenses": NaN,
        "Total Operating Income As Reported": NaN,
        "Diluted Average Shares": 57296000.0,
        "Basic Average Shares": 57296000.0,
        "Diluted EPS": -0.88,
        "Basic EPS": -0.88,
        "Diluted NI Availto Com Stockholders": NaN,
        "Net Income Common Stockholders": NaN,
        "Net Income": NaN,
        "Net Income Including Noncontrolling Interests": NaN,
        "Net Income Continuous Operations": NaN,
        "Pretax Income": NaN,
        "Other Income Expense": NaN,
        "Other Non Operating Income Expenses": NaN,
        "Net Non Operating Interest Income Expense": NaN,
        "Interest Income Non Operating": NaN,
        "Operating Income": NaN,
        "Operating Expense": NaN,
        "Research And Development": NaN,
        "Selling General And Administration": NaN,
        "General And Administrative Expense": NaN,
        "Other Gand A": NaN,
        "Total Revenue": NaN,
        "Operating Revenue": NaN
    },
    "2022-09-30": {
        "Tax Effect Of Unusual Items": 0.0,
        "Tax Rate For Calcs": 0.0,
        "Normalized EBITDA": -44559000.0,
        "Net Income From Continuing Operation Net Minority Interest": -43599000.0,
        "Reconciled Depreciation": 370000.0,
        "EBITDA": -44559000.0,
        "EBIT": -44929000.0,
        "Net Interest Income": 1342000.0,
        "Interest Income": 1342000.0,
        "Normalized Income": -43599000.0,
        "Net Income From Continuing And Discontinued Operation": -43599000.0,
        "Total Expenses": 47411000.0,
        "Total Operating Income As Reported": -44929000.0,
        "Diluted Average Shares": 53069000.0,
        "Basic Average Shares": 53069000.0,
        "Diluted EPS": -0.82,
        "Basic EPS": -0.82,
        "Diluted NI Availto Com Stockholders": -43599000.0,
        "Net Income Common Stockholders": -43599000.0,
        "Net Income": -43599000.0,
        "Net Income Including Noncontrolling Interests": -43599000.0,
        "Net Income Continuous Operations": -43599000.0,
        "Pretax Income": -43599000.0,
        "Other Income Expense": -12000.0,
        "Other Non Operating Income Expenses": -12000.0,
        "Net Non Operating Interest Income Expense": 1342000.0,
        "Interest Income Non Operating": 1342000.0,
        "Operating Income": -44929000.0,
        "Operating Expense": 47411000.0,
        "Research And Development": 37317000.0,
        "Selling General And Administration": 10094000.0,
        "General And Administrative Expense": 10094000.0,
        "Other Gand A": 10094000.0,
        "Total Revenue": 2482000.0,
        "Operating Revenue": 2482000.0
    },
    "2022-06-30": {
        "Tax Effect Of Unusual Items": 0.0,
        "Tax Rate For Calcs": 0.0,
        "Normalized EBITDA": -45977000.0,
        "Net Income From Continuing Operation Net Minority Interest": -45690000.0,
        "Reconciled Depreciation": 322000.0,
        "EBITDA": -45977000.0,
        "EBIT": -46299000.0,
        "Net Interest Income": 611000.0,
        "Interest Income": 611000.0,
        "Normalized Income": -45690000.0,
        "Net Income From Continuing And Discontinued Operation": -45690000.0,
        "Total Expenses": 48477000.0,
        "Total Operating Income As Reported": -46299000.0,
        "Diluted Average Shares": 49927000.0,
        "Basic Average Shares": 49927000.0,
        "Diluted EPS": -0.92,
        "Basic EPS": -0.92,
        "Diluted NI Availto Com Stockholders": -45690000.0,
        "Net Income Common Stockholders": -45690000.0,
        "Net Income": -45690000.0,
        "Net Income Including Noncontrolling Interests": -45690000.0,
        "Net Income Continuous Operations": -45690000.0,
        "Pretax Income": -45690000.0,
        "Other Income Expense": -2000.0,
        "Other Non Operating Income Expenses": -2000.0,
        "Net Non Operating Interest Income Expense": 611000.0,
        "Interest Income Non Operating": 611000.0,
        "Operating Income": -46299000.0,
        "Operating Expense": 48477000.0,
        "Research And Development": 39789000.0,
        "Selling General And Administration": 8688000.0,
        "General And Administrative Expense": 8688000.0,
        "Other Gand A": 8688000.0,
        "Total Revenue": 2178000.0,
        "Operating Revenue": 2178000.0
    },
    "2022-03-31": {
        "Diluted EPS": -0.71,
        "Total Revenue": 2,
        "Gross Profit": 2,
        "Operating Income": -34,
        "EBIT": -34,
        "Net Income": -34
    },
    "2021-12-31": {
        "Diluted EPS": -0.83,
        "Total Revenue": 2,
        "Gross Profit": 2,
        "Operating Income": -39,
        "EBIT": -38,
        "Net Income": -39
    },
    "2021-09-30": {
        "Diluted EPS": -0.68,
        "Total Revenue": 2,
        "Gross Profit": 2,
        "Operating Income": -29,
        "EBIT": -29,
        "Net Income": -29
    },
    "2021-06-30": {
        "Diluted EPS": -0.7,
        "Total Revenue": 3,
        "Gross Profit": 3,
        "Operating Income": -26,
        "EBIT": -26,
        "Net Income": -26
    },
    "2021-03-31": {
        "Diluted EPS": -0.64,
        "Total Revenue": 3,
        "Gross Profit": 3,
        "Operating Income": -24,
        "EBIT": -24,
        "Net Income": -24
    },
    "2020-12-31": {
        "Diluted EPS": 1.63,
        "Total Revenue": 2,
        "Gross Profit": 2,
        "Operating Income": -16,
        "EBIT": -16,
        "Net Income": -16
    },
    "2020-09-30": {
        "Diluted EPS": -0.31,
        "Total Revenue": 2,
        "Gross Profit": 2,
        "Operating Income": -11,
        "EBIT": -11,
        "Net Income": -11
    },
    "2020-06-30": {
        "Diluted EPS": -1.23,
        "Total Revenue": 2,
        "Gross Profit": 2,
        "Operating Income": -10,
        "EBIT": -10,
        "Net Income": -11
    },
    "2020-03-31": {
        "Diluted EPS": -2.14,
        "Total Revenue": 1,
        "Gross Profit": 1,
        "Operating Income": -6,
        "EBIT": -6,
        "Net Income": -6
    },
    "2019-12-31": {
        "Diluted EPS": 0.0,
        "Total Revenue": NaN,
        "Gross Profit": NaN,
        "Operating Income": NaN,
        "EBIT": NaN,
        "Net Income": NaN
    },
    "2019-09-30": {
        "Diluted EPS": -2.43,
        "Total Revenue": 1,
        "Gross Profit": 1,
        "Operating Income": -5,
        "EBIT": -5,
        "Net Income": -7
    },
    "2019-06-30": {
        "Diluted EPS": -1.89,
        "Total Revenue": 0,
        "Gross Profit": 0,
        "Operating Income": -4,
        "EBIT": -4,
        "Net Income": -5
    },
    "2018-12-31": {
        "Diluted EPS": 0.0,
        "Total Revenue": NaN,
        "Gross Profit": NaN,
        "Operating Income": NaN,
        "EBIT": NaN,
        "Net Income": NaN
    },
    "2023-06-30": {
        "Tax Effect Of Unusual Items": NaN,
        "Tax Rate For Calcs": NaN,
        "Normalized EBITDA": NaN,
        "Net Income From Continuing Operation Net Minority Interest": NaN,
        "Reconciled Depreciation": NaN,
        "EBITDA": NaN,
        "EBIT": NaN,
        "Net Interest Income": NaN,
        "Interest Income": NaN,
        "Normalized Income": NaN,
        "Net Income From Continuing And Discontinued Operation": NaN,
        "Total Expenses": NaN,
        "Total Operating Income As Reported": NaN,
        "Diluted Average Shares": 71390000.0,
        "Basic Average Shares": 71390000.0,
        "Diluted EPS": -0.66,
        "Basic EPS": -0.66,
        "Diluted NI Availto Com Stockholders": NaN,
        "Net Income Common Stockholders": NaN,
        "Net Income": NaN,
        "Net Income Including Noncontrolling Interests": NaN,
        "Net Income Continuous Operations": NaN,
        "Pretax Income": NaN,
        "Other Income Expense": NaN,
        "Other Non Operating Income Expenses": NaN,
        "Net Non Operating Interest Income Expense": NaN,
        "Interest Income Non Operating": NaN,
        "Operating Income": NaN,
        "Operating Expense": NaN,
        "Research And Development": NaN,
        "Selling General And Administration": NaN,
        "General And Administrative Expense": NaN,
        "Other Gand A": NaN,
        "Total Revenue": NaN,
        "Operating Revenue": NaN
    },
    "2023-09-30": {
        "Tax Effect Of Unusual Items": NaN,
        "Tax Rate For Calcs": NaN,
        "Normalized EBITDA": NaN,
        "Net Income From Continuing Operation Net Minority Interest": NaN,
        "Reconciled Depreciation": NaN,
        "EBITDA": NaN,
        "EBIT": NaN,
        "Net Interest Income": NaN,
        "Interest Income": NaN,
        "Normalized Income": NaN,
        "Net Income From Continuing And Discontinued Operation": NaN,
        "Total Expenses": NaN,
        "Total Operating Income As Reported": NaN,
        "Diluted Average Shares": 74097000.0,
        "Basic Average Shares": 74097000.0,
        "Diluted EPS": -0.71,
        "Basic EPS": -0.71,
        "Diluted NI Availto Com Stockholders": NaN,
        "Net Income Common Stockholders": NaN,
        "Net Income": NaN,
        "Net Income Including Noncontrolling Interests": NaN,
        "Net Income Continuous Operations": NaN,
        "Pretax Income": NaN,
        "Other Income Expense": NaN,
        "Other Non Operating Income Expenses": NaN,
        "Net Non Operating Interest Income Expense": NaN,
        "Interest Income Non Operating": NaN,
        "Operating Income": NaN,
        "Operating Expense": NaN,
        "Research And Development": NaN,
        "Selling General And Administration": NaN,
        "General And Administrative Expense": NaN,
        "Other Gand A": NaN,
        "Total Revenue": NaN,
        "Operating Revenue": NaN
    },
    "2023-12-31": {
        "Tax Effect Of Unusual Items": 0.0,
        "Tax Rate For Calcs": 0.0,
        "Normalized EBITDA": -66128000.0,
        "Net Income From Continuing Operation Net Minority Interest": -60443000.0,
        "Reconciled Depreciation": 615000.0,
        "EBITDA": -66128000.0,
        "EBIT": -66743000.0,
        "Net Interest Income": 6405000.0,
        "Interest Income": 6405000.0,
        "Normalized Income": -60443000.0,
        "Net Income From Continuing And Discontinued Operation": -60443000.0,
        "Total Expenses": 68936000.0,
        "Total Operating Income As Reported": -66743000.0,
        "Diluted Average Shares": NaN,
        "Basic Average Shares": NaN,
        "Diluted EPS": NaN,
        "Basic EPS": NaN,
        "Diluted NI Availto Com Stockholders": -60443000.0,
        "Net Income Common Stockholders": -60443000.0,
        "Net Income": -60443000.0,
        "Net Income Including Noncontrolling Interests": -60443000.0,
        "Net Income Continuous Operations": -60443000.0,
        "Pretax Income": -60443000.0,
        "Other Income Expense": -105000.0,
        "Other Non Operating Income Expenses": -105000.0,
        "Net Non Operating Interest Income Expense": 6405000.0,
        "Interest Income Non Operating": 6405000.0,
        "Operating Income": -66743000.0,
        "Operating Expense": 68936000.0,
        "Research And Development": 52817000.0,
        "Selling General And Administration": 16119000.0,
        "General And Administrative Expense": 16119000.0,
        "Other Gand A": 16119000.0,
        "Total Revenue": 2193000.0,
        "Operating Revenue": 2193000.0
    },
    "2024-03-31": {
        "Tax Effect Of Unusual Items": 0.0,
        "Tax Rate For Calcs": 0.0,
        "Normalized EBITDA": -76546000.0,
        "Net Income From Continuing Operation Net Minority Interest": -68855000.0,
        "Reconciled Depreciation": 641000.0,
        "EBITDA": -76546000.0,
        "EBIT": -77187000.0,
        "Net Interest Income": 8433000.0,
        "Interest Income": 8433000.0,
        "Normalized Income": -68855000.0,
        "Net Income From Continuing And Discontinued Operation": -68855000.0,
        "Total Expenses": 80730000.0,
        "Total Operating Income As Reported": -77187000.0,
        "Diluted Average Shares": 87212000.0,
        "Basic Average Shares": 87212000.0,
        "Diluted EPS": -0.79,
        "Basic EPS": -0.79,
        "Diluted NI Availto Com Stockholders": -68855000.0,
        "Net Income Common Stockholders": -68855000.0,
        "Net Income": -68855000.0,
        "Net Income Including Noncontrolling Interests": -68855000.0,
        "Net Income Continuous Operations": -68855000.0,
        "Pretax Income": -68855000.0,
        "Other Income Expense": -101000.0,
        "Other Non Operating Income Expenses": -101000.0,
        "Net Non Operating Interest Income Expense": 8433000.0,
        "Interest Income Non Operating": 8433000.0,
        "Operating Income": -77187000.0,
        "Operating Expense": 80730000.0,
        "Research And Development": 66832000.0,
        "Selling General And Administration": 13898000.0,
        "General And Administrative Expense": 13898000.0,
        "Other Gand A": 13898000.0,
        "Total Revenue": 3543000.0,
        "Operating Revenue": 3543000.0
    },
    "2024-06-30": {
        "Tax Effect Of Unusual Items": 0.0,
        "Tax Rate For Calcs": 0.0,
        "Normalized EBITDA": -81939000.0,
        "Net Income From Continuing Operation Net Minority Interest": -70793000.0,
        "Reconciled Depreciation": 687000.0,
        "EBITDA": -81939000.0,
        "EBIT": -82626000.0,
        "Net Interest Income": 11949000.0,
        "Interest Income": 11949000.0,
        "Normalized Income": -70793000.0,
        "Net Income From Continuing And Discontinued Operation": -70793000.0,
        "Total Expenses": 84671000.0,
        "Total Operating Income As Reported": -82626000.0,
        "Diluted Average Shares": 106928000.0,
        "Basic Average Shares": 106928000.0,
        "Diluted EPS": -0.65,
        "Basic EPS": -0.65,
        "Diluted NI Availto Com Stockholders": -70793000.0,
        "Net Income Common Stockholders": -70793000.0,
        "Net Income": -70793000.0,
        "Net Income Including Noncontrolling Interests": -70793000.0,
        "Net Income Continuous Operations": -70793000.0,
        "Pretax Income": -70793000.0,
        "Other Income Expense": -116000.0,
        "Other Non Operating Income Expenses": -116000.0,
        "Net Non Operating Interest Income Expense": 11949000.0,
        "Interest Income Non Operating": 11949000.0,
        "Operating Income": -82626000.0,
        "Operating Expense": 84671000.0,
        "Research And Development": 63940000.0,
        "Selling General And Administration": 20731000.0,
        "General And Administrative Expense": 20731000.0,
        "Other Gand A": 20731000.0,
        "Total Revenue": 2045000.0,
        "Operating Revenue": 2045000.0
    },
    "2024-09-30": {
        "Tax Effect Of Unusual Items": 0.0,
        "Tax Rate For Calcs": 0.0,
        "Normalized EBITDA": -97424000.0,
        "Net Income From Continuing Operation Net Minority Interest": -80398000.0,
        "Reconciled Depreciation": 710000.0,
        "EBITDA": -97424000.0,
        "EBIT": -98134000.0,
        "Net Interest Income": 17968000.0,
        "Interest Income": 17968000.0,
        "Normalized Income": -80398000.0,
        "Net Income From Continuing And Discontinued Operation": -80398000.0,
        "Total Expenses": 100470000.0,
        "Total Operating Income As Reported": -98134000.0,
        "Diluted Average Shares": 123375000.0,
        "Basic Average Shares": 123375000.0,
        "Diluted EPS": -0.65,
        "Basic EPS": -0.65,
        "Diluted NI Availto Com Stockholders": -80398000.0,
        "Net Income Common Stockholders": -80398000.0,
        "Net Income": -80398000.0,
        "Net Income Including Noncontrolling Interests": -80398000.0,
        "Net Income Continuous Operations": -80398000.0,
        "Pretax Income": -80398000.0,
        "Other Income Expense": -232000.0,
        "Other Non Operating Income Expenses": -232000.0,
        "Net Non Operating Interest Income Expense": 17968000.0,
        "Interest Income Non Operating": 17968000.0,
        "Operating Income": -98134000.0,
        "Operating Expense": 100470000.0,
        "Research And Development": 77197000.0,
        "Selling General And Administration": 23273000.0,
        "General And Administrative Expense": 23273000.0,
        "Other Gand A": 23273000.0,
        "Total Revenue": 2336000.0,
        "Operating Revenue": 2336000.0
    },
    "2024-12-31": {
        "Tax Effect Of Unusual Items": 0.0,
        "Tax Rate For Calcs": 0.0,
        "Normalized EBITDA": -120252000.0,
        "Net Income From Continuing Operation Net Minority Interest": -102257000.0,
        "Reconciled Depreciation": 738000.0,
        "EBITDA": -120252000.0,
        "EBIT": -120990000.0,
        "Net Interest Income": 18532000.0,
        "Interest Income": 18532000.0,
        "Normalized Income": -102257000.0,
        "Net Income From Continuing And Discontinued Operation": -102257000.0,
        "Total Expenses": 123963000.0,
        "Total Operating Income As Reported": -120990000.0,
        "Diluted Average Shares": 128497000.0,
        "Basic Average Shares": 128497000.0,
        "Diluted EPS": -0.8,
        "Basic EPS": -0.8,
        "Diluted NI Availto Com Stockholders": -102257000.0,
        "Net Income Common Stockholders": -102257000.0,
        "Net Income": -102257000.0,
        "Net Income Including Noncontrolling Interests": -102257000.0,
        "Net Income Continuous Operations": -102257000.0,
        "Pretax Income": -102257000.0,
        "Other Income Expense": 201000.0,
        "Other Non Operating Income Expenses": 201000.0,
        "Net Non Operating Interest Income Expense": 18532000.0,
        "Interest Income Non Operating": 18532000.0,
        "Operating Income": -120990000.0,
        "Operating Expense": 123963000.0,
        "Research And Development": 95625000.0,
        "Selling General And Administration": 28338000.0,
        "General And Administrative Expense": 28338000.0,
        "Other Gand A": 28338000.0,
        "Total Revenue": 2973000.0,
        "Operating Revenue": 2973000.0
    },
    "2025-03-31": {
        "Tax Effect Of Unusual Items": 0.0,
        "Tax Rate For Calcs": 0.0,
        "Normalized EBITDA": -130732000.0,
        "Net Income From Continuing Operation Net Minority Interest": -115773000.0,
        "Reconciled Depreciation": 785000.0,
        "EBITDA": -130732000.0,
        "EBIT": -131517000.0,
        "Net Interest Income": 16179000.0,
        "Interest Income": 16179000.0,
        "Normalized Income": -115773000.0,
        "Net Income From Continuing And Discontinued Operation": -115773000.0,
        "Total Expenses": 133090000.0,
        "Total Operating Income As Reported": -131517000.0,
        "Diluted Average Shares": 129232000.0,
        "Basic Average Shares": 129232000.0,
        "Diluted EPS": -0.9,
        "Basic EPS": -0.9,
        "Diluted NI Availto Com Stockholders": -115773000.0,
        "Net Income Common Stockholders": -115773000.0,
        "Net Income": -115773000.0,
        "Net Income Including Noncontrolling Interests": -115773000.0,
        "Net Income Continuous Operations": -115773000.0,
        "Pretax Income": -115773000.0,
        "Other Income Expense": -435000.0,
        "Other Non Operating Income Expenses": -435000.0,
        "Net Non Operating Interest Income Expense": 16179000.0,
        "Interest Income Non Operating": 16179000.0,
        "Operating Income": -131517000.0,
        "Operating Expense": 133090000.0,
        "Research And Development": 99490000.0,
        "Selling General And Administration": 33600000.0,
        "General And Administrative Expense": 33600000.0,
        "Other Gand A": 33600000.0,
        "Total Revenue": 1573000.0,
        "Operating Revenue": 1573000.0
    },
    "2025-06-30": {
        "Tax Effect Of Unusual Items": 0.0,
        "Tax Rate For Calcs": 0.0,
        "Normalized EBITDA": -170328000.0,
        "Net Income From Continuing Operation Net Minority Interest": -157315000.0,
        "Reconciled Depreciation": 814000.0,
        "EBITDA": -170328000.0,
        "EBIT": -171142000.0,
        "Net Interest Income": 14478000.0,
        "Interest Income": 14478000.0,
        "Normalized Income": -157315000.0,
        "Net Income From Continuing And Discontinued Operation": -157315000.0,
        "Total Expenses": 174989000.0,
        "Total Operating Income As Reported": -171142000.0,
        "Diluted Average Shares": 129622000.0,
        "Basic Average Shares": 129622000.0,
        "Diluted EPS": -1.21,
        "Basic EPS": -1.21,
        "Diluted NI Availto Com Stockholders": -157315000.0,
        "Net Income Common Stockholders": -157315000.0,
        "Net Income": -157315000.0,
        "Net Income Including Noncontrolling Interests": -157315000.0,
        "Net Income Continuous Operations": -157315000.0,
        "Pretax Income": -157315000.0,
        "Other Income Expense": -651000.0,
        "Other Non Operating Income Expenses": -651000.0,
        "Net Non Operating Interest Income Expense": 14478000.0,
        "Interest Income Non Operating": 14478000.0,
        "Operating Income": -171142000.0,
        "Operating Expense": 174989000.0,
        "Research And Development": 138125000.0,
        "Selling General And Administration": 36864000.0,
        "General And Administrative Expense": 36864000.0,
        "Other Gand A": 36864000.0,
        "Total Revenue": 3847000.0,
        "Operating Revenue": 3847000.0
    }
}