{
    "2023-06-30": {
        "Tax Effect Of Unusual Items": NaN,
        "Tax Rate For Calcs": NaN,
        "Normalized EBITDA": NaN,
        "Total Unusual Items": NaN,
        "Total Unusual Items Excluding Goodwill": NaN,
        "Net Income From Continuing Operation Net Minority Interest": NaN,
        "Reconciled Depreciation": NaN,
        "EBITDA": NaN,
        "EBIT": NaN,
        "Net Interest Income": NaN,
        "Interest Expense": NaN,
        "Normalized Income": NaN,
        "Net Income From Continuing And Discontinued Operation": NaN,
        "Total Expenses": NaN,
        "Total Operating Income As Reported": NaN,
        "Diluted Average Shares": 5114747.0,
        "Basic Average Shares": 5114747.0,
        "Diluted EPS": -2.23,
        "Basic EPS": -2.23,
        "Diluted NI Availto Com Stockholders": NaN,
        "Net Income Common Stockholders": NaN,
        "Otherunder Preferred Stock Dividend": 0.0,
        "Net Income": NaN,
        "Net Income Including Noncontrolling Interests": NaN,
        "Net Income Continuous Operations": NaN,
        "Tax Provision": NaN,
        "Pretax Income": NaN,
        "Other Income Expense": NaN,
        "Other Non Operating Income Expenses": NaN,
        "Special Income Charges": NaN,
        "Restructuring And Mergern Acquisition": NaN,
        "Gain On Sale Of Security": NaN,
        "Net Non Operating Interest Income Expense": NaN,
        "Interest Expense Non Operating": NaN,
        "Operating Income": NaN,
        "Operating Expense": NaN,
        "Research And Development": NaN,
        "Selling General And Administration": NaN,
        "General And Administrative Expense": NaN,
        "Other Gand A": NaN,
        "Total Revenue": NaN,
        "Operating Revenue": NaN
    },
    "2023-03-31": {
        "Tax Effect Of Unusual Items": NaN,
        "Tax Rate For Calcs": NaN,
        "Normalized EBITDA": NaN,
        "Total Unusual Items": NaN,
        "Total Unusual Items Excluding Goodwill": NaN,
        "Net Income From Continuing Operation Net Minority Interest": NaN,
        "Reconciled Depreciation": NaN,
        "EBITDA": NaN,
        "EBIT": NaN,
        "Net Interest Income": NaN,
        "Interest Expense": NaN,
        "Normalized Income": NaN,
        "Net Income From Continuing And Discontinued Operation": NaN,
        "Total Expenses": NaN,
        "Total Operating Income As Reported": NaN,
        "Diluted Average Shares": 5111518.0,
        "Basic Average Shares": 5111518.0,
        "Diluted EPS": -4.23999,
        "Basic EPS": -4.23999,
        "Diluted NI Availto Com Stockholders": NaN,
        "Net Income Common Stockholders": NaN,
        "Otherunder Preferred Stock Dividend": NaN,
        "Net Income": NaN,
        "Net Income Including Noncontrolling Interests": NaN,
        "Net Income Continuous Operations": NaN,
        "Tax Provision": NaN,
        "Pretax Income": NaN,
        "Other Income Expense": NaN,
        "Other Non Operating Income Expenses": NaN,
        "Special Income Charges": 0.0,
        "Restructuring And Mergern Acquisition": 0.0,
        "Gain On Sale Of Security": NaN,
        "Net Non Operating Interest Income Expense": NaN,
        "Interest Expense Non Operating": NaN,
        "Operating Income": NaN,
        "Operating Expense": NaN,
        "Research And Development": NaN,
        "Selling General And Administration": NaN,
        "General And Administrative Expense": NaN,
        "Other Gand A": NaN,
        "Total Revenue": NaN,
        "Operating Revenue": NaN
    },
    "2022-12-31": {
        "Tax Effect Of Unusual Items": NaN,
        "Tax Rate For Calcs": NaN,
        "Normalized EBITDA": NaN,
        "Total Unusual Items": NaN,
        "Total Unusual Items Excluding Goodwill": NaN,
        "Net Income From Continuing Operation Net Minority Interest": NaN,
        "Reconciled Depreciation": NaN,
        "EBITDA": NaN,
        "EBIT": NaN,
        "Net Interest Income": NaN,
        "Interest Expense": NaN,
        "Normalized Income": NaN,
        "Net Income From Continuing And Discontinued Operation": NaN,
        "Total Expenses": NaN,
        "Total Operating Income As Reported": NaN,
        "Diluted Average Shares": NaN,
        "Basic Average Shares": NaN,
        "Diluted EPS": NaN,
        "Basic EPS": NaN,
        "Diluted NI Availto Com Stockholders": NaN,
        "Net Income Common Stockholders": NaN,
        "Otherunder Preferred Stock Dividend": NaN,
        "Net Income": NaN,
        "Net Income Including Noncontrolling Interests": NaN,
        "Net Income Continuous Operations": NaN,
        "Tax Provision": -288000.0,
        "Pretax Income": NaN,
        "Other Income Expense": NaN,
        "Other Non Operating Income Expenses": NaN,
        "Special Income Charges": NaN,
        "Restructuring And Mergern Acquisition": NaN,
        "Gain On Sale Of Security": NaN,
        "Net Non Operating Interest Income Expense": NaN,
        "Interest Expense Non Operating": NaN,
        "Operating Income": NaN,
        "Operating Expense": NaN,
        "Research And Development": NaN,
        "Selling General And Administration": NaN,
        "General And Administrative Expense": NaN,
        "Other Gand A": NaN,
        "Total Revenue": NaN,
        "Operating Revenue": NaN
    },
    "2022-09-30": {
        "Tax Effect Of Unusual Items": NaN,
        "Tax Rate For Calcs": NaN,
        "Normalized EBITDA": NaN,
        "Total Unusual Items": NaN,
        "Total Unusual Items Excluding Goodwill": NaN,
        "Net Income From Continuing Operation Net Minority Interest": NaN,
        "Reconciled Depreciation": NaN,
        "EBITDA": NaN,
        "EBIT": NaN,
        "Net Interest Income": NaN,
        "Interest Expense": NaN,
        "Normalized Income": NaN,
        "Net Income From Continuing And Discontinued Operation": NaN,
        "Total Expenses": NaN,
        "Total Operating Income As Reported": NaN,
        "Diluted Average Shares": 5094999.0,
        "Basic Average Shares": 5094999.0,
        "Diluted EPS": -1.5,
        "Basic EPS": -1.5,
        "Diluted NI Availto Com Stockholders": NaN,
        "Net Income Common Stockholders": NaN,
        "Net Income": NaN,
        "Net Income Including Noncontrolling Interests": NaN,
        "Net Income Continuous Operations": NaN,
        "Tax Provision": -321000.0,
        "Pretax Income": NaN,
        "Other Income Expense": NaN,
        "Other Non Operating Income Expenses": NaN,
        "Special Income Charges": NaN,
        "Restructuring And Mergern Acquisition": NaN,
        "Gain On Sale Of Security": NaN,
        "Net Non Operating Interest Income Expense": NaN,
        "Interest Expense Non Operating": NaN,
        "Operating Income": NaN,
        "Operating Expense": NaN,
        "Research And Development": NaN,
        "Selling General And Administration": NaN,
        "General And Administrative Expense": NaN,
        "Other Gand A": NaN,
        "Total Revenue": NaN,
        "Operating Revenue": NaN
    },
    "2023-09-30": {
        "Tax Effect Of Unusual Items": NaN,
        "Tax Rate For Calcs": NaN,
        "Normalized EBITDA": NaN,
        "Total Unusual Items": NaN,
        "Total Unusual Items Excluding Goodwill": NaN,
        "Net Income From Continuing Operation Net Minority Interest": NaN,
        "Reconciled Depreciation": NaN,
        "EBITDA": NaN,
        "EBIT": NaN,
        "Net Interest Income": NaN,
        "Interest Expense": NaN,
        "Normalized Income": NaN,
        "Net Income From Continuing And Discontinued Operation": NaN,
        "Total Expenses": NaN,
        "Total Operating Income As Reported": NaN,
        "Diluted Average Shares": 5160150.0,
        "Basic Average Shares": 5160150.0,
        "Diluted EPS": -1.74,
        "Basic EPS": -1.74,
        "Diluted NI Availto Com Stockholders": NaN,
        "Net Income Common Stockholders": NaN,
        "Otherunder Preferred Stock Dividend": NaN,
        "Net Income": NaN,
        "Net Income Including Noncontrolling Interests": NaN,
        "Net Income Continuous Operations": NaN,
        "Tax Provision": 0.0,
        "Pretax Income": NaN,
        "Other Income Expense": NaN,
        "Other Non Operating Income Expenses": NaN,
        "Special Income Charges": NaN,
        "Restructuring And Mergern Acquisition": NaN,
        "Gain On Sale Of Security": NaN,
        "Net Non Operating Interest Income Expense": NaN,
        "Interest Expense Non Operating": NaN,
        "Operating Income": NaN,
        "Operating Expense": NaN,
        "Research And Development": NaN,
        "Selling General And Administration": NaN,
        "General And Administrative Expense": NaN,
        "Other Gand A": NaN,
        "Total Revenue": NaN,
        "Operating Revenue": NaN
    },
    "2023-12-31": {
        "Tax Effect Of Unusual Items": NaN,
        "Tax Rate For Calcs": NaN,
        "Normalized EBITDA": NaN,
        "Total Unusual Items": NaN,
        "Total Unusual Items Excluding Goodwill": NaN,
        "Net Income From Continuing Operation Net Minority Interest": NaN,
        "Reconciled Depreciation": NaN,
        "EBITDA": NaN,
        "EBIT": NaN,
        "Net Interest Income": 0.0,
        "Interest Expense": 0.0,
        "Normalized Income": NaN,
        "Net Income From Continuing And Discontinued Operation": NaN,
        "Total Expenses": NaN,
        "Total Operating Income As Reported": NaN,
        "Diluted Average Shares": NaN,
        "Basic Average Shares": NaN,
        "Diluted EPS": NaN,
        "Basic EPS": NaN,
        "Diluted NI Availto Com Stockholders": NaN,
        "Net Income Common Stockholders": NaN,
        "Otherunder Preferred Stock Dividend": NaN,
        "Net Income": NaN,
        "Net Income Including Noncontrolling Interests": NaN,
        "Net Income Continuous Operations": NaN,
        "Tax Provision": -19000000.0,
        "Pretax Income": NaN,
        "Other Income Expense": NaN,
        "Other Non Operating Income Expenses": -62000.0,
        "Special Income Charges": NaN,
        "Restructuring And Mergern Acquisition": NaN,
        "Gain On Sale Of Security": NaN,
        "Net Non Operating Interest Income Expense": 0.0,
        "Interest Expense Non Operating": 0.0,
        "Operating Income": NaN,
        "Operating Expense": NaN,
        "Research And Development": NaN,
        "Selling General And Administration": NaN,
        "General And Administrative Expense": NaN,
        "Other Gand A": NaN,
        "Total Revenue": NaN,
        "Operating Revenue": NaN
    },
    "2024-03-31": {
        "Tax Effect Of Unusual Items": 0.0,
        "Tax Rate For Calcs": 0.0,
        "Normalized EBITDA": 30819000.0,
        "Total Unusual Items": -43984000.0,
        "Total Unusual Items Excluding Goodwill": -43984000.0,
        "Net Income From Continuing Operation Net Minority Interest": -56824000.0,
        "Reconciled Depreciation": 183000.0,
        "EBITDA": -13165000.0,
        "EBIT": -13348000.0,
        "Net Interest Income": 0.0,
        "Interest Expense": 0.0,
        "Normalized Income": -12840000.0,
        "Net Income From Continuing And Discontinued Operation": -56824000.0,
        "Total Expenses": 19188000.0,
        "Total Operating Income As Reported": -13348000.0,
        "Diluted Average Shares": 5414020.0,
        "Basic Average Shares": 5414020.0,
        "Diluted EPS": -10.5,
        "Basic EPS": -10.5,
        "Diluted NI Availto Com Stockholders": -56824000.0,
        "Net Income Common Stockholders": -56824000.0,
        "Otherunder Preferred Stock Dividend": NaN,
        "Net Income": -56824000.0,
        "Net Income Including Noncontrolling Interests": -56824000.0,
        "Net Income Continuous Operations": -56824000.0,
        "Tax Provision": NaN,
        "Pretax Income": -56824000.0,
        "Other Income Expense": -43476000.0,
        "Other Non Operating Income Expenses": 508000.0,
        "Special Income Charges": -39300000.0,
        "Restructuring And Mergern Acquisition": 39300000.0,
        "Gain On Sale Of Security": -4684000.0,
        "Net Non Operating Interest Income Expense": 0.0,
        "Interest Expense Non Operating": 0.0,
        "Operating Income": -13348000.0,
        "Operating Expense": 19188000.0,
        "Research And Development": 9738000.0,
        "Selling General And Administration": 9450000.0,
        "General And Administrative Expense": 9450000.0,
        "Other Gand A": 9450000.0,
        "Total Revenue": 5840000.0,
        "Operating Revenue": 5840000.0
    },
    "2024-06-30": {
        "Tax Effect Of Unusual Items": -44730.0,
        "Tax Rate For Calcs": 0.21,
        "Normalized EBITDA": 14245000.0,
        "Total Unusual Items": -213000.0,
        "Total Unusual Items Excluding Goodwill": -213000.0,
        "Net Income From Continuing Operation Net Minority Interest": 13836000.0,
        "Reconciled Depreciation": 196000.0,
        "EBITDA": 14032000.0,
        "EBIT": 13836000.0,
        "Net Interest Income": 0.0,
        "Interest Expense": 0.0,
        "Normalized Income": 14004270.0,
        "Net Income From Continuing And Discontinued Operation": 13836000.0,
        "Total Expenses": 19688000.0,
        "Total Operating Income As Reported": 13757000.0,
        "Diluted Average Shares": 17791143.0,
        "Basic Average Shares": 16723479.0,
        "Diluted EPS": 0.54,
        "Basic EPS": 0.58,
        "Diluted NI Availto Com Stockholders": 9628000.0,
        "Net Income Common Stockholders": 9628000.0,
        "Otherunder Preferred Stock Dividend": 4208000.0,
        "Net Income": 13836000.0,
        "Net Income Including Noncontrolling Interests": 13836000.0,
        "Net Income Continuous Operations": 13836000.0,
        "Tax Provision": NaN,
        "Pretax Income": 13836000.0,
        "Other Income Expense": 79000.0,
        "Other Non Operating Income Expenses": 292000.0,
        "Special Income Charges": 2500000.0,
        "Restructuring And Mergern Acquisition": -2500000.0,
        "Gain On Sale Of Security": -2713000.0,
        "Net Non Operating Interest Income Expense": 0.0,
        "Interest Expense Non Operating": 0.0,
        "Operating Income": 13757000.0,
        "Operating Expense": 19688000.0,
        "Research And Development": 12661000.0,
        "Selling General And Administration": 7027000.0,
        "General And Administrative Expense": 7027000.0,
        "Other Gand A": 7027000.0,
        "Total Revenue": 33445000.0,
        "Operating Revenue": 33445000.0
    },
    "2024-09-30": {
        "Tax Effect Of Unusual Items": 0.0,
        "Tax Rate For Calcs": 0.0,
        "Normalized EBITDA": -17039000.0,
        "Total Unusual Items": -6858000.0,
        "Total Unusual Items Excluding Goodwill": -6858000.0,
        "Net Income From Continuing Operation Net Minority Interest": -24183000.0,
        "Reconciled Depreciation": 286000.0,
        "EBITDA": -23897000.0,
        "EBIT": -24183000.0,
        "Net Interest Income": 0.0,
        "Interest Expense": 0.0,
        "Normalized Income": -17325000.0,
        "Net Income From Continuing And Discontinued Operation": -24183000.0,
        "Total Expenses": 17962000.0,
        "Total Operating Income As Reported": -17575000.0,
        "Diluted Average Shares": 21471408.0,
        "Basic Average Shares": 21471408.0,
        "Diluted EPS": -1.13,
        "Basic EPS": -1.13,
        "Diluted NI Availto Com Stockholders": -24183000.0,
        "Net Income Common Stockholders": -24183000.0,
        "Otherunder Preferred Stock Dividend": NaN,
        "Net Income": -24183000.0,
        "Net Income Including Noncontrolling Interests": -24183000.0,
        "Net Income Continuous Operations": -24183000.0,
        "Tax Provision": NaN,
        "Pretax Income": -24183000.0,
        "Other Income Expense": -6608000.0,
        "Other Non Operating Income Expenses": 250000.0,
        "Special Income Charges": -15100000.0,
        "Restructuring And Mergern Acquisition": 15100000.0,
        "Gain On Sale Of Security": 8242000.0,
        "Net Non Operating Interest Income Expense": 0.0,
        "Interest Expense Non Operating": 0.0,
        "Operating Income": -17575000.0,
        "Operating Expense": 17962000.0,
        "Research And Development": 11400000.0,
        "Selling General And Administration": 6562000.0,
        "General And Administrative Expense": 6562000.0,
        "Other Gand A": 6562000.0,
        "Total Revenue": 387000.0,
        "Operating Revenue": 387000.0
    },
    "2024-12-31": {
        "Tax Effect Of Unusual Items": 0.0,
        "Tax Rate For Calcs": 0.0,
        "Normalized EBITDA": -11724000.0,
        "Total Unusual Items": 2244000.0,
        "Total Unusual Items Excluding Goodwill": 2244000.0,
        "Net Income From Continuing Operation Net Minority Interest": -10253000.0,
        "Reconciled Depreciation": 486000.0,
        "EBITDA": -9480000.0,
        "EBIT": -9966000.0,
        "Net Interest Income": 7386000.0,
        "Interest Expense": 0.0,
        "Normalized Income": -12497000.0,
        "Net Income From Continuing And Discontinued Operation": -10253000.0,
        "Total Expenses": 18393000.0,
        "Total Operating Income As Reported": -26731000.0,
        "Diluted Average Shares": NaN,
        "Basic Average Shares": NaN,
        "Diluted EPS": NaN,
        "Basic EPS": NaN,
        "Diluted NI Availto Com Stockholders": -10699000.0,
        "Net Income Common Stockholders": -10253000.0,
        "Otherunder Preferred Stock Dividend": NaN,
        "Net Income": -10253000.0,
        "Net Income Including Noncontrolling Interests": -10253000.0,
        "Net Income Continuous Operations": -10253000.0,
        "Tax Provision": NaN,
        "Pretax Income": -9966000.0,
        "Other Income Expense": 1800000.0,
        "Other Non Operating Income Expenses": -444000.0,
        "Special Income Charges": 7421000.0,
        "Restructuring And Mergern Acquisition": -15000000.0,
        "Gain On Sale Of Security": -5177000.0,
        "Net Non Operating Interest Income Expense": 7386000.0,
        "Interest Expense Non Operating": 0.0,
        "Operating Income": -19152000.0,
        "Operating Expense": 18393000.0,
        "Research And Development": 11306000.0,
        "Selling General And Administration": 7087000.0,
        "General And Administrative Expense": 7087000.0,
        "Other Gand A": 7087000.0,
        "Total Revenue": -759000.0,
        "Operating Revenue": -759000.0
    },
    "2025-03-31": {
        "Tax Effect Of Unusual Items": 0.0,
        "Tax Rate For Calcs": 0.0,
        "Normalized EBITDA": -24912000.0,
        "Total Unusual Items": 4179000.0,
        "Total Unusual Items Excluding Goodwill": 4179000.0,
        "Net Income From Continuing Operation Net Minority Interest": -17710000.0,
        "Reconciled Depreciation": 1156000.0,
        "EBITDA": -20733000.0,
        "EBIT": -21889000.0,
        "Net Interest Income": NaN,
        "Interest Expense": NaN,
        "Normalized Income": -21889000.0,
        "Net Income From Continuing And Discontinued Operation": -17710000.0,
        "Total Expenses": 22989000.0,
        "Total Operating Income As Reported": -21889000.0,
        "Diluted Average Shares": 25902650.0,
        "Basic Average Shares": 25902650.0,
        "Diluted EPS": -0.68,
        "Basic EPS": -0.68,
        "Diluted NI Availto Com Stockholders": -17710000.0,
        "Net Income Common Stockholders": -17710000.0,
        "Otherunder Preferred Stock Dividend": NaN,
        "Net Income": -17710000.0,
        "Net Income Including Noncontrolling Interests": -17710000.0,
        "Net Income Continuous Operations": -17710000.0,
        "Tax Provision": NaN,
        "Pretax Income": -17710000.0,
        "Other Income Expense": 4179000.0,
        "Other Non Operating Income Expenses": NaN,
        "Special Income Charges": 346000.0,
        "Restructuring And Mergern Acquisition": -346000.0,
        "Gain On Sale Of Security": 3833000.0,
        "Net Non Operating Interest Income Expense": NaN,
        "Interest Expense Non Operating": NaN,
        "Operating Income": -21889000.0,
        "Operating Expense": 22989000.0,
        "Research And Development": 14674000.0,
        "Selling General And Administration": 8315000.0,
        "General And Administrative Expense": 8315000.0,
        "Other Gand A": 8315000.0,
        "Total Revenue": 1100000.0,
        "Operating Revenue": 1100000.0
    }
}