{
    "2023-03-31": {
        "Tax Effect Of Unusual Items": NaN,
        "Tax Rate For Calcs": NaN,
        "Normalized EBITDA": NaN,
        "Total Unusual Items": NaN,
        "Total Unusual Items Excluding Goodwill": NaN,
        "Net Income From Continuing Operation Net Minority Interest": NaN,
        "Reconciled Depreciation": 0.0,
        "EBITDA": NaN,
        "EBIT": NaN,
        "Net Interest Income": NaN,
        "Interest Income": NaN,
        "Normalized Income": NaN,
        "Net Income From Continuing And Discontinued Operation": NaN,
        "Total Expenses": NaN,
        "Total Operating Income As Reported": NaN,
        "Diluted Average Shares": NaN,
        "Basic Average Shares": NaN,
        "Diluted EPS": NaN,
        "Basic EPS": NaN,
        "Diluted NI Availto Com Stockholders": NaN,
        "Net Income Common Stockholders": NaN,
        "Net Income": NaN,
        "Net Income Including Noncontrolling Interests": NaN,
        "Net Income Continuous Operations": NaN,
        "Pretax Income": NaN,
        "Other Income Expense": NaN,
        "Special Income Charges": NaN,
        "Restructuring And Mergern Acquisition": NaN,
        "Gain On Sale Of Security": NaN,
        "Net Non Operating Interest Income Expense": NaN,
        "Interest Income Non Operating": NaN,
        "Operating Income": NaN,
        "Operating Expense": NaN,
        "Research And Development": NaN,
        "Selling General And Administration": NaN,
        "General And Administrative Expense": NaN,
        "Other Gand A": NaN,
        "Total Revenue": NaN,
        "Operating Revenue": NaN
    },
    "2022-12-31": {
        "Tax Effect Of Unusual Items": NaN,
        "Tax Rate For Calcs": NaN,
        "Normalized EBITDA": NaN,
        "Total Unusual Items": NaN,
        "Total Unusual Items Excluding Goodwill": NaN,
        "Net Income From Continuing Operation Net Minority Interest": NaN,
        "Reconciled Depreciation": 0.0,
        "EBITDA": NaN,
        "EBIT": NaN,
        "Net Interest Income": NaN,
        "Interest Income": NaN,
        "Normalized Income": NaN,
        "Net Income From Continuing And Discontinued Operation": NaN,
        "Total Expenses": NaN,
        "Total Operating Income As Reported": NaN,
        "Diluted Average Shares": NaN,
        "Basic Average Shares": NaN,
        "Diluted EPS": NaN,
        "Basic EPS": NaN,
        "Diluted NI Availto Com Stockholders": NaN,
        "Net Income Common Stockholders": NaN,
        "Net Income": NaN,
        "Net Income Including Noncontrolling Interests": NaN,
        "Net Income Continuous Operations": NaN,
        "Pretax Income": NaN,
        "Other Income Expense": NaN,
        "Other Non Operating Income Expenses": 0.0,
        "Special Income Charges": 0.0,
        "Restructuring And Mergern Acquisition": NaN,
        "Gain On Sale Of Security": NaN,
        "Net Non Operating Interest Income Expense": NaN,
        "Interest Income Non Operating": NaN,
        "Operating Income": NaN,
        "Operating Expense": NaN,
        "Research And Development": NaN,
        "Selling General And Administration": NaN,
        "General And Administrative Expense": NaN,
        "Other Gand A": NaN,
        "Total Revenue": NaN,
        "Operating Revenue": NaN
    },
    "2022-09-30": {
        "Tax Effect Of Unusual Items": NaN,
        "Tax Rate For Calcs": NaN,
        "Normalized EBITDA": NaN,
        "Total Unusual Items": NaN,
        "Total Unusual Items Excluding Goodwill": NaN,
        "Net Income From Continuing Operation Net Minority Interest": NaN,
        "Reconciled Depreciation": NaN,
        "EBITDA": NaN,
        "EBIT": NaN,
        "Net Interest Income": NaN,
        "Interest Income": 22000.0,
        "Normalized Income": NaN,
        "Net Income From Continuing And Discontinued Operation": NaN,
        "Total Expenses": NaN,
        "Total Operating Income As Reported": NaN,
        "Diluted Average Shares": 9067509.0,
        "Basic Average Shares": 9067509.0,
        "Diluted EPS": -0.24,
        "Basic EPS": -0.24,
        "Diluted NI Availto Com Stockholders": NaN,
        "Net Income Common Stockholders": NaN,
        "Net Income": NaN,
        "Net Income Including Noncontrolling Interests": NaN,
        "Net Income Continuous Operations": NaN,
        "Pretax Income": NaN,
        "Other Income Expense": NaN,
        "Other Non Operating Income Expenses": 3000.0,
        "Special Income Charges": 0.0,
        "Restructuring And Mergern Acquisition": 0.0,
        "Gain On Sale Of Security": NaN,
        "Net Non Operating Interest Income Expense": NaN,
        "Total Other Finance Cost": -22000.0,
        "Interest Income Non Operating": 22000.0,
        "Operating Income": NaN,
        "Operating Expense": NaN,
        "Research And Development": NaN,
        "Selling General And Administration": NaN,
        "General And Administrative Expense": NaN,
        "Other Gand A": NaN,
        "Total Revenue": NaN,
        "Operating Revenue": NaN
    },
    "2022-06-30": {
        "Tax Effect Of Unusual Items": 0.0,
        "Tax Rate For Calcs": 0.0,
        "Normalized EBITDA": -2611000.0,
        "Total Unusual Items": 0.0,
        "Total Unusual Items Excluding Goodwill": 0.0,
        "Net Income From Continuing Operation Net Minority Interest": -2594000.0,
        "Reconciled Depreciation": 3000.0,
        "EBITDA": -2611000.0,
        "EBIT": -2614000.0,
        "Net Interest Income": 20000.0,
        "Interest Income": NaN,
        "Normalized Income": -2594000.0,
        "Net Income From Continuing And Discontinued Operation": -2594000.0,
        "Total Expenses": 2614000.0,
        "Total Operating Income As Reported": -2614000.0,
        "Diluted Average Shares": 9057185.0,
        "Basic Average Shares": 9057185.0,
        "Diluted EPS": -0.29,
        "Basic EPS": -0.29,
        "Diluted NI Availto Com Stockholders": -2594000.0,
        "Net Income Common Stockholders": -2594000.0,
        "Net Income": -2594000.0,
        "Net Income Including Noncontrolling Interests": -2594000.0,
        "Net Income Continuous Operations": -2594000.0,
        "Pretax Income": -2594000.0,
        "Other Income Expense": NaN,
        "Other Non Operating Income Expenses": NaN,
        "Special Income Charges": 0.0,
        "Restructuring And Mergern Acquisition": NaN,
        "Gain On Sale Of Security": NaN,
        "Net Non Operating Interest Income Expense": 20000.0,
        "Total Other Finance Cost": -20000.0,
        "Interest Income Non Operating": NaN,
        "Operating Income": -2614000.0,
        "Operating Expense": 2614000.0,
        "Research And Development": 1390000.0,
        "Selling General And Administration": 1224000.0,
        "General And Administrative Expense": 1224000.0,
        "Other Gand A": 1224000.0,
        "Total Revenue": 0.0,
        "Operating Revenue": 0.0
    },
    "2022-03-31": {
        "Diluted EPS": -0.33,
        "Total Revenue": NaN,
        "Gross Profit": NaN,
        "Operating Income": -3,
        "EBIT": -3,
        "Net Income": -3
    },
    "2021-12-31": {
        "Diluted EPS": 0.14,
        "Total Revenue": NaN,
        "Gross Profit": NaN,
        "Operating Income": -2,
        "EBIT": -2,
        "Net Income": -2
    },
    "2021-09-30": {
        "Diluted EPS": -0.27,
        "Total Revenue": NaN,
        "Gross Profit": NaN,
        "Operating Income": -1,
        "EBIT": -1,
        "Net Income": -2
    },
    "2021-06-30": {
        "Diluted EPS": -0.57,
        "Total Revenue": NaN,
        "Gross Profit": NaN,
        "Operating Income": -1,
        "EBIT": -1,
        "Net Income": -1
    },
    "2021-03-31": {
        "Diluted EPS": -0.51,
        "Total Revenue": NaN,
        "Gross Profit": NaN,
        "Operating Income": -1,
        "EBIT": -1,
        "Net Income": -1
    },
    "2020-12-31": {
        "Diluted EPS": 0.0,
        "Total Revenue": NaN,
        "Gross Profit": NaN,
        "Operating Income": NaN,
        "EBIT": NaN,
        "Net Income": NaN
    },
    "2020-09-30": {
        "Diluted EPS": -0.48,
        "Total Revenue": NaN,
        "Gross Profit": NaN,
        "Operating Income": -1,
        "EBIT": -1,
        "Net Income": -1
    },
    "2020-06-30": {
        "Diluted EPS": -0.35,
        "Total Revenue": NaN,
        "Gross Profit": NaN,
        "Operating Income": -1,
        "EBIT": -1,
        "Net Income": -1
    },
    "2019-12-31": {
        "Diluted EPS": 0.0,
        "Total Revenue": NaN,
        "Gross Profit": NaN,
        "Operating Income": NaN,
        "EBIT": NaN,
        "Net Income": NaN
    },
    "2023-06-30": {
        "Tax Effect Of Unusual Items": NaN,
        "Tax Rate For Calcs": NaN,
        "Normalized EBITDA": NaN,
        "Total Unusual Items": NaN,
        "Total Unusual Items Excluding Goodwill": NaN,
        "Net Income From Continuing Operation Net Minority Interest": NaN,
        "Reconciled Depreciation": 0.0,
        "EBITDA": NaN,
        "EBIT": NaN,
        "Net Interest Income": NaN,
        "Interest Income": 50000.0,
        "Normalized Income": NaN,
        "Net Income From Continuing And Discontinued Operation": NaN,
        "Total Expenses": NaN,
        "Total Operating Income As Reported": NaN,
        "Diluted Average Shares": 10655155.0,
        "Basic Average Shares": 10655155.0,
        "Diluted EPS": -0.22,
        "Basic EPS": -0.22,
        "Diluted NI Availto Com Stockholders": NaN,
        "Net Income Common Stockholders": NaN,
        "Net Income": NaN,
        "Net Income Including Noncontrolling Interests": NaN,
        "Net Income Continuous Operations": NaN,
        "Pretax Income": NaN,
        "Other Income Expense": NaN,
        "Special Income Charges": -575000.0,
        "Restructuring And Mergern Acquisition": 575000.0,
        "Gain On Sale Of Security": NaN,
        "Net Non Operating Interest Income Expense": NaN,
        "Interest Income Non Operating": 50000.0,
        "Operating Income": NaN,
        "Operating Expense": NaN,
        "Research And Development": NaN,
        "Selling General And Administration": NaN,
        "General And Administrative Expense": NaN,
        "Other Gand A": NaN,
        "Total Revenue": NaN,
        "Operating Revenue": NaN
    },
    "2023-09-30": {
        "Tax Effect Of Unusual Items": NaN,
        "Tax Rate For Calcs": NaN,
        "Normalized EBITDA": NaN,
        "Total Unusual Items": NaN,
        "Total Unusual Items Excluding Goodwill": NaN,
        "Net Income From Continuing Operation Net Minority Interest": NaN,
        "Reconciled Depreciation": 0.0,
        "EBITDA": NaN,
        "EBIT": NaN,
        "Net Interest Income": NaN,
        "Interest Income": 43000.0,
        "Normalized Income": NaN,
        "Net Income From Continuing And Discontinued Operation": NaN,
        "Total Expenses": NaN,
        "Total Operating Income As Reported": NaN,
        "Diluted Average Shares": 10693080.0,
        "Basic Average Shares": 10693080.0,
        "Diluted EPS": -0.13,
        "Basic EPS": -0.13,
        "Diluted NI Availto Com Stockholders": NaN,
        "Net Income Common Stockholders": NaN,
        "Net Income": NaN,
        "Net Income Including Noncontrolling Interests": NaN,
        "Net Income Continuous Operations": NaN,
        "Pretax Income": NaN,
        "Other Income Expense": NaN,
        "Special Income Charges": 0.0,
        "Restructuring And Mergern Acquisition": 0.0,
        "Gain On Sale Of Security": NaN,
        "Net Non Operating Interest Income Expense": NaN,
        "Interest Income Non Operating": 43000.0,
        "Operating Income": NaN,
        "Operating Expense": NaN,
        "Research And Development": NaN,
        "Selling General And Administration": NaN,
        "General And Administrative Expense": 1354000.0,
        "Other Gand A": 1354000.0,
        "Total Revenue": NaN,
        "Operating Revenue": NaN
    },
    "2023-12-31": {
        "Tax Effect Of Unusual Items": 0.0,
        "Tax Rate For Calcs": 0.0,
        "Normalized EBITDA": -969000.0,
        "Total Unusual Items": -808000.0,
        "Total Unusual Items Excluding Goodwill": -808000.0,
        "Net Income From Continuing Operation Net Minority Interest": -3227000.0,
        "Reconciled Depreciation": 0.0,
        "EBITDA": -1777000.0,
        "EBIT": -1777000.0,
        "Net Interest Income": -642000.0,
        "Interest Income": NaN,
        "Normalized Income": -2419000.0,
        "Net Income From Continuing And Discontinued Operation": -3227000.0,
        "Total Expenses": 1777000.0,
        "Total Operating Income As Reported": -1777000.0,
        "Diluted Average Shares": NaN,
        "Basic Average Shares": NaN,
        "Diluted EPS": NaN,
        "Basic EPS": NaN,
        "Diluted NI Availto Com Stockholders": -3227000.0,
        "Net Income Common Stockholders": -3227000.0,
        "Net Income": -3227000.0,
        "Net Income Including Noncontrolling Interests": -3227000.0,
        "Net Income Continuous Operations": -3227000.0,
        "Pretax Income": -3227000.0,
        "Other Income Expense": -808000.0,
        "Special Income Charges": NaN,
        "Restructuring And Mergern Acquisition": NaN,
        "Gain On Sale Of Security": -1383000.0,
        "Net Non Operating Interest Income Expense": -642000.0,
        "Interest Income Non Operating": NaN,
        "Operating Income": -1777000.0,
        "Operating Expense": 1777000.0,
        "Research And Development": 775000.0,
        "Selling General And Administration": 1002000.0,
        "General And Administrative Expense": 1002000.0,
        "Other Gand A": -1466000.0,
        "Total Revenue": 0.0,
        "Operating Revenue": 0.0
    },
    "2024-03-31": {
        "Tax Effect Of Unusual Items": 0.0,
        "Tax Rate For Calcs": 0.0,
        "Normalized EBITDA": -3839000.0,
        "Total Unusual Items": 1363000.0,
        "Total Unusual Items Excluding Goodwill": 1363000.0,
        "Net Income From Continuing Operation Net Minority Interest": -1076000.0,
        "Reconciled Depreciation": NaN,
        "EBITDA": -2476000.0,
        "EBIT": -2476000.0,
        "Net Interest Income": 37000.0,
        "Interest Income": 37000.0,
        "Normalized Income": -2439000.0,
        "Net Income From Continuing And Discontinued Operation": -1076000.0,
        "Total Expenses": 2476000.0,
        "Total Operating Income As Reported": -2476000.0,
        "Diluted Average Shares": 14947500.0,
        "Basic Average Shares": 14947500.0,
        "Diluted EPS": -0.07,
        "Basic EPS": -0.07,
        "Diluted NI Availto Com Stockholders": -1076000.0,
        "Net Income Common Stockholders": -1076000.0,
        "Net Income": -1076000.0,
        "Net Income Including Noncontrolling Interests": -1076000.0,
        "Net Income Continuous Operations": -1076000.0,
        "Pretax Income": -1076000.0,
        "Other Income Expense": 1363000.0,
        "Special Income Charges": NaN,
        "Restructuring And Mergern Acquisition": NaN,
        "Gain On Sale Of Security": 1363000.0,
        "Net Non Operating Interest Income Expense": 37000.0,
        "Interest Income Non Operating": 37000.0,
        "Operating Income": -2476000.0,
        "Operating Expense": 2476000.0,
        "Research And Development": 1257000.0,
        "Selling General And Administration": 1219000.0,
        "General And Administrative Expense": 1219000.0,
        "Other Gand A": 1219000.0,
        "Total Revenue": 0.0,
        "Operating Revenue": 0.0
    },
    "2024-06-30": {
        "Tax Effect Of Unusual Items": 0.0,
        "Tax Rate For Calcs": 0.0,
        "Normalized EBITDA": -3541000.0,
        "Total Unusual Items": 507000.0,
        "Total Unusual Items Excluding Goodwill": 507000.0,
        "Net Income From Continuing Operation Net Minority Interest": -2389000.0,
        "Reconciled Depreciation": NaN,
        "EBITDA": -3034000.0,
        "EBIT": -3034000.0,
        "Net Interest Income": 138000.0,
        "Interest Income": 138000.0,
        "Normalized Income": -2896000.0,
        "Net Income From Continuing And Discontinued Operation": -2389000.0,
        "Total Expenses": 3034000.0,
        "Total Operating Income As Reported": -3034000.0,
        "Diluted Average Shares": 24049113.0,
        "Basic Average Shares": 24049113.0,
        "Diluted EPS": -0.1,
        "Basic EPS": -0.1,
        "Diluted NI Availto Com Stockholders": -2389000.0,
        "Net Income Common Stockholders": -2389000.0,
        "Net Income": -2389000.0,
        "Net Income Including Noncontrolling Interests": -2389000.0,
        "Net Income Continuous Operations": -2389000.0,
        "Pretax Income": -2389000.0,
        "Other Income Expense": 507000.0,
        "Special Income Charges": 0.0,
        "Restructuring And Mergern Acquisition": 0.0,
        "Gain On Sale Of Security": 507000.0,
        "Net Non Operating Interest Income Expense": 138000.0,
        "Interest Income Non Operating": 138000.0,
        "Operating Income": -3034000.0,
        "Operating Expense": 3034000.0,
        "Research And Development": 1542000.0,
        "Selling General And Administration": 1492000.0,
        "General And Administrative Expense": 1492000.0,
        "Other Gand A": 1492000.0,
        "Total Revenue": 0.0,
        "Operating Revenue": 0.0
    },
    "2024-09-30": {
        "Tax Effect Of Unusual Items": 0.0,
        "Tax Rate For Calcs": 0.0,
        "Normalized EBITDA": -3061000.0,
        "Total Unusual Items": 233000.0,
        "Total Unusual Items Excluding Goodwill": 233000.0,
        "Net Income From Continuing Operation Net Minority Interest": -2471000.0,
        "Reconciled Depreciation": NaN,
        "EBITDA": -2828000.0,
        "EBIT": -2828000.0,
        "Net Interest Income": 124000.0,
        "Interest Income": 124000.0,
        "Normalized Income": -2704000.0,
        "Net Income From Continuing And Discontinued Operation": -2471000.0,
        "Total Expenses": 2828000.0,
        "Total Operating Income As Reported": -2828000.0,
        "Diluted Average Shares": 24940746.0,
        "Basic Average Shares": 24940746.0,
        "Diluted EPS": -0.1,
        "Basic EPS": -0.1,
        "Diluted NI Availto Com Stockholders": -2471000.0,
        "Net Income Common Stockholders": -2471000.0,
        "Net Income": -2471000.0,
        "Net Income Including Noncontrolling Interests": -2471000.0,
        "Net Income Continuous Operations": -2471000.0,
        "Pretax Income": -2471000.0,
        "Other Income Expense": 233000.0,
        "Special Income Charges": 0.0,
        "Restructuring And Mergern Acquisition": 0.0,
        "Gain On Sale Of Security": 233000.0,
        "Net Non Operating Interest Income Expense": 124000.0,
        "Interest Income Non Operating": 124000.0,
        "Operating Income": -2828000.0,
        "Operating Expense": 2828000.0,
        "Research And Development": 1650000.0,
        "Selling General And Administration": 1178000.0,
        "General And Administrative Expense": 1178000.0,
        "Other Gand A": 1178000.0,
        "Total Revenue": 0.0,
        "Operating Revenue": 0.0
    },
    "2024-12-31": {
        "Tax Effect Of Unusual Items": 0.0,
        "Tax Rate For Calcs": 0.0,
        "Normalized EBITDA": -2301000.0,
        "Total Unusual Items": -331000.0,
        "Total Unusual Items Excluding Goodwill": -331000.0,
        "Net Income From Continuing Operation Net Minority Interest": -2878000.0,
        "Reconciled Depreciation": NaN,
        "EBITDA": -2632000.0,
        "EBIT": -2632000.0,
        "Net Interest Income": 85000.0,
        "Interest Income": NaN,
        "Normalized Income": -2547000.0,
        "Net Income From Continuing And Discontinued Operation": -2878000.0,
        "Total Expenses": 2675000.0,
        "Total Operating Income As Reported": -2632000.0,
        "Diluted Average Shares": NaN,
        "Basic Average Shares": NaN,
        "Diluted EPS": NaN,
        "Basic EPS": NaN,
        "Diluted NI Availto Com Stockholders": -2878000.0,
        "Net Income Common Stockholders": -2878000.0,
        "Net Income": -2878000.0,
        "Net Income Including Noncontrolling Interests": -2878000.0,
        "Net Income Continuous Operations": -2878000.0,
        "Pretax Income": -2878000.0,
        "Other Income Expense": -331000.0,
        "Special Income Charges": NaN,
        "Restructuring And Mergern Acquisition": NaN,
        "Gain On Sale Of Security": -331000.0,
        "Net Non Operating Interest Income Expense": 85000.0,
        "Interest Income Non Operating": NaN,
        "Operating Income": -2632000.0,
        "Operating Expense": 2675000.0,
        "Research And Development": 1576000.0,
        "Selling General And Administration": 1099000.0,
        "General And Administrative Expense": NaN,
        "Other Gand A": NaN,
        "Total Revenue": 43000.0,
        "Operating Revenue": 43000.0
    }
}