{
    "2023-03-31": {
        "Tax Effect Of Unusual Items": NaN,
        "Tax Rate For Calcs": NaN,
        "Normalized EBITDA": NaN,
        "Total Unusual Items": NaN,
        "Total Unusual Items Excluding Goodwill": NaN,
        "Net Income From Continuing Operation Net Minority Interest": NaN,
        "Reconciled Depreciation": NaN,
        "Reconciled Cost Of Revenue": NaN,
        "EBITDA": NaN,
        "EBIT": NaN,
        "Net Interest Income": NaN,
        "Interest Expense": NaN,
        "Interest Income": NaN,
        "Normalized Income": NaN,
        "Net Income From Continuing And Discontinued Operation": NaN,
        "Total Expenses": NaN,
        "Total Operating Income As Reported": NaN,
        "Diluted Average Shares": NaN,
        "Basic Average Shares": NaN,
        "Diluted EPS": NaN,
        "Basic EPS": NaN,
        "Diluted NI Availto Com Stockholders": NaN,
        "Net Income Common Stockholders": NaN,
        "Net Income": NaN,
        "Minority Interests": NaN,
        "Net Income Including Noncontrolling Interests": NaN,
        "Net Income Discontinuous Operations": NaN,
        "Net Income Continuous Operations": NaN,
        "Tax Provision": NaN,
        "Pretax Income": NaN,
        "Other Income Expense": NaN,
        "Other Non Operating Income Expenses": NaN,
        "Special Income Charges": NaN,
        "Gain On Sale Of Business": NaN,
        "Other Special Charges": 0.0,
        "Restructuring And Mergern Acquisition": NaN,
        "Gain On Sale Of Security": NaN,
        "Net Non Operating Interest Income Expense": NaN,
        "Interest Expense Non Operating": NaN,
        "Interest Income Non Operating": NaN,
        "Operating Income": NaN,
        "Operating Expense": NaN,
        "Research And Development": NaN,
        "Selling General And Administration": NaN,
        "Selling And Marketing Expense": NaN,
        "General And Administrative Expense": NaN,
        "Other Gand A": NaN,
        "Salaries And Wages": NaN,
        "Gross Profit": NaN,
        "Cost Of Revenue": NaN,
        "Total Revenue": NaN,
        "Operating Revenue": NaN
    },
    "2022-12-31": {
        "Tax Effect Of Unusual Items": NaN,
        "Tax Rate For Calcs": NaN,
        "Normalized EBITDA": NaN,
        "Total Unusual Items": NaN,
        "Total Unusual Items Excluding Goodwill": NaN,
        "Net Income From Continuing Operation Net Minority Interest": NaN,
        "Reconciled Depreciation": NaN,
        "Reconciled Cost Of Revenue": NaN,
        "EBITDA": NaN,
        "EBIT": NaN,
        "Net Interest Income": NaN,
        "Interest Expense": NaN,
        "Interest Income": NaN,
        "Normalized Income": NaN,
        "Net Income From Continuing And Discontinued Operation": NaN,
        "Total Expenses": NaN,
        "Total Operating Income As Reported": NaN,
        "Diluted Average Shares": NaN,
        "Basic Average Shares": NaN,
        "Diluted EPS": NaN,
        "Basic EPS": NaN,
        "Diluted NI Availto Com Stockholders": NaN,
        "Net Income Common Stockholders": NaN,
        "Net Income": NaN,
        "Minority Interests": NaN,
        "Net Income Including Noncontrolling Interests": NaN,
        "Net Income Continuous Operations": NaN,
        "Tax Provision": NaN,
        "Pretax Income": NaN,
        "Other Income Expense": NaN,
        "Other Non Operating Income Expenses": NaN,
        "Special Income Charges": NaN,
        "Gain On Sale Of Business": NaN,
        "Other Special Charges": 97749000.0,
        "Restructuring And Mergern Acquisition": NaN,
        "Gain On Sale Of Security": NaN,
        "Net Non Operating Interest Income Expense": NaN,
        "Interest Expense Non Operating": NaN,
        "Interest Income Non Operating": NaN,
        "Operating Income": NaN,
        "Operating Expense": NaN,
        "Research And Development": NaN,
        "Selling General And Administration": NaN,
        "Selling And Marketing Expense": NaN,
        "General And Administrative Expense": 168261000.0,
        "Other Gand A": 117520000.0,
        "Salaries And Wages": 50741000.0,
        "Gross Profit": NaN,
        "Cost Of Revenue": NaN,
        "Total Revenue": NaN,
        "Operating Revenue": NaN
    },
    "2022-09-30": {
        "Tax Effect Of Unusual Items": NaN,
        "Tax Rate For Calcs": NaN,
        "Normalized EBITDA": NaN,
        "Total Unusual Items": NaN,
        "Total Unusual Items Excluding Goodwill": NaN,
        "Net Income From Continuing Operation Net Minority Interest": NaN,
        "Reconciled Depreciation": NaN,
        "Reconciled Cost Of Revenue": NaN,
        "EBITDA": NaN,
        "EBIT": NaN,
        "Net Interest Income": NaN,
        "Interest Expense": NaN,
        "Interest Income": NaN,
        "Normalized Income": NaN,
        "Net Income From Continuing And Discontinued Operation": NaN,
        "Total Expenses": NaN,
        "Total Operating Income As Reported": NaN,
        "Diluted Average Shares": NaN,
        "Basic Average Shares": NaN,
        "Diluted EPS": NaN,
        "Basic EPS": NaN,
        "Diluted NI Availto Com Stockholders": NaN,
        "Net Income Common Stockholders": NaN,
        "Net Income": NaN,
        "Minority Interests": NaN,
        "Net Income Including Noncontrolling Interests": NaN,
        "Net Income Continuous Operations": NaN,
        "Tax Provision": NaN,
        "Pretax Income": NaN,
        "Other Income Expense": NaN,
        "Other Non Operating Income Expenses": NaN,
        "Special Income Charges": NaN,
        "Gain On Sale Of Business": NaN,
        "Other Special Charges": NaN,
        "Restructuring And Mergern Acquisition": NaN,
        "Gain On Sale Of Security": NaN,
        "Net Non Operating Interest Income Expense": NaN,
        "Interest Expense Non Operating": NaN,
        "Interest Income Non Operating": NaN,
        "Operating Income": NaN,
        "Operating Expense": NaN,
        "Research And Development": NaN,
        "Selling General And Administration": NaN,
        "Selling And Marketing Expense": NaN,
        "General And Administrative Expense": 157663000.0,
        "Other Gand A": 157663000.0,
        "Salaries And Wages": NaN,
        "Gross Profit": NaN,
        "Cost Of Revenue": NaN,
        "Total Revenue": NaN,
        "Operating Revenue": NaN
    },
    "2022-06-30": {
        "Tax Effect Of Unusual Items": -9818800.0,
        "Tax Rate For Calcs": 0.4,
        "Normalized EBITDA": -322626000.0,
        "Total Unusual Items": -24547000.0,
        "Total Unusual Items Excluding Goodwill": -24547000.0,
        "Net Income From Continuing Operation Net Minority Interest": -331809000.0,
        "Reconciled Depreciation": NaN,
        "Reconciled Cost Of Revenue": 1726000.0,
        "EBITDA": -347173000.0,
        "EBIT": -347173000.0,
        "Net Interest Income": -631000.0,
        "Interest Expense": 2612000.0,
        "Interest Income": 1981000.0,
        "Normalized Income": -317080800.0,
        "Net Income From Continuing And Discontinued Operation": -331809000.0,
        "Total Expenses": 286628000.0,
        "Total Operating Income As Reported": -282309000.0,
        "Diluted Average Shares": 695878859.0,
        "Basic Average Shares": 695878859.0,
        "Diluted EPS": -0.48,
        "Basic EPS": -0.48,
        "Diluted NI Availto Com Stockholders": -331809000.0,
        "Net Income Common Stockholders": -331809000.0,
        "Net Income": -331809000.0,
        "Minority Interests": 21975000.0,
        "Net Income Including Noncontrolling Interests": -353784000.0,
        "Net Income Discontinuous Operations": NaN,
        "Net Income Continuous Operations": -353784000.0,
        "Tax Provision": 3999000.0,
        "Pretax Income": -349785000.0,
        "Other Income Expense": -66845000.0,
        "Other Non Operating Income Expenses": -42298000.0,
        "Special Income Charges": 0.0,
        "Gain On Sale Of Business": NaN,
        "Restructuring And Mergern Acquisition": 0.0,
        "Gain On Sale Of Security": -24547000.0,
        "Net Non Operating Interest Income Expense": -631000.0,
        "Interest Expense Non Operating": 2612000.0,
        "Interest Income Non Operating": 1981000.0,
        "Operating Income": -282309000.0,
        "Operating Expense": 284902000.0,
        "Research And Development": 135830000.0,
        "Selling General And Administration": 149072000.0,
        "Selling And Marketing Expense": NaN,
        "General And Administrative Expense": 149072000.0,
        "Other Gand A": 149072000.0,
        "Gross Profit": 2593000.0,
        "Cost Of Revenue": 1726000.0,
        "Total Revenue": 4319000.0,
        "Operating Revenue": 4319000.0
    },
    "2022-03-31": {
        "Diluted EPS": -0.4,
        "Total Revenue": 9,
        "Gross Profit": 9,
        "Operating Income": -267,
        "EBIT": -265,
        "Net Income": -270
    },
    "2021-12-31": {
        "Diluted EPS": -0.41,
        "Total Revenue": 24,
        "Gross Profit": 23,
        "Operating Income": -246,
        "EBIT": -245,
        "Net Income": -285
    },
    "2021-09-30": {
        "Diluted EPS": -0.32,
        "Total Revenue": 14,
        "Gross Profit": 8,
        "Operating Income": -684,
        "EBIT": -684,
        "Net Income": -208
    },
    "2021-06-30": {
        "Diluted EPS": -0.13,
        "Total Revenue": 8,
        "Gross Profit": 7,
        "Operating Income": -154,
        "EBIT": -154,
        "Net Income": -82
    },
    "2021-03-31": {
        "Diluted EPS": -0.79,
        "Total Revenue": 15,
        "Gross Profit": 15,
        "Operating Income": -541,
        "EBIT": -541,
        "Net Income": -510
    },
    "2020-12-31": {
        "Diluted EPS": -0.41,
        "Total Revenue": 6,
        "Gross Profit": 5,
        "Operating Income": -259,
        "EBIT": -259,
        "Net Income": -261
    },
    "2020-09-30": {
        "Diluted EPS": -0.06,
        "Total Revenue": 1,
        "Gross Profit": 1,
        "Operating Income": -157,
        "EBIT": -157,
        "Net Income": -35
    },
    "2020-06-30": {
        "Diluted EPS": -0.02,
        "Total Revenue": 2,
        "Gross Profit": 1,
        "Operating Income": -114,
        "EBIT": -114,
        "Net Income": -3
    },
    "2023-06-30": {
        "Tax Effect Of Unusual Items": NaN,
        "Tax Rate For Calcs": NaN,
        "Normalized EBITDA": NaN,
        "Total Unusual Items": NaN,
        "Total Unusual Items Excluding Goodwill": NaN,
        "Net Income From Continuing Operation Net Minority Interest": NaN,
        "Reconciled Depreciation": NaN,
        "Reconciled Cost Of Revenue": NaN,
        "EBITDA": NaN,
        "EBIT": NaN,
        "Net Interest Income": NaN,
        "Interest Expense": 8912000.0,
        "Interest Income": NaN,
        "Normalized Income": NaN,
        "Net Income From Continuing And Discontinued Operation": NaN,
        "Total Expenses": NaN,
        "Total Operating Income As Reported": NaN,
        "Diluted Average Shares": NaN,
        "Basic Average Shares": NaN,
        "Diluted EPS": NaN,
        "Basic EPS": NaN,
        "Diluted NI Availto Com Stockholders": NaN,
        "Net Income Common Stockholders": NaN,
        "Net Income": NaN,
        "Minority Interests": NaN,
        "Net Income Including Noncontrolling Interests": NaN,
        "Net Income Discontinuous Operations": NaN,
        "Net Income Continuous Operations": NaN,
        "Tax Provision": NaN,
        "Pretax Income": NaN,
        "Other Income Expense": NaN,
        "Other Non Operating Income Expenses": NaN,
        "Special Income Charges": NaN,
        "Gain On Sale Of Business": NaN,
        "Other Special Charges": 12500000.0,
        "Restructuring And Mergern Acquisition": NaN,
        "Gain On Sale Of Security": NaN,
        "Net Non Operating Interest Income Expense": NaN,
        "Interest Expense Non Operating": 8912000.0,
        "Interest Income Non Operating": NaN,
        "Operating Income": NaN,
        "Operating Expense": NaN,
        "Research And Development": NaN,
        "Selling General And Administration": NaN,
        "Selling And Marketing Expense": 156190000.0,
        "General And Administrative Expense": NaN,
        "Other Gand A": NaN,
        "Salaries And Wages": NaN,
        "Gross Profit": NaN,
        "Cost Of Revenue": NaN,
        "Total Revenue": NaN,
        "Operating Revenue": NaN
    },
    "2023-09-30": {
        "Tax Effect Of Unusual Items": NaN,
        "Tax Rate For Calcs": NaN,
        "Normalized EBITDA": NaN,
        "Total Unusual Items": NaN,
        "Total Unusual Items Excluding Goodwill": NaN,
        "Net Income From Continuing Operation Net Minority Interest": NaN,
        "Reconciled Depreciation": NaN,
        "Reconciled Cost Of Revenue": NaN,
        "EBITDA": NaN,
        "EBIT": NaN,
        "Net Interest Income": NaN,
        "Interest Expense": 9247000.0,
        "Interest Income": NaN,
        "Normalized Income": NaN,
        "Net Income From Continuing And Discontinued Operation": NaN,
        "Total Expenses": NaN,
        "Total Operating Income As Reported": NaN,
        "Diluted Average Shares": NaN,
        "Basic Average Shares": NaN,
        "Diluted EPS": NaN,
        "Basic EPS": NaN,
        "Diluted NI Availto Com Stockholders": NaN,
        "Net Income Common Stockholders": NaN,
        "Net Income": NaN,
        "Minority Interests": NaN,
        "Net Income Including Noncontrolling Interests": NaN,
        "Net Income Discontinuous Operations": -86476000.0,
        "Net Income Continuous Operations": NaN,
        "Tax Provision": NaN,
        "Pretax Income": NaN,
        "Other Income Expense": NaN,
        "Other Non Operating Income Expenses": NaN,
        "Special Income Charges": NaN,
        "Gain On Sale Of Business": NaN,
        "Other Special Charges": 13950000.0,
        "Restructuring And Mergern Acquisition": NaN,
        "Gain On Sale Of Security": NaN,
        "Net Non Operating Interest Income Expense": NaN,
        "Interest Expense Non Operating": 9247000.0,
        "Interest Income Non Operating": NaN,
        "Operating Income": NaN,
        "Operating Expense": NaN,
        "Research And Development": NaN,
        "Selling General And Administration": NaN,
        "General And Administrative Expense": NaN,
        "Other Gand A": NaN,
        "Salaries And Wages": 37755000.0,
        "Gross Profit": NaN,
        "Cost Of Revenue": NaN,
        "Total Revenue": NaN,
        "Operating Revenue": NaN
    },
    "2023-12-31": {
        "Tax Effect Of Unusual Items": NaN,
        "Tax Rate For Calcs": NaN,
        "Normalized EBITDA": NaN,
        "Total Unusual Items": NaN,
        "Total Unusual Items Excluding Goodwill": NaN,
        "Net Income From Continuing Operation Net Minority Interest": NaN,
        "Reconciled Depreciation": NaN,
        "Reconciled Cost Of Revenue": NaN,
        "EBITDA": NaN,
        "EBIT": NaN,
        "Net Interest Income": NaN,
        "Interest Expense": 9444000.0,
        "Interest Income": NaN,
        "Normalized Income": NaN,
        "Net Income From Continuing And Discontinued Operation": NaN,
        "Total Expenses": NaN,
        "Total Operating Income As Reported": NaN,
        "Diluted Average Shares": NaN,
        "Basic Average Shares": NaN,
        "Diluted EPS": NaN,
        "Basic EPS": NaN,
        "Diluted NI Availto Com Stockholders": NaN,
        "Net Income Common Stockholders": NaN,
        "Net Income": NaN,
        "Minority Interests": NaN,
        "Net Income Including Noncontrolling Interests": NaN,
        "Net Income Discontinuous Operations": NaN,
        "Net Income Continuous Operations": NaN,
        "Tax Provision": NaN,
        "Pretax Income": NaN,
        "Other Income Expense": NaN,
        "Other Non Operating Income Expenses": NaN,
        "Special Income Charges": NaN,
        "Gain On Sale Of Business": NaN,
        "Other Special Charges": NaN,
        "Restructuring And Mergern Acquisition": 0.0,
        "Gain On Sale Of Security": NaN,
        "Net Non Operating Interest Income Expense": NaN,
        "Interest Expense Non Operating": 9444000.0,
        "Interest Income Non Operating": NaN,
        "Operating Income": NaN,
        "Operating Expense": NaN,
        "Research And Development": NaN,
        "Selling General And Administration": NaN,
        "General And Administrative Expense": NaN,
        "Other Gand A": NaN,
        "Salaries And Wages": 44419000.0,
        "Gross Profit": NaN,
        "Cost Of Revenue": NaN,
        "Total Revenue": NaN,
        "Operating Revenue": NaN
    },
    "2024-03-31": {
        "Tax Effect Of Unusual Items": NaN,
        "Tax Rate For Calcs": NaN,
        "Normalized EBITDA": NaN,
        "Total Unusual Items": NaN,
        "Total Unusual Items Excluding Goodwill": NaN,
        "Net Income From Continuing Operation Net Minority Interest": NaN,
        "Reconciled Depreciation": NaN,
        "Reconciled Cost Of Revenue": NaN,
        "EBITDA": NaN,
        "EBIT": NaN,
        "Net Interest Income": NaN,
        "Interest Expense": 7175000.0,
        "Interest Income": NaN,
        "Normalized Income": NaN,
        "Net Income From Continuing And Discontinued Operation": NaN,
        "Total Expenses": NaN,
        "Total Operating Income As Reported": NaN,
        "Diluted Average Shares": NaN,
        "Basic Average Shares": NaN,
        "Diluted EPS": NaN,
        "Basic EPS": NaN,
        "Diluted NI Availto Com Stockholders": NaN,
        "Net Income Common Stockholders": NaN,
        "Net Income": NaN,
        "Minority Interests": NaN,
        "Net Income Including Noncontrolling Interests": NaN,
        "Net Income Discontinuous Operations": NaN,
        "Net Income Continuous Operations": NaN,
        "Tax Provision": NaN,
        "Pretax Income": NaN,
        "Other Income Expense": NaN,
        "Other Non Operating Income Expenses": NaN,
        "Special Income Charges": NaN,
        "Gain On Sale Of Business": NaN,
        "Other Special Charges": 0.0,
        "Restructuring And Mergern Acquisition": 0.0,
        "Gain On Sale Of Security": NaN,
        "Net Non Operating Interest Income Expense": NaN,
        "Interest Expense Non Operating": 7175000.0,
        "Interest Income Non Operating": NaN,
        "Operating Income": NaN,
        "Operating Expense": NaN,
        "Research And Development": NaN,
        "Selling General And Administration": NaN,
        "General And Administrative Expense": NaN,
        "Other Gand A": NaN,
        "Salaries And Wages": NaN,
        "Gross Profit": NaN,
        "Cost Of Revenue": NaN,
        "Total Revenue": NaN,
        "Operating Revenue": NaN
    },
    "2024-06-30": {
        "Tax Effect Of Unusual Items": NaN,
        "Tax Rate For Calcs": NaN,
        "Normalized EBITDA": NaN,
        "Total Unusual Items": NaN,
        "Total Unusual Items Excluding Goodwill": NaN,
        "Net Income From Continuing Operation Net Minority Interest": NaN,
        "Reconciled Depreciation": NaN,
        "Reconciled Cost Of Revenue": NaN,
        "EBITDA": NaN,
        "EBIT": NaN,
        "Net Interest Income": NaN,
        "Interest Expense": 13399000.0,
        "Interest Income": NaN,
        "Normalized Income": NaN,
        "Net Income From Continuing And Discontinued Operation": NaN,
        "Total Expenses": NaN,
        "Total Operating Income As Reported": NaN,
        "Diluted Average Shares": NaN,
        "Basic Average Shares": NaN,
        "Diluted EPS": NaN,
        "Basic EPS": NaN,
        "Diluted NI Availto Com Stockholders": NaN,
        "Net Income Common Stockholders": NaN,
        "Net Income": NaN,
        "Minority Interests": NaN,
        "Net Income Including Noncontrolling Interests": NaN,
        "Net Income Discontinuous Operations": NaN,
        "Net Income Continuous Operations": NaN,
        "Tax Provision": NaN,
        "Pretax Income": NaN,
        "Other Income Expense": NaN,
        "Other Non Operating Income Expenses": NaN,
        "Special Income Charges": NaN,
        "Gain On Sale Of Business": NaN,
        "Other Special Charges": NaN,
        "Restructuring And Mergern Acquisition": 0.0,
        "Gain On Sale Of Security": NaN,
        "Net Non Operating Interest Income Expense": NaN,
        "Interest Expense Non Operating": 13399000.0,
        "Interest Income Non Operating": NaN,
        "Operating Income": NaN,
        "Operating Expense": NaN,
        "Research And Development": NaN,
        "Selling General And Administration": NaN,
        "General And Administrative Expense": NaN,
        "Other Gand A": NaN,
        "Salaries And Wages": 36841000.0,
        "Gross Profit": NaN,
        "Cost Of Revenue": NaN,
        "Total Revenue": NaN,
        "Operating Revenue": NaN
    },
    "2024-09-30": {
        "Tax Effect Of Unusual Items": 12093750.0,
        "Tax Rate For Calcs": 0.25,
        "Normalized EBITDA": -385246000.0,
        "Total Unusual Items": 48375000.0,
        "Total Unusual Items Excluding Goodwill": 48375000.0,
        "Net Income From Continuing Operation Net Minority Interest": -187101000.0,
        "Reconciled Depreciation": 4842000.0,
        "Reconciled Cost Of Revenue": 234000.0,
        "EBITDA": -336871000.0,
        "EBIT": -341713000.0,
        "Net Interest Income": 69773000.0,
        "Interest Expense": NaN,
        "Interest Income": 69773000.0,
        "Normalized Income": -223382250.0,
        "Net Income From Continuing And Discontinued Operation": -230184000.0,
        "Total Expenses": 346188000.0,
        "Total Operating Income As Reported": -341713000.0,
        "Diluted Average Shares": 735470796.0,
        "Basic Average Shares": 735470796.0,
        "Diluted EPS": -0.31,
        "Basic EPS": -0.31,
        "Diluted NI Availto Com Stockholders": -230184000.0,
        "Net Income Common Stockholders": -230184000.0,
        "Net Income": -230184000.0,
        "Minority Interests": 49740000.0,
        "Net Income Including Noncontrolling Interests": -279924000.0,
        "Net Income Discontinuous Operations": -43083000.0,
        "Net Income Continuous Operations": -236841000.0,
        "Tax Provision": 12458000.0,
        "Pretax Income": -224383000.0,
        "Other Income Expense": 47557000.0,
        "Other Non Operating Income Expenses": -818000.0,
        "Special Income Charges": 0.0,
        "Gain On Sale Of Business": 0.0,
        "Other Special Charges": NaN,
        "Restructuring And Mergern Acquisition": 0.0,
        "Gain On Sale Of Security": 48375000.0,
        "Net Non Operating Interest Income Expense": 69773000.0,
        "Interest Expense Non Operating": NaN,
        "Interest Income Non Operating": 69773000.0,
        "Operating Income": -341713000.0,
        "Operating Expense": 345954000.0,
        "Research And Development": 143073000.0,
        "Selling General And Administration": 202881000.0,
        "General And Administrative Expense": 202881000.0,
        "Other Gand A": 143438000.0,
        "Salaries And Wages": 59443000.0,
        "Gross Profit": 4241000.0,
        "Cost Of Revenue": 234000.0,
        "Total Revenue": 4475000.0,
        "Operating Revenue": 4475000.0
    },
    "2024-12-31": {
        "Tax Effect Of Unusual Items": -2323226.0,
        "Tax Rate For Calcs": 0.109,
        "Normalized EBITDA": -250146000.0,
        "Total Unusual Items": -21314000.0,
        "Total Unusual Items Excluding Goodwill": -21314000.0,
        "Net Income From Continuing Operation Net Minority Interest": -157639000.0,
        "Reconciled Depreciation": 2921000.0,
        "Reconciled Cost Of Revenue": 259000.0,
        "EBITDA": -271460000.0,
        "EBIT": -274381000.0,
        "Net Interest Income": 61851000.0,
        "Interest Expense": NaN,
        "Interest Income": 61851000.0,
        "Normalized Income": -138648226.0,
        "Net Income From Continuing And Discontinued Operation": 169381000.0,
        "Total Expenses": 283399000.0,
        "Total Operating Income As Reported": -274381000.0,
        "Diluted Average Shares": 722716168.0,
        "Basic Average Shares": 722716168.0,
        "Diluted EPS": 0.23,
        "Basic EPS": 0.23,
        "Diluted NI Availto Com Stockholders": 169381000.0,
        "Net Income Common Stockholders": 169381000.0,
        "Net Income": 169381000.0,
        "Minority Interests": 51306000.0,
        "Net Income Including Noncontrolling Interests": 118075000.0,
        "Net Income Discontinuous Operations": 327020000.0,
        "Net Income Continuous Operations": -208945000.0,
        "Tax Provision": -25568000.0,
        "Pretax Income": -234513000.0,
        "Other Income Expense": -21983000.0,
        "Other Non Operating Income Expenses": -669000.0,
        "Special Income Charges": 0.0,
        "Gain On Sale Of Business": 0.0,
        "Other Special Charges": NaN,
        "Restructuring And Mergern Acquisition": 0.0,
        "Gain On Sale Of Security": -21314000.0,
        "Net Non Operating Interest Income Expense": 61851000.0,
        "Interest Expense Non Operating": NaN,
        "Interest Income Non Operating": 61851000.0,
        "Operating Income": -274381000.0,
        "Operating Expense": 283140000.0,
        "Research And Development": 141595000.0,
        "Selling General And Administration": 141545000.0,
        "General And Administrative Expense": 141545000.0,
        "Other Gand A": 72159000.0,
        "Salaries And Wages": 69386000.0,
        "Gross Profit": 8759000.0,
        "Cost Of Revenue": 259000.0,
        "Total Revenue": 9018000.0,
        "Operating Revenue": 9018000.0
    },
    "2025-03-31": {
        "Tax Effect Of Unusual Items": 4001750.0,
        "Tax Rate For Calcs": 0.25,
        "Normalized EBITDA": -299547000.0,
        "Total Unusual Items": 16007000.0,
        "Total Unusual Items Excluding Goodwill": 16007000.0,
        "Net Income From Continuing Operation Net Minority Interest": -206475000.0,
        "Reconciled Depreciation": 1425000.0,
        "Reconciled Cost Of Revenue": 205000.0,
        "EBITDA": -283540000.0,
        "EBIT": -284965000.0,
        "Net Interest Income": 54624000.0,
        "Interest Expense": NaN,
        "Interest Income": 54624000.0,
        "Normalized Income": -218480250.0,
        "Net Income From Continuing And Discontinued Operation": -206475000.0,
        "Total Expenses": 292535000.0,
        "Total Operating Income As Reported": -284965000.0,
        "Diluted Average Shares": 707298861.0,
        "Basic Average Shares": 707298861.0,
        "Diluted EPS": -0.29,
        "Basic EPS": -0.29,
        "Diluted NI Availto Com Stockholders": -206475000.0,
        "Net Income Common Stockholders": -206475000.0,
        "Net Income": -206475000.0,
        "Minority Interests": 45900000.0,
        "Net Income Including Noncontrolling Interests": -252375000.0,
        "Net Income Discontinuous Operations": 0.0,
        "Net Income Continuous Operations": -252375000.0,
        "Tax Provision": 49321000.0,
        "Pretax Income": -203054000.0,
        "Other Income Expense": 27287000.0,
        "Other Non Operating Income Expenses": 11280000.0,
        "Special Income Charges": 3108000.0,
        "Gain On Sale Of Business": 3108000.0,
        "Other Special Charges": NaN,
        "Restructuring And Mergern Acquisition": NaN,
        "Gain On Sale Of Security": 12899000.0,
        "Net Non Operating Interest Income Expense": 54624000.0,
        "Interest Expense Non Operating": NaN,
        "Interest Income Non Operating": 54624000.0,
        "Operating Income": -284965000.0,
        "Operating Expense": 292330000.0,
        "Research And Development": 145238000.0,
        "Selling General And Administration": 147092000.0,
        "General And Administrative Expense": 147092000.0,
        "Other Gand A": 312762000.0,
        "Salaries And Wages": NaN,
        "Gross Profit": 7365000.0,
        "Cost Of Revenue": 205000.0,
        "Total Revenue": 7570000.0,
        "Operating Revenue": 7570000.0
    },
    "2025-06-30": {
        "Tax Effect Of Unusual Items": -4781250.0,
        "Tax Rate For Calcs": 0.25,
        "Normalized EBITDA": -264699000.0,
        "Total Unusual Items": -19125000.0,
        "Total Unusual Items Excluding Goodwill": -19125000.0,
        "Net Income From Continuing Operation Net Minority Interest": -223355000.0,
        "Reconciled Depreciation": 1098000.0,
        "Reconciled Cost Of Revenue": 154000.0,
        "EBITDA": -283824000.0,
        "EBIT": -284922000.0,
        "Net Interest Income": 48322000.0,
        "Interest Expense": NaN,
        "Interest Income": 48322000.0,
        "Normalized Income": -209011250.0,
        "Net Income From Continuing And Discontinued Operation": -223355000.0,
        "Total Expenses": 287092000.0,
        "Total Operating Income As Reported": -284922000.0,
        "Diluted Average Shares": 680286922.0,
        "Basic Average Shares": 680286922.0,
        "Diluted EPS": -0.33,
        "Basic EPS": -0.33,
        "Diluted NI Availto Com Stockholders": -223355000.0,
        "Net Income Common Stockholders": -223355000.0,
        "Net Income": -223355000.0,
        "Minority Interests": 50556000.0,
        "Net Income Including Noncontrolling Interests": -273911000.0,
        "Net Income Discontinuous Operations": 0.0,
        "Net Income Continuous Operations": -273911000.0,
        "Tax Provision": 4649000.0,
        "Pretax Income": -269262000.0,
        "Other Income Expense": -32662000.0,
        "Other Non Operating Income Expenses": -13537000.0,
        "Special Income Charges": 0.0,
        "Gain On Sale Of Business": 0.0,
        "Other Special Charges": NaN,
        "Restructuring And Mergern Acquisition": NaN,
        "Gain On Sale Of Security": -19125000.0,
        "Net Non Operating Interest Income Expense": 48322000.0,
        "Interest Expense Non Operating": NaN,
        "Interest Income Non Operating": 48322000.0,
        "Operating Income": -284922000.0,
        "Operating Expense": 286938000.0,
        "Research And Development": 152919000.0,
        "Selling General And Administration": 134019000.0,
        "General And Administrative Expense": 134019000.0,
        "Other Gand A": 62940000.0,
        "Salaries And Wages": 71079000.0,
        "Gross Profit": 2016000.0,
        "Cost Of Revenue": 154000.0,
        "Total Revenue": 2170000.0,
        "Operating Revenue": 2170000.0
    },
    "2025-09-30": {
        "Tax Effect Of Unusual Items": 32125250.0,
        "Tax Rate For Calcs": 0.25,
        "Normalized EBITDA": -433813000.0,
        "Total Unusual Items": 128501000.0,
        "Total Unusual Items Excluding Goodwill": 128501000.0,
        "Net Income From Continuing Operation Net Minority Interest": -113519000.0,
        "Reconciled Depreciation": 921000.0,
        "Reconciled Cost Of Revenue": 111000.0,
        "EBITDA": -305312000.0,
        "EBIT": -306233000.0,
        "Net Interest Income": 45341000.0,
        "Interest Expense": NaN,
        "Interest Income": 45341000.0,
        "Normalized Income": -209894750.0,
        "Net Income From Continuing And Discontinued Operation": -113519000.0,
        "Total Expenses": 307804000.0,
        "Total Operating Income As Reported": -306233000.0,
        "Diluted Average Shares": 680947866.0,
        "Basic Average Shares": 680947866.0,
        "Diluted EPS": -0.17,
        "Basic EPS": -0.17,
        "Diluted NI Availto Com Stockholders": -113519000.0,
        "Net Income Common Stockholders": -113519000.0,
        "Net Income": -113519000.0,
        "Minority Interests": 52520000.0,
        "Net Income Including Noncontrolling Interests": -166039000.0,
        "Net Income Discontinuous Operations": 0.0,
        "Net Income Continuous Operations": -166039000.0,
        "Tax Provision": 6995000.0,
        "Pretax Income": -159044000.0,
        "Other Income Expense": 101848000.0,
        "Other Non Operating Income Expenses": -26653000.0,
        "Special Income Charges": 0.0,
        "Gain On Sale Of Business": 0.0,
        "Other Special Charges": NaN,
        "Restructuring And Mergern Acquisition": NaN,
        "Gain On Sale Of Security": 128501000.0,
        "Net Non Operating Interest Income Expense": 45341000.0,
        "Interest Expense Non Operating": NaN,
        "Interest Income Non Operating": 45341000.0,
        "Operating Income": -306233000.0,
        "Operating Expense": 307693000.0,
        "Research And Development": 164568000.0,
        "Selling General And Administration": 143125000.0,
        "General And Administrative Expense": 143125000.0,
        "Other Gand A": 72300000.0,
        "Salaries And Wages": 70825000.0,
        "Gross Profit": 1460000.0,
        "Cost Of Revenue": 111000.0,
        "Total Revenue": 1571000.0,
        "Operating Revenue": 1571000.0
    }
}