{
    "2023-03-31": {
        "Tax Effect Of Unusual Items": NaN,
        "Tax Rate For Calcs": NaN,
        "Normalized EBITDA": NaN,
        "Total Unusual Items": NaN,
        "Total Unusual Items Excluding Goodwill": NaN,
        "Net Income From Continuing Operation Net Minority Interest": NaN,
        "Reconciled Depreciation": NaN,
        "Reconciled Cost Of Revenue": NaN,
        "EBITDA": NaN,
        "EBIT": NaN,
        "Net Interest Income": NaN,
        "Interest Expense": NaN,
        "Interest Income": NaN,
        "Normalized Income": NaN,
        "Net Income From Continuing And Discontinued Operation": NaN,
        "Total Expenses": NaN,
        "Diluted Average Shares": NaN,
        "Basic Average Shares": NaN,
        "Diluted EPS": NaN,
        "Basic EPS": NaN,
        "Diluted NI Availto Com Stockholders": NaN,
        "Net Income Common Stockholders": NaN,
        "Otherunder Preferred Stock Dividend": NaN,
        "Net Income": NaN,
        "Minority Interests": NaN,
        "Net Income Including Noncontrolling Interests": NaN,
        "Net Income Continuous Operations": NaN,
        "Tax Provision": NaN,
        "Pretax Income": NaN,
        "Other Income Expense": NaN,
        "Other Non Operating Income Expenses": NaN,
        "Gain On Sale Of Security": NaN,
        "Net Non Operating Interest Income Expense": NaN,
        "Interest Expense Non Operating": NaN,
        "Interest Income Non Operating": NaN,
        "Operating Income": NaN,
        "Operating Expense": NaN,
        "Selling General And Administration": NaN,
        "General And Administrative Expense": 606600000.0,
        "Other Gand A": 501200000.0,
        "Salaries And Wages": 105400000.0,
        "Gross Profit": NaN,
        "Cost Of Revenue": NaN,
        "Total Revenue": NaN,
        "Operating Revenue": NaN
    },
    "2022-12-31": {
        "Tax Effect Of Unusual Items": NaN,
        "Tax Rate For Calcs": NaN,
        "Normalized EBITDA": NaN,
        "Total Unusual Items": NaN,
        "Total Unusual Items Excluding Goodwill": NaN,
        "Net Income From Continuing Operation Net Minority Interest": NaN,
        "Reconciled Depreciation": NaN,
        "Reconciled Cost Of Revenue": NaN,
        "EBITDA": NaN,
        "EBIT": NaN,
        "Net Interest Income": NaN,
        "Interest Expense": NaN,
        "Interest Income": NaN,
        "Normalized Income": NaN,
        "Net Income From Continuing And Discontinued Operation": NaN,
        "Total Expenses": NaN,
        "Diluted Average Shares": NaN,
        "Basic Average Shares": NaN,
        "Diluted EPS": NaN,
        "Basic EPS": NaN,
        "Diluted NI Availto Com Stockholders": NaN,
        "Net Income Common Stockholders": NaN,
        "Otherunder Preferred Stock Dividend": 1500000.0,
        "Net Income": NaN,
        "Minority Interests": 5300000.0,
        "Net Income Including Noncontrolling Interests": NaN,
        "Net Income Continuous Operations": NaN,
        "Tax Provision": NaN,
        "Pretax Income": NaN,
        "Other Income Expense": NaN,
        "Other Non Operating Income Expenses": NaN,
        "Gain On Sale Of Security": NaN,
        "Net Non Operating Interest Income Expense": NaN,
        "Interest Expense Non Operating": NaN,
        "Interest Income Non Operating": NaN,
        "Operating Income": NaN,
        "Operating Expense": NaN,
        "Selling General And Administration": NaN,
        "General And Administrative Expense": NaN,
        "Other Gand A": NaN,
        "Salaries And Wages": NaN,
        "Gross Profit": NaN,
        "Cost Of Revenue": NaN,
        "Total Revenue": NaN,
        "Operating Revenue": NaN
    },
    "2022-09-30": {
        "Tax Effect Of Unusual Items": NaN,
        "Tax Rate For Calcs": NaN,
        "Normalized EBITDA": NaN,
        "Total Unusual Items": NaN,
        "Total Unusual Items Excluding Goodwill": NaN,
        "Net Income From Continuing Operation Net Minority Interest": NaN,
        "Reconciled Depreciation": NaN,
        "Reconciled Cost Of Revenue": NaN,
        "EBITDA": NaN,
        "EBIT": NaN,
        "Net Interest Income": NaN,
        "Interest Expense": NaN,
        "Interest Income": NaN,
        "Normalized Income": NaN,
        "Net Income From Continuing And Discontinued Operation": NaN,
        "Total Expenses": NaN,
        "Diluted Average Shares": NaN,
        "Basic Average Shares": NaN,
        "Diluted EPS": NaN,
        "Basic EPS": NaN,
        "Diluted NI Availto Com Stockholders": NaN,
        "Net Income Common Stockholders": NaN,
        "Otherunder Preferred Stock Dividend": NaN,
        "Net Income": NaN,
        "Minority Interests": NaN,
        "Net Income Including Noncontrolling Interests": NaN,
        "Net Income Continuous Operations": NaN,
        "Tax Provision": NaN,
        "Pretax Income": NaN,
        "Other Income Expense": NaN,
        "Other Non Operating Income Expenses": NaN,
        "Special Income Charges": 0.0,
        "Gain On Sale Of Security": NaN,
        "Net Non Operating Interest Income Expense": NaN,
        "Interest Expense Non Operating": NaN,
        "Interest Income Non Operating": NaN,
        "Operating Income": NaN,
        "Operating Expense": NaN,
        "Selling General And Administration": NaN,
        "General And Administrative Expense": NaN,
        "Other Gand A": NaN,
        "Salaries And Wages": NaN,
        "Gross Profit": NaN,
        "Cost Of Revenue": NaN,
        "Total Revenue": NaN,
        "Operating Revenue": NaN
    },
    "2022-06-30": {
        "Tax Effect Of Unusual Items": -754000.0,
        "Tax Rate For Calcs": 0.145,
        "Normalized EBITDA": 437000000.0,
        "Total Unusual Items": -5200000.0,
        "Total Unusual Items Excluding Goodwill": -5200000.0,
        "Net Income From Continuing Operation Net Minority Interest": 297900000.0,
        "Reconciled Depreciation": 56800000.0,
        "Reconciled Cost Of Revenue": 1166300000.0,
        "EBITDA": 431800000.0,
        "EBIT": 375000000.0,
        "Net Interest Income": -30200000.0,
        "Interest Expense": 30800000.0,
        "Interest Income": 600000.0,
        "Normalized Income": 302346000.0,
        "Net Income From Continuing And Discontinued Operation": 297900000.0,
        "Total Expenses": 1608300000.0,
        "Diluted Average Shares": 116500000.0,
        "Basic Average Shares": 116000000.0,
        "Diluted EPS": 2.55,
        "Basic EPS": 2.56,
        "Diluted NI Availto Com Stockholders": 296900000.0,
        "Net Income Common Stockholders": 296900000.0,
        "Otherunder Preferred Stock Dividend": 1000000.0,
        "Net Income": 297900000.0,
        "Minority Interests": 3100000.0,
        "Net Income Including Noncontrolling Interests": 294800000.0,
        "Net Income Continuous Operations": 294800000.0,
        "Tax Provision": 49400000.0,
        "Pretax Income": 344200000.0,
        "Other Income Expense": 14000000.0,
        "Other Non Operating Income Expenses": 19200000.0,
        "Special Income Charges": 0.0,
        "Gain On Sale Of Security": -5200000.0,
        "Net Non Operating Interest Income Expense": -30200000.0,
        "Interest Expense Non Operating": 30800000.0,
        "Interest Income Non Operating": 600000.0,
        "Operating Income": 360400000.0,
        "Operating Expense": 442000000.0,
        "Selling General And Administration": 442000000.0,
        "Gross Profit": 802400000.0,
        "Cost Of Revenue": 1166300000.0,
        "Total Revenue": 1968700000.0,
        "Operating Revenue": 1968700000.0
    },
    "2023-06-30": {
        "Tax Effect Of Unusual Items": NaN,
        "Tax Rate For Calcs": NaN,
        "Normalized EBITDA": NaN,
        "Total Unusual Items": NaN,
        "Total Unusual Items Excluding Goodwill": NaN,
        "Net Income From Continuing Operation Net Minority Interest": NaN,
        "Reconciled Depreciation": NaN,
        "Reconciled Cost Of Revenue": NaN,
        "EBITDA": NaN,
        "EBIT": NaN,
        "Net Interest Income": NaN,
        "Interest Expense": NaN,
        "Interest Income": NaN,
        "Normalized Income": NaN,
        "Net Income From Continuing And Discontinued Operation": NaN,
        "Total Expenses": NaN,
        "Diluted Average Shares": NaN,
        "Basic Average Shares": NaN,
        "Diluted EPS": NaN,
        "Basic EPS": NaN,
        "Diluted NI Availto Com Stockholders": NaN,
        "Net Income Common Stockholders": NaN,
        "Otherunder Preferred Stock Dividend": NaN,
        "Net Income": NaN,
        "Minority Interests": NaN,
        "Net Income Including Noncontrolling Interests": NaN,
        "Net Income Continuous Operations": NaN,
        "Tax Provision": NaN,
        "Pretax Income": NaN,
        "Other Income Expense": NaN,
        "Other Non Operating Income Expenses": NaN,
        "Gain On Sale Of Security": NaN,
        "Net Non Operating Interest Income Expense": NaN,
        "Interest Expense Non Operating": NaN,
        "Interest Income Non Operating": NaN,
        "Operating Income": NaN,
        "Operating Expense": NaN,
        "Selling General And Administration": NaN,
        "General And Administrative Expense": 495900000.0,
        "Other Gand A": 501400000.0,
        "Salaries And Wages": -5500000.0,
        "Gross Profit": NaN,
        "Cost Of Revenue": NaN,
        "Total Revenue": NaN,
        "Operating Revenue": NaN
    },
    "2022-03-31": {
        "Diluted EPS": 0.46,
        "Total Revenue": NaN,
        "Gross Profit": 664,
        "Operating Income": 41,
        "EBIT": 134,
        "Net Income": 54
    },
    "2021-12-31": {
        "Diluted EPS": 2.05,
        "Total Revenue": NaN,
        "Gross Profit": 749,
        "Operating Income": 283,
        "EBIT": 371,
        "Net Income": 242
    },
    "2021-09-30": {
        "Diluted EPS": 0.66,
        "Total Revenue": NaN,
        "Gross Profit": 719,
        "Operating Income": 4,
        "EBIT": 85,
        "Net Income": 79
    },
    "2021-06-30": {
        "Diluted EPS": 2.32,
        "Total Revenue": NaN,
        "Gross Profit": 764,
        "Operating Income": 314,
        "EBIT": 382,
        "Net Income": 271
    },
    "2021-03-31": {
        "Diluted EPS": 3.54,
        "Total Revenue": NaN,
        "Gross Profit": 767,
        "Operating Income": 508,
        "EBIT": 577,
        "Net Income": 415
    },
    "2020-12-31": {
        "Diluted EPS": 5.06,
        "Total Revenue": NaN,
        "Gross Profit": 647,
        "Operating Income": 701,
        "EBIT": 767,
        "Net Income": 593
    },
    "2020-09-30": {
        "Diluted EPS": 2.25,
        "Total Revenue": NaN,
        "Gross Profit": 639,
        "Operating Income": 300,
        "EBIT": 371,
        "Net Income": 263
    },
    "2020-06-30": {
        "Diluted EPS": 2.73,
        "Total Revenue": NaN,
        "Gross Profit": 554,
        "Operating Income": 335,
        "EBIT": 403,
        "Net Income": 318
    },
    "2020-03-31": {
        "Diluted EPS": 1.13,
        "Total Revenue": NaN,
        "Gross Profit": 699,
        "Operating Income": 167,
        "EBIT": 235,
        "Net Income": 132
    },
    "2019-12-31": {
        "Diluted EPS": 2.66,
        "Total Revenue": NaN,
        "Gross Profit": 703,
        "Operating Income": 335,
        "EBIT": 403,
        "Net Income": 311
    },
    "2019-09-30": {
        "Diluted EPS": 0.09,
        "Total Revenue": NaN,
        "Gross Profit": 723,
        "Operating Income": 56,
        "EBIT": 123,
        "Net Income": 8
    },
    "2019-06-30": {
        "Diluted EPS": 2.2,
        "Total Revenue": NaN,
        "Gross Profit": 730,
        "Operating Income": 321,
        "EBIT": 385,
        "Net Income": 261
    },
    "2019-03-31": {
        "Diluted EPS": 2.88,
        "Total Revenue": NaN,
        "Gross Profit": 708,
        "Operating Income": 402,
        "EBIT": 466,
        "Net Income": 346
    },
    "2018-12-31": {
        "Diluted EPS": 0.66,
        "Total Revenue": NaN,
        "Gross Profit": 739,
        "Operating Income": 121,
        "EBIT": 177,
        "Net Income": 80
    },
    "2018-09-30": {
        "Diluted EPS": 2.7,
        "Total Revenue": NaN,
        "Gross Profit": 736,
        "Operating Income": 482,
        "EBIT": 541,
        "Net Income": 346
    },
    "2018-06-30": {
        "Diluted EPS": 1.58,
        "Total Revenue": NaN,
        "Gross Profit": 745,
        "Operating Income": 252,
        "EBIT": 310,
        "Net Income": 199
    },
    "2018-03-31": {
        "Diluted EPS": 1.77,
        "Total Revenue": NaN,
        "Gross Profit": 704,
        "Operating Income": 300,
        "EBIT": 360,
        "Net Income": 227
    },
    "2017-12-31": {
        "Diluted EPS": -1.84,
        "Total Revenue": NaN,
        "Gross Profit": 700,
        "Operating Income": 298,
        "EBIT": 357,
        "Net Income": -236
    },
    "2017-09-30": {
        "Diluted EPS": 1.58,
        "Total Revenue": NaN,
        "Gross Profit": 691,
        "Operating Income": 274,
        "EBIT": 338,
        "Net Income": 205
    },
    "2017-06-30": {
        "Diluted EPS": 1.67,
        "Total Revenue": NaN,
        "Gross Profit": 678,
        "Operating Income": 276,
        "EBIT": 338,
        "Net Income": 217
    },
    "2017-03-31": {
        "Diluted EPS": 1.45,
        "Total Revenue": NaN,
        "Gross Profit": 657,
        "Operating Income": 230,
        "EBIT": 290,
        "Net Income": 189
    },
    "2016-12-31": {
        "Diluted EPS": 1.65,
        "Total Revenue": NaN,
        "Gross Profit": 642,
        "Operating Income": 258,
        "EBIT": 317,
        "Net Income": 215
    },
    "2016-09-30": {
        "Diluted EPS": 1.42,
        "Total Revenue": NaN,
        "Gross Profit": 652,
        "Operating Income": 237,
        "EBIT": 298,
        "Net Income": 186
    },
    "2016-06-30": {
        "Diluted EPS": 1.46,
        "Total Revenue": NaN,
        "Gross Profit": 617,
        "Operating Income": 252,
        "EBIT": 313,
        "Net Income": 191
    },
    "2016-03-31": {
        "Diluted EPS": 1.28,
        "Total Revenue": NaN,
        "Gross Profit": 594,
        "Operating Income": 217,
        "EBIT": 280,
        "Net Income": 168
    },
    "2015-12-31": {
        "Diluted EPS": 1.4,
        "Total Revenue": NaN,
        "Gross Profit": 613,
        "Operating Income": 237,
        "EBIT": 296,
        "Net Income": 185
    },
    "2015-09-30": {
        "Diluted EPS": 1.5,
        "Total Revenue": NaN,
        "Gross Profit": 664,
        "Operating Income": 279,
        "EBIT": 337,
        "Net Income": 202
    },
    "2015-06-30": {
        "Diluted EPS": 1.52,
        "Total Revenue": NaN,
        "Gross Profit": 678,
        "Operating Income": 285,
        "EBIT": 342,
        "Net Income": 206
    },
    "2015-03-31": {
        "Diluted EPS": 1.51,
        "Total Revenue": NaN,
        "Gross Profit": 673,
        "Operating Income": 277,
        "EBIT": 331,
        "Net Income": 206
    },
    "2014-12-31": {
        "Diluted EPS": 1.56,
        "Total Revenue": NaN,
        "Gross Profit": 688,
        "Operating Income": 288,
        "EBIT": 343,
        "Net Income": 214
    },
    "2014-09-30": {
        "Diluted EPS": 1.79,
        "Total Revenue": NaN,
        "Gross Profit": 753,
        "Operating Income": 339,
        "EBIT": 392,
        "Net Income": 249
    },
    "2014-06-30": {
        "Diluted EPS": 1.43,
        "Total Revenue": NaN,
        "Gross Profit": 682,
        "Operating Income": 274,
        "EBIT": 329,
        "Net Income": 199
    },
    "2014-03-31": {
        "Diluted EPS": 1.28,
        "Total Revenue": NaN,
        "Gross Profit": 656,
        "Operating Income": 248,
        "EBIT": 302,
        "Net Income": 180
    },
    "2013-12-31": {
        "Diluted EPS": 1.41,
        "Total Revenue": NaN,
        "Gross Profit": 664,
        "Operating Income": 273,
        "EBIT": 324,
        "Net Income": 198
    },
    "2013-09-30": {
        "Diluted EPS": 1.53,
        "Total Revenue": NaN,
        "Gross Profit": 697,
        "Operating Income": 279,
        "EBIT": 330,
        "Net Income": 215
    },
    "2013-06-30": {
        "Diluted EPS": 1.45,
        "Total Revenue": NaN,
        "Gross Profit": 653,
        "Operating Income": 257,
        "EBIT": 310,
        "Net Income": 204
    },
    "2013-03-31": {
        "Diluted EPS": 1.24,
        "Total Revenue": NaN,
        "Gross Profit": 616,
        "Operating Income": 227,
        "EBIT": 279,
        "Net Income": 176
    },
    "2012-12-31": {
        "Diluted EPS": 1.14,
        "Total Revenue": NaN,
        "Gross Profit": 607,
        "Operating Income": 217,
        "EBIT": 268,
        "Net Income": 161
    },
    "2012-09-30": {
        "Diluted EPS": 1.37,
        "Total Revenue": NaN,
        "Gross Profit": 654,
        "Operating Income": 255,
        "EBIT": 306,
        "Net Income": 196
    },
    "2012-06-30": {
        "Diluted EPS": 1.33,
        "Total Revenue": NaN,
        "Gross Profit": 632,
        "Operating Income": 245,
        "EBIT": 295,
        "Net Income": 190
    },
    "2012-03-31": {
        "Diluted EPS": 1.16,
        "Total Revenue": NaN,
        "Gross Profit": 618,
        "Operating Income": 223,
        "EBIT": 274,
        "Net Income": 168
    },
    "2011-12-31": {
        "Diluted EPS": 1.27,
        "Total Revenue": NaN,
        "Gross Profit": 619,
        "Operating Income": 243,
        "EBIT": 291,
        "Net Income": 183
    },
    "2011-09-30": {
        "Diluted EPS": 1.39,
        "Total Revenue": NaN,
        "Gross Profit": 663,
        "Operating Income": 256,
        "EBIT": 305,
        "Net Income": 202
    },
    "2011-06-30": {
        "Diluted EPS": 1.23,
        "Total Revenue": NaN,
        "Gross Profit": 607,
        "Operating Income": 221,
        "EBIT": 269,
        "Net Income": 179
    },
    "2011-03-31": {
        "Diluted EPS": 1.14,
        "Total Revenue": NaN,
        "Gross Profit": 577,
        "Operating Income": 204,
        "EBIT": 251,
        "Net Income": 166
    },
    "2010-12-31": {
        "Diluted EPS": 1.04,
        "Total Revenue": NaN,
        "Gross Profit": 544,
        "Operating Income": 187,
        "EBIT": 233,
        "Net Income": 150
    },
    "2010-09-30": {
        "Diluted EPS": 0.91,
        "Total Revenue": NaN,
        "Gross Profit": 529,
        "Operating Income": 158,
        "EBIT": 206,
        "Net Income": 130
    },
    "2010-06-30": {
        "Diluted EPS": 0.83,
        "Total Revenue": NaN,
        "Gross Profit": 507,
        "Operating Income": 156,
        "EBIT": 201,
        "Net Income": 119
    },
    "2010-03-31": {
        "Diluted EPS": 0.95,
        "Total Revenue": NaN,
        "Gross Profit": 473,
        "Operating Income": 134,
        "EBIT": 181,
        "Net Income": 137
    },
    "2009-12-31": {
        "Diluted EPS": 0.53,
        "Total Revenue": NaN,
        "Gross Profit": 427,
        "Operating Income": 97,
        "EBIT": 144,
        "Net Income": 77
    },
    "2009-09-30": {
        "Diluted EPS": 0.2,
        "Total Revenue": NaN,
        "Gross Profit": 365,
        "Operating Income": 29,
        "EBIT": 79,
        "Net Income": 29
    },
    "2009-06-30": {
        "Diluted EPS": 0.23,
        "Total Revenue": NaN,
        "Gross Profit": 370,
        "Operating Income": 50,
        "EBIT": 100,
        "Net Income": 33
    },
    "2009-03-31": {
        "Diluted EPS": 0.29,
        "Total Revenue": NaN,
        "Gross Profit": 364,
        "Operating Income": 55,
        "EBIT": 103,
        "Net Income": 41
    },
    "2023-09-30": {
        "Tax Effect Of Unusual Items": NaN,
        "Tax Rate For Calcs": NaN,
        "Normalized EBITDA": NaN,
        "Total Unusual Items": -167500000.0,
        "Total Unusual Items Excluding Goodwill": -167500000.0,
        "Net Income From Continuing Operation Net Minority Interest": NaN,
        "Reconciled Depreciation": NaN,
        "Reconciled Cost Of Revenue": NaN,
        "EBITDA": NaN,
        "EBIT": NaN,
        "Net Interest Income": NaN,
        "Interest Expense": NaN,
        "Interest Income": NaN,
        "Normalized Income": NaN,
        "Net Income From Continuing And Discontinued Operation": NaN,
        "Total Expenses": NaN,
        "Diluted Average Shares": 115600000.0,
        "Basic Average Shares": 114800000.0,
        "Diluted EPS": 2.61,
        "Basic EPS": 2.638502,
        "Diluted NI Availto Com Stockholders": NaN,
        "Net Income Common Stockholders": NaN,
        "Otherunder Preferred Stock Dividend": NaN,
        "Net Income": NaN,
        "Minority Interests": NaN,
        "Net Income Including Noncontrolling Interests": NaN,
        "Net Income Continuous Operations": NaN,
        "Tax Provision": NaN,
        "Pretax Income": NaN,
        "Other Income Expense": NaN,
        "Other Non Operating Income Expenses": NaN,
        "Gain On Sale Of Security": -10000000.0,
        "Net Non Operating Interest Income Expense": NaN,
        "Interest Expense Non Operating": NaN,
        "Interest Income Non Operating": NaN,
        "Operating Income": NaN,
        "Operating Expense": NaN,
        "Selling General And Administration": NaN,
        "General And Administrative Expense": NaN,
        "Other Gand A": NaN,
        "Salaries And Wages": NaN,
        "Gross Profit": NaN,
        "Cost Of Revenue": NaN,
        "Total Revenue": NaN,
        "Operating Revenue": NaN
    },
    "2023-12-31": {
        "Tax Effect Of Unusual Items": NaN,
        "Tax Rate For Calcs": NaN,
        "Normalized EBITDA": NaN,
        "Total Unusual Items": NaN,
        "Total Unusual Items Excluding Goodwill": NaN,
        "Net Income From Continuing Operation Net Minority Interest": NaN,
        "Reconciled Depreciation": NaN,
        "Reconciled Cost Of Revenue": NaN,
        "EBITDA": NaN,
        "EBIT": NaN,
        "Net Interest Income": NaN,
        "Interest Expense": NaN,
        "Interest Income": NaN,
        "Normalized Income": NaN,
        "Net Income From Continuing And Discontinued Operation": NaN,
        "Total Expenses": NaN,
        "Diluted Average Shares": NaN,
        "Basic Average Shares": NaN,
        "Diluted EPS": NaN,
        "Basic EPS": NaN,
        "Diluted NI Availto Com Stockholders": NaN,
        "Net Income Common Stockholders": NaN,
        "Otherunder Preferred Stock Dividend": NaN,
        "Net Income": NaN,
        "Minority Interests": NaN,
        "Net Income Including Noncontrolling Interests": NaN,
        "Net Income Continuous Operations": NaN,
        "Tax Provision": NaN,
        "Pretax Income": NaN,
        "Other Income Expense": NaN,
        "Other Non Operating Income Expenses": NaN,
        "Special Income Charges": NaN,
        "Restructuring And Mergern Acquisition": NaN,
        "Gain On Sale Of Security": 3000000.0,
        "Net Non Operating Interest Income Expense": NaN,
        "Interest Expense Non Operating": NaN,
        "Interest Income Non Operating": NaN,
        "Operating Income": NaN,
        "Operating Expense": NaN,
        "Selling General And Administration": NaN,
        "General And Administrative Expense": NaN,
        "Other Gand A": NaN,
        "Salaries And Wages": NaN,
        "Gross Profit": NaN,
        "Cost Of Revenue": NaN,
        "Total Revenue": NaN,
        "Operating Revenue": NaN
    },
    "2024-03-31": {
        "Tax Effect Of Unusual Items": NaN,
        "Tax Rate For Calcs": NaN,
        "Normalized EBITDA": NaN,
        "Total Unusual Items": -4000000.0,
        "Total Unusual Items Excluding Goodwill": -4000000.0,
        "Net Income From Continuing Operation Net Minority Interest": NaN,
        "Reconciled Depreciation": NaN,
        "Reconciled Cost Of Revenue": NaN,
        "EBITDA": NaN,
        "EBIT": NaN,
        "Net Interest Income": NaN,
        "Interest Expense": NaN,
        "Interest Income": NaN,
        "Normalized Income": NaN,
        "Net Income From Continuing And Discontinued Operation": NaN,
        "Total Expenses": NaN,
        "Diluted Average Shares": NaN,
        "Basic Average Shares": NaN,
        "Diluted EPS": NaN,
        "Basic EPS": NaN,
        "Diluted NI Availto Com Stockholders": NaN,
        "Net Income Common Stockholders": NaN,
        "Otherunder Preferred Stock Dividend": NaN,
        "Net Income": NaN,
        "Minority Interests": NaN,
        "Net Income Including Noncontrolling Interests": NaN,
        "Net Income Continuous Operations": NaN,
        "Tax Provision": NaN,
        "Pretax Income": NaN,
        "Other Income Expense": NaN,
        "Other Non Operating Income Expenses": NaN,
        "Special Income Charges": -7000000.0,
        "Restructuring And Mergern Acquisition": 7000000.0,
        "Gain On Sale Of Security": 3000000.0,
        "Net Non Operating Interest Income Expense": NaN,
        "Interest Expense Non Operating": NaN,
        "Interest Income Non Operating": NaN,
        "Operating Income": NaN,
        "Operating Expense": NaN,
        "Selling General And Administration": NaN,
        "General And Administrative Expense": 496500000.0,
        "Other Gand A": 501400000.0,
        "Salaries And Wages": -4900000.0,
        "Gross Profit": NaN,
        "Cost Of Revenue": NaN,
        "Total Revenue": NaN,
        "Operating Revenue": NaN
    },
    "2024-06-30": {
        "Tax Effect Of Unusual Items": -470588.235294,
        "Tax Rate For Calcs": 0.094118,
        "Normalized EBITDA": 379000000.0,
        "Total Unusual Items": -5000000.0,
        "Total Unusual Items Excluding Goodwill": -5000000.0,
        "Net Income From Continuing Operation Net Minority Interest": 232000000.0,
        "Reconciled Depreciation": 78000000.0,
        "Reconciled Cost Of Revenue": 1256000000.0,
        "EBITDA": 374000000.0,
        "EBIT": 296000000.0,
        "Net Interest Income": -38000000.0,
        "Interest Expense": 41000000.0,
        "Interest Income": 3000000.0,
        "Normalized Income": 236529411.764706,
        "Net Income From Continuing And Discontinued Operation": 232000000.0,
        "Total Expenses": 1757000000.0,
        "Diluted Average Shares": 114200000.0,
        "Basic Average Shares": 113700000.0,
        "Diluted EPS": 2.02,
        "Basic EPS": 2.03,
        "Diluted NI Availto Com Stockholders": 231000000.0,
        "Net Income Common Stockholders": 231000000.0,
        "Otherunder Preferred Stock Dividend": 1000000.0,
        "Net Income": 232000000.0,
        "Minority Interests": 1000000.0,
        "Net Income Including Noncontrolling Interests": 231000000.0,
        "Net Income Continuous Operations": 231000000.0,
        "Tax Provision": 24000000.0,
        "Pretax Income": 255000000.0,
        "Other Income Expense": -1000000.0,
        "Other Non Operating Income Expenses": 4000000.0,
        "Special Income Charges": 0.0,
        "Restructuring And Mergern Acquisition": 0.0,
        "Gain On Sale Of Security": -5000000.0,
        "Net Non Operating Interest Income Expense": -38000000.0,
        "Interest Expense Non Operating": 41000000.0,
        "Interest Income Non Operating": 3000000.0,
        "Operating Income": 294000000.0,
        "Operating Expense": 501000000.0,
        "Selling General And Administration": 501000000.0,
        "General And Administrative Expense": 495700000.0,
        "Other Gand A": 500600000.0,
        "Salaries And Wages": -4900000.0,
        "Gross Profit": 795000000.0,
        "Cost Of Revenue": 1256000000.0,
        "Total Revenue": 2051000000.0,
        "Operating Revenue": 2051000000.0
    },
    "2024-09-30": {
        "Tax Effect Of Unusual Items": 3916125.501642,
        "Tax Rate For Calcs": 0.130974,
        "Normalized EBITDA": 366500000.0,
        "Total Unusual Items": 29900000.0,
        "Total Unusual Items Excluding Goodwill": 29900000.0,
        "Net Income From Continuing Operation Net Minority Interest": 239100000.0,
        "Reconciled Depreciation": 81200000.0,
        "Reconciled Cost Of Revenue": 1264900000.0,
        "EBITDA": 396400000.0,
        "EBIT": 315200000.0,
        "Net Interest Income": -37100000.0,
        "Interest Expense": 41100000.0,
        "Interest Income": 4000000.0,
        "Normalized Income": 213116125.501642,
        "Net Income From Continuing And Discontinued Operation": 239100000.0,
        "Total Expenses": 1751800000.0,
        "Diluted Average Shares": 113700000.0,
        "Basic Average Shares": 113067383.0,
        "Diluted EPS": 2.09,
        "Basic EPS": 2.114668,
        "Diluted NI Availto Com Stockholders": 238000000.0,
        "Net Income Common Stockholders": 238000000.0,
        "Otherunder Preferred Stock Dividend": 1100000.0,
        "Net Income": 239100000.0,
        "Minority Interests": 900000.0,
        "Net Income Including Noncontrolling Interests": 238200000.0,
        "Net Income Continuous Operations": 238200000.0,
        "Tax Provision": 35900000.0,
        "Pretax Income": 274100000.0,
        "Other Income Expense": 27500000.0,
        "Other Non Operating Income Expenses": -2400000.0,
        "Special Income Charges": NaN,
        "Restructuring And Mergern Acquisition": NaN,
        "Gain On Sale Of Security": -800000.0,
        "Net Non Operating Interest Income Expense": -37100000.0,
        "Interest Expense Non Operating": 41100000.0,
        "Interest Income Non Operating": 4000000.0,
        "Operating Income": 283700000.0,
        "Operating Expense": 486900000.0,
        "Selling General And Administration": 486900000.0,
        "General And Administrative Expense": NaN,
        "Other Gand A": NaN,
        "Salaries And Wages": NaN,
        "Gross Profit": 770600000.0,
        "Cost Of Revenue": 1264900000.0,
        "Total Revenue": 2035500000.0,
        "Operating Revenue": 2035500000.0
    },
    "2024-12-31": {
        "Tax Effect Of Unusual Items": 0.0,
        "Tax Rate For Calcs": 0.164,
        "Normalized EBITDA": 330000000.0,
        "Total Unusual Items": NaN,
        "Total Unusual Items Excluding Goodwill": NaN,
        "Net Income From Continuing Operation Net Minority Interest": 184000000.0,
        "Reconciled Depreciation": 78000000.0,
        "Reconciled Cost Of Revenue": 1159000000.0,
        "EBITDA": 330000000.0,
        "EBIT": 252000000.0,
        "Net Interest Income": -35000000.0,
        "Interest Expense": 39000000.0,
        "Interest Income": 4000000.0,
        "Normalized Income": 184000000.0,
        "Net Income From Continuing And Discontinued Operation": 184000000.0,
        "Total Expenses": 1635000000.0,
        "Diluted Average Shares": 113500000.0,
        "Basic Average Shares": 113000000.0,
        "Diluted EPS": 1.61,
        "Basic EPS": 1.62,
        "Diluted NI Availto Com Stockholders": 183000000.0,
        "Net Income Common Stockholders": 183000000.0,
        "Otherunder Preferred Stock Dividend": 1000000.0,
        "Net Income": 184000000.0,
        "Minority Interests": 6000000.0,
        "Net Income Including Noncontrolling Interests": 178000000.0,
        "Net Income Continuous Operations": 178000000.0,
        "Tax Provision": 35000000.0,
        "Pretax Income": 213000000.0,
        "Other Income Expense": 2000000.0,
        "Other Non Operating Income Expenses": 2000000.0,
        "Special Income Charges": NaN,
        "Restructuring And Mergern Acquisition": NaN,
        "Gain On Sale Of Security": NaN,
        "Net Non Operating Interest Income Expense": -35000000.0,
        "Interest Expense Non Operating": 39000000.0,
        "Interest Income Non Operating": 4000000.0,
        "Operating Income": 246000000.0,
        "Operating Expense": 476000000.0,
        "Selling General And Administration": 476000000.0,
        "General And Administrative Expense": NaN,
        "Other Gand A": NaN,
        "Salaries And Wages": NaN,
        "Gross Profit": 722000000.0,
        "Cost Of Revenue": 1159000000.0,
        "Total Revenue": 1881000000.0,
        "Operating Revenue": 1881000000.0
    },
    "2025-03-31": {
        "Tax Effect Of Unusual Items": -1368000.0,
        "Tax Rate For Calcs": 0.171,
        "Normalized EBITDA": 427000000.0,
        "Total Unusual Items": -8000000.0,
        "Total Unusual Items Excluding Goodwill": -8000000.0,
        "Net Income From Continuing Operation Net Minority Interest": 252000000.0,
        "Reconciled Depreciation": 81000000.0,
        "Reconciled Cost Of Revenue": 1191000000.0,
        "EBITDA": 419000000.0,
        "EBIT": 338000000.0,
        "Net Interest Income": -37000000.0,
        "Interest Expense": 39000000.0,
        "Interest Income": 2000000.0,
        "Normalized Income": 258632000.0,
        "Net Income From Continuing And Discontinued Operation": 252000000.0,
        "Total Expenses": 1660000000.0,
        "Diluted Average Shares": 113300000.0,
        "Basic Average Shares": 112900000.0,
        "Diluted EPS": 2.22,
        "Basic EPS": 2.22,
        "Diluted NI Availto Com Stockholders": 251000000.0,
        "Net Income Common Stockholders": 251000000.0,
        "Otherunder Preferred Stock Dividend": 1000000.0,
        "Net Income": 252000000.0,
        "Minority Interests": 4000000.0,
        "Net Income Including Noncontrolling Interests": 248000000.0,
        "Net Income Continuous Operations": 248000000.0,
        "Tax Provision": 51000000.0,
        "Pretax Income": 299000000.0,
        "Other Income Expense": -5000000.0,
        "Other Non Operating Income Expenses": 3000000.0,
        "Special Income Charges": -5000000.0,
        "Restructuring And Mergern Acquisition": 5000000.0,
        "Gain On Sale Of Security": -3000000.0,
        "Net Non Operating Interest Income Expense": -37000000.0,
        "Interest Expense Non Operating": 39000000.0,
        "Interest Income Non Operating": 2000000.0,
        "Operating Income": 341000000.0,
        "Operating Expense": 469000000.0,
        "Selling General And Administration": 469000000.0,
        "General And Administrative Expense": NaN,
        "Other Gand A": NaN,
        "Salaries And Wages": NaN,
        "Gross Profit": 810000000.0,
        "Cost Of Revenue": 1191000000.0,
        "Total Revenue": 2001000000.0,
        "Operating Revenue": 2001000000.0
    },
    "2025-06-30": {
        "Tax Effect Of Unusual Items": 0.0,
        "Tax Rate For Calcs": 0.143275,
        "Normalized EBITDA": 464000000.0,
        "Total Unusual Items": 0.0,
        "Total Unusual Items Excluding Goodwill": 0.0,
        "Net Income From Continuing Operation Net Minority Interest": 295000000.0,
        "Reconciled Depreciation": 81000000.0,
        "Reconciled Cost Of Revenue": 1268000000.0,
        "EBITDA": 464000000.0,
        "EBIT": 383000000.0,
        "Net Interest Income": -37000000.0,
        "Interest Expense": 41000000.0,
        "Interest Income": 4000000.0,
        "Normalized Income": 295000000.0,
        "Net Income From Continuing And Discontinued Operation": 295000000.0,
        "Total Expenses": 1766000000.0,
        "Diluted Average Shares": 113000000.0,
        "Basic Average Shares": 112500000.0,
        "Diluted EPS": 2.6,
        "Basic EPS": 2.61,
        "Diluted NI Availto Com Stockholders": 294000000.0,
        "Net Income Common Stockholders": 294000000.0,
        "Otherunder Preferred Stock Dividend": 1000000.0,
        "Net Income": 295000000.0,
        "Minority Interests": 2000000.0,
        "Net Income Including Noncontrolling Interests": 293000000.0,
        "Net Income Continuous Operations": 293000000.0,
        "Tax Provision": 49000000.0,
        "Pretax Income": 342000000.0,
        "Other Income Expense": 1000000.0,
        "Other Non Operating Income Expenses": 1000000.0,
        "Special Income Charges": 0.0,
        "Restructuring And Mergern Acquisition": 0.0,
        "Gain On Sale Of Security": NaN,
        "Net Non Operating Interest Income Expense": -37000000.0,
        "Interest Expense Non Operating": 41000000.0,
        "Interest Income Non Operating": 4000000.0,
        "Operating Income": 378000000.0,
        "Operating Expense": 498000000.0,
        "Selling General And Administration": 498000000.0,
        "General And Administrative Expense": NaN,
        "Other Gand A": NaN,
        "Salaries And Wages": NaN,
        "Gross Profit": 876000000.0,
        "Cost Of Revenue": 1268000000.0,
        "Total Revenue": 2144000000.0,
        "Operating Revenue": 2144000000.0
    }
}