{
    "2023-05-31": {
        "Tax Effect Of Unusual Items": NaN,
        "Tax Rate For Calcs": NaN,
        "Normalized EBITDA": NaN,
        "Total Unusual Items": NaN,
        "Total Unusual Items Excluding Goodwill": NaN,
        "Net Income From Continuing Operation Net Minority Interest": NaN,
        "Reconciled Depreciation": NaN,
        "Reconciled Cost Of Revenue": NaN,
        "EBITDA": NaN,
        "EBIT": NaN,
        "Net Interest Income": NaN,
        "Interest Expense": NaN,
        "Interest Income": NaN,
        "Normalized Income": NaN,
        "Net Income From Continuing And Discontinued Operation": NaN,
        "Total Expenses": NaN,
        "Diluted Average Shares": NaN,
        "Basic Average Shares": NaN,
        "Diluted EPS": NaN,
        "Basic EPS": NaN,
        "Diluted NI Availto Com Stockholders": NaN,
        "Average Dilution Earnings": NaN,
        "Net Income Common Stockholders": NaN,
        "Otherunder Preferred Stock Dividend": NaN,
        "Net Income": NaN,
        "Minority Interests": NaN,
        "Net Income Including Noncontrolling Interests": NaN,
        "Net Income Continuous Operations": NaN,
        "Tax Provision": NaN,
        "Pretax Income": NaN,
        "Other Income Expense": NaN,
        "Other Non Operating Income Expenses": NaN,
        "Special Income Charges": NaN,
        "Gain On Sale Of Ppe": 2751000.0,
        "Impairment Of Capital Assets": 0.0,
        "Restructuring And Mergern Acquisition": NaN,
        "Gain On Sale Of Security": NaN,
        "Net Non Operating Interest Income Expense": NaN,
        "Interest Expense Non Operating": NaN,
        "Interest Income Non Operating": NaN,
        "Operating Income": NaN,
        "Operating Expense": NaN,
        "Other Operating Expenses": NaN,
        "Selling General And Administration": NaN,
        "General And Administrative Expense": NaN,
        "Other Gand A": NaN,
        "Salaries And Wages": NaN,
        "Gross Profit": NaN,
        "Cost Of Revenue": NaN,
        "Total Revenue": NaN,
        "Operating Revenue": NaN
    },
    "2023-02-28": {
        "Tax Effect Of Unusual Items": NaN,
        "Tax Rate For Calcs": NaN,
        "Normalized EBITDA": NaN,
        "Total Unusual Items": NaN,
        "Total Unusual Items Excluding Goodwill": NaN,
        "Net Income From Continuing Operation Net Minority Interest": NaN,
        "Reconciled Depreciation": NaN,
        "Reconciled Cost Of Revenue": NaN,
        "EBITDA": NaN,
        "EBIT": NaN,
        "Net Interest Income": NaN,
        "Interest Expense": NaN,
        "Interest Income": NaN,
        "Normalized Income": NaN,
        "Net Income From Continuing And Discontinued Operation": NaN,
        "Total Expenses": NaN,
        "Diluted Average Shares": NaN,
        "Basic Average Shares": NaN,
        "Diluted EPS": NaN,
        "Basic EPS": NaN,
        "Diluted NI Availto Com Stockholders": NaN,
        "Average Dilution Earnings": NaN,
        "Net Income Common Stockholders": NaN,
        "Otherunder Preferred Stock Dividend": NaN,
        "Net Income": NaN,
        "Minority Interests": NaN,
        "Net Income Including Noncontrolling Interests": NaN,
        "Net Income Continuous Operations": NaN,
        "Tax Provision": NaN,
        "Pretax Income": NaN,
        "Other Income Expense": NaN,
        "Other Non Operating Income Expenses": NaN,
        "Special Income Charges": NaN,
        "Gain On Sale Of Ppe": 25743000.0,
        "Impairment Of Capital Assets": 36745000.0,
        "Restructuring And Mergern Acquisition": NaN,
        "Gain On Sale Of Security": NaN,
        "Net Non Operating Interest Income Expense": NaN,
        "Interest Expense Non Operating": NaN,
        "Interest Income Non Operating": NaN,
        "Operating Income": NaN,
        "Operating Expense": NaN,
        "Other Operating Expenses": -309000.0,
        "Selling General And Administration": NaN,
        "General And Administrative Expense": 452667000.0,
        "Other Gand A": 450019000.0,
        "Salaries And Wages": 2648000.0,
        "Gross Profit": NaN,
        "Cost Of Revenue": NaN,
        "Total Revenue": NaN,
        "Operating Revenue": NaN
    },
    "2022-11-30": {
        "Tax Effect Of Unusual Items": NaN,
        "Tax Rate For Calcs": NaN,
        "Normalized EBITDA": NaN,
        "Total Unusual Items": NaN,
        "Total Unusual Items Excluding Goodwill": NaN,
        "Net Income From Continuing Operation Net Minority Interest": NaN,
        "Reconciled Depreciation": NaN,
        "Reconciled Cost Of Revenue": NaN,
        "EBITDA": NaN,
        "EBIT": NaN,
        "Net Interest Income": NaN,
        "Interest Expense": NaN,
        "Interest Income": NaN,
        "Normalized Income": NaN,
        "Net Income From Continuing And Discontinued Operation": NaN,
        "Total Expenses": NaN,
        "Diluted Average Shares": NaN,
        "Basic Average Shares": NaN,
        "Diluted EPS": NaN,
        "Basic EPS": NaN,
        "Diluted NI Availto Com Stockholders": NaN,
        "Average Dilution Earnings": NaN,
        "Net Income Common Stockholders": NaN,
        "Otherunder Preferred Stock Dividend": NaN,
        "Net Income": NaN,
        "Minority Interests": NaN,
        "Net Income Including Noncontrolling Interests": NaN,
        "Net Income Continuous Operations": NaN,
        "Tax Provision": NaN,
        "Pretax Income": NaN,
        "Other Income Expense": NaN,
        "Other Non Operating Income Expenses": -2310000.0,
        "Special Income Charges": NaN,
        "Gain On Sale Of Ppe": 0.0,
        "Impairment Of Capital Assets": NaN,
        "Restructuring And Mergern Acquisition": NaN,
        "Gain On Sale Of Security": NaN,
        "Net Non Operating Interest Income Expense": NaN,
        "Interest Expense Non Operating": NaN,
        "Interest Income Non Operating": NaN,
        "Operating Income": NaN,
        "Operating Expense": NaN,
        "Other Operating Expenses": NaN,
        "Selling General And Administration": NaN,
        "General And Administrative Expense": NaN,
        "Other Gand A": NaN,
        "Salaries And Wages": NaN,
        "Gross Profit": NaN,
        "Cost Of Revenue": NaN,
        "Total Revenue": NaN,
        "Operating Revenue": NaN
    },
    "2022-08-31": {
        "Tax Effect Of Unusual Items": -1777664.0,
        "Tax Rate For Calcs": 0.248,
        "Normalized EBITDA": 297416000.0,
        "Total Unusual Items": -7168000.0,
        "Total Unusual Items Excluding Goodwill": -7168000.0,
        "Net Income From Continuing Operation Net Minority Interest": 169013000.0,
        "Reconciled Depreciation": 38416000.0,
        "Reconciled Cost Of Revenue": 1187849000.0,
        "EBITDA": 290248000.0,
        "EBIT": 251832000.0,
        "Net Interest Income": -24561000.0,
        "Interest Expense": 26711000.0,
        "Interest Income": 2150000.0,
        "Normalized Income": 174403336.0,
        "Net Income From Continuing And Discontinued Operation": 169013000.0,
        "Total Expenses": 1673054000.0,
        "Diluted Average Shares": 128161000.0,
        "Basic Average Shares": 127617000.0,
        "Diluted EPS": 1.31,
        "Basic EPS": 1.31,
        "Diluted NI Availto Com Stockholders": 167705000.0,
        "Average Dilution Earnings": 4000.0,
        "Net Income Common Stockholders": 167701000.0,
        "Otherunder Preferred Stock Dividend": 1312000.0,
        "Net Income": 169013000.0,
        "Minority Interests": -266000.0,
        "Net Income Including Noncontrolling Interests": 169279000.0,
        "Net Income Continuous Operations": 169279000.0,
        "Tax Provision": 55842000.0,
        "Pretax Income": 225121000.0,
        "Other Income Expense": -9584000.0,
        "Other Non Operating Income Expenses": -2416000.0,
        "Special Income Charges": -1354000.0,
        "Gain On Sale Of Ppe": NaN,
        "Gain On Sale Of Business": NaN,
        "Impairment Of Capital Assets": NaN,
        "Restructuring And Mergern Acquisition": 1354000.0,
        "Gain On Sale Of Security": -5814000.0,
        "Net Non Operating Interest Income Expense": -24561000.0,
        "Interest Expense Non Operating": 26711000.0,
        "Interest Income Non Operating": 2150000.0,
        "Operating Income": 259266000.0,
        "Operating Expense": 485205000.0,
        "Selling General And Administration": 485205000.0,
        "Gross Profit": 744471000.0,
        "Cost Of Revenue": 1187849000.0,
        "Total Revenue": 1932320000.0,
        "Operating Revenue": 1932320000.0
    },
    "2022-05-31": {
        "Tax Effect Of Unusual Items": 218990.107228,
        "Tax Rate For Calcs": 0.100917,
        "Normalized EBITDA": 243308000.0,
        "Total Unusual Items": 2170000.0,
        "Total Unusual Items Excluding Goodwill": 2170000.0,
        "Net Income From Continuing Operation Net Minority Interest": 199005000.0,
        "Reconciled Depreciation": 38779000.0,
        "Reconciled Cost Of Revenue": 1245388000.0,
        "EBIT": 245478000.0,
        "Net Interest Income": -23801000.0,
        "Interest Expense": 23801000.0,
        "Interest Income": 1086000.0,
        "Normalized Income": 197053990.107228,
        "Net Income From Continuing And Discontinued Operation": 199005000.0,
        "Total Expenses": 1743427000.0,
        "Diluted Average Shares": 129454000.0,
        "Basic Average Shares": 127753000.0,
        "Diluted EPS": 1.54,
        "Basic EPS": 1.54,
        "Diluted NI Availto Com Stockholders": 199005000.0,
        "Average Dilution Earnings": NaN,
        "Net Income Common Stockholders": 199005000.0,
        "Otherunder Preferred Stock Dividend": NaN,
        "Net Income": 199005000.0,
        "Minority Interests": -301000.0,
        "Net Income Including Noncontrolling Interests": 199306000.0,
        "Net Income Continuous Operations": 199306000.0,
        "Tax Provision": 22371000.0,
        "Pretax Income": 221677000.0,
        "Other Income Expense": 5015000.0,
        "Other Non Operating Income Expenses": 2845000.0,
        "Special Income Charges": 8344000.0,
        "Gain On Sale Of Ppe": 9492000.0,
        "Gain On Sale Of Business": NaN,
        "Impairment Of Capital Assets": NaN,
        "Restructuring And Mergern Acquisition": 1148000.0,
        "Gain On Sale Of Security": -6174000.0,
        "Net Non Operating Interest Income Expense": -23801000.0,
        "Interest Expense Non Operating": 23801000.0,
        "Interest Income Non Operating": 1086000.0,
        "Operating Income": 240463000.0,
        "Operating Expense": 498039000.0,
        "Selling General And Administration": 498039000.0,
        "Gross Profit": 738502000.0,
        "Cost Of Revenue": 1245388000.0,
        "Total Revenue": 1983890000.0,
        "Operating Revenue": 1983890000.0
    },
    "2022-02-28": {
        "Diluted EPS": 0.25,
        "Total Revenue": NaN,
        "Gross Profit": 499,
        "Operating Income": 65,
        "EBIT": 103,
        "Net Income": 33
    },
    "2021-11-30": {
        "Diluted EPS": 0.96,
        "Total Revenue": NaN,
        "Gross Profit": 583,
        "Operating Income": 145,
        "EBIT": 183,
        "Net Income": 124
    },
    "2021-08-31": {
        "Diluted EPS": 1.04,
        "Total Revenue": NaN,
        "Gross Profit": 613,
        "Operating Income": 195,
        "EBIT": 232,
        "Net Income": 133
    },
    "2021-05-31": {
        "Diluted EPS": 1.21,
        "Total Revenue": NaN,
        "Gross Profit": 693,
        "Operating Income": 227,
        "EBIT": 265,
        "Net Income": 155
    },
    "2021-02-28": {
        "Diluted EPS": 0.29,
        "Total Revenue": NaN,
        "Gross Profit": 472,
        "Operating Income": 70,
        "EBIT": 106,
        "Net Income": 38
    },
    "2020-11-30": {
        "Diluted EPS": 0.98,
        "Total Revenue": NaN,
        "Gross Profit": 586,
        "Operating Income": 187,
        "EBIT": 224,
        "Net Income": 127
    },
    "2020-08-31": {
        "Diluted EPS": 1.39,
        "Total Revenue": NaN,
        "Gross Profit": 654,
        "Operating Income": 258,
        "EBIT": 293,
        "Net Income": 179
    },
    "2020-05-31": {
        "Diluted EPS": 0.84,
        "Total Revenue": NaN,
        "Gross Profit": 554,
        "Operating Income": 191,
        "EBIT": 234,
        "Net Income": 109
    },
    "2020-02-29": {
        "Diluted EPS": 0.09,
        "Total Revenue": NaN,
        "Gross Profit": 435,
        "Operating Income": 53,
        "EBIT": 89,
        "Net Income": 12
    },
    "2019-11-30": {
        "Diluted EPS": 0.59,
        "Total Revenue": NaN,
        "Gross Profit": 529,
        "Operating Income": 126,
        "EBIT": 168,
        "Net Income": 76
    },
    "2019-08-31": {
        "Diluted EPS": 0.82,
        "Total Revenue": NaN,
        "Gross Profit": 575,
        "Operating Income": 174,
        "EBIT": 210,
        "Net Income": 106
    },
    "2019-05-31": {
        "Diluted EPS": 1.01,
        "Total Revenue": NaN,
        "Gross Profit": 636,
        "Operating Income": 211,
        "EBIT": 249,
        "Net Income": 133
    },
    "2019-02-28": {
        "Diluted EPS": 0.11,
        "Total Revenue": NaN,
        "Gross Profit": 409,
        "Operating Income": 35,
        "EBIT": 70,
        "Net Income": 14
    },
    "2018-11-30": {
        "Diluted EPS": 0.37,
        "Total Revenue": NaN,
        "Gross Profit": 494,
        "Operating Income": 108,
        "EBIT": 145,
        "Net Income": 49
    },
    "2018-08-31": {
        "Diluted EPS": 0.52,
        "Total Revenue": NaN,
        "Gross Profit": 549,
        "Operating Income": 134,
        "EBIT": 170,
        "Net Income": 69
    },
    "2018-05-31": {
        "Diluted EPS": 0.64,
        "Total Revenue": NaN,
        "Gross Profit": 454,
        "Operating Income": 153,
        "EBIT": 185,
        "Net Income": 85
    },
    "2018-02-28": {
        "Diluted EPS": 0.3,
        "Total Revenue": NaN,
        "Gross Profit": 439,
        "Operating Income": 57,
        "EBIT": 89,
        "Net Income": 40
    },
    "2017-11-30": {
        "Diluted EPS": 0.7,
        "Total Revenue": NaN,
        "Gross Profit": 551,
        "Operating Income": 131,
        "EBIT": 164,
        "Net Income": 94
    },
    "2017-08-31": {
        "Diluted EPS": 0.86,
        "Total Revenue": NaN,
        "Gross Profit": 572,
        "Operating Income": 178,
        "EBIT": 209,
        "Net Income": 115
    },
    "2017-05-31": {
        "Diluted EPS": 0.98,
        "Total Revenue": NaN,
        "Gross Profit": 663,
        "Operating Income": 209,
        "EBIT": 239,
        "Net Income": 127
    },
    "2017-02-28": {
        "Diluted EPS": 0.09,
        "Total Revenue": NaN,
        "Gross Profit": 429,
        "Operating Income": 38,
        "EBIT": 72,
        "Net Income": 12
    },
    "2016-11-30": {
        "Diluted EPS": -0.54,
        "Total Revenue": NaN,
        "Gross Profit": 522,
        "Operating Income": -86,
        "EBIT": 131,
        "Net Income": -71
    },
    "2016-08-31": {
        "Diluted EPS": 0.83,
        "Total Revenue": NaN,
        "Gross Profit": 552,
        "Operating Income": 168,
        "EBIT": 197,
        "Net Income": 111
    },
    "2016-05-31": {
        "Diluted EPS": 1.13,
        "Total Revenue": NaN,
        "Gross Profit": 647,
        "Operating Income": 223,
        "EBIT": 255,
        "Net Income": 151
    },
    "2016-02-29": {
        "Diluted EPS": 0.14,
        "Total Revenue": 989,
        "Gross Profit": 413,
        "Operating Income": 42,
        "EBIT": 70,
        "Net Income": 18
    },
    "2015-11-30": {
        "Diluted EPS": 0.62,
        "Total Revenue": NaN,
        "Gross Profit": 494,
        "Operating Income": 141,
        "EBIT": 169,
        "Net Income": 82
    },
    "2015-08-31": {
        "Diluted EPS": 0.74,
        "Total Revenue": NaN,
        "Gross Profit": 533,
        "Operating Income": 160,
        "EBIT": 188,
        "Net Income": 98
    },
    "2015-05-31": {
        "Diluted EPS": 0.97,
        "Total Revenue": NaN,
        "Gross Profit": 599,
        "Operating Income": 204,
        "EBIT": 231,
        "Net Income": 127
    },
    "2015-02-28": {
        "Diluted EPS": -0.44,
        "Total Revenue": 946,
        "Gross Profit": 380,
        "Operating Income": 34,
        "EBIT": 59,
        "Net Income": -57
    },
    "2014-11-30": {
        "Diluted EPS": 0.52,
        "Total Revenue": NaN,
        "Gross Profit": 454,
        "Operating Income": 119,
        "EBIT": 142,
        "Net Income": 68
    },
    "2014-08-31": {
        "Diluted EPS": 0.73,
        "Total Revenue": NaN,
        "Gross Profit": 508,
        "Operating Income": 162,
        "EBIT": 185,
        "Net Income": 97
    },
    "2014-05-31": {
        "Diluted EPS": 0.81,
        "Total Revenue": NaN,
        "Gross Profit": 561,
        "Operating Income": 171,
        "EBIT": 194,
        "Net Income": 106
    },
    "2014-02-28": {
        "Diluted EPS": 0.12,
        "Total Revenue": 863,
        "Gross Profit": 358,
        "Operating Income": 36,
        "EBIT": 58,
        "Net Income": 16
    },
    "2013-11-30": {
        "Diluted EPS": 0.48,
        "Total Revenue": NaN,
        "Gross Profit": 458,
        "Operating Income": 115,
        "EBIT": 137,
        "Net Income": 62
    },
    "2013-08-31": {
        "Diluted EPS": 0.77,
        "Total Revenue": NaN,
        "Gross Profit": 499,
        "Operating Income": 164,
        "EBIT": 186,
        "Net Income": 101
    },
    "2013-05-31": {
        "Diluted EPS": 0.5,
        "Total Revenue": NaN,
        "Gross Profit": 500,
        "Operating Income": 146,
        "EBIT": 168,
        "Net Income": 67
    },
    "2013-02-28": {
        "Diluted EPS": -0.33,
        "Total Revenue": 844,
        "Gross Profit": 344,
        "Operating Income": 25,
        "EBIT": 47,
        "Net Income": -42
    },
    "2012-11-30": {
        "Diluted EPS": 0.31,
        "Total Revenue": NaN,
        "Gross Profit": 425,
        "Operating Income": 99,
        "EBIT": 121,
        "Net Income": 41
    },
    "2012-08-31": {
        "Diluted EPS": 0.26,
        "Total Revenue": NaN,
        "Gross Profit": 434,
        "Operating Income": 123,
        "EBIT": 143,
        "Net Income": 33
    },
    "2012-05-31": {
        "Diluted EPS": 0.63,
        "Total Revenue": NaN,
        "Gross Profit": 460,
        "Operating Income": 138,
        "EBIT": 160,
        "Net Income": 81
    },
    "2012-02-29": {
        "Diluted EPS": 0.05,
        "Total Revenue": 774,
        "Gross Profit": 303,
        "Operating Income": 26,
        "EBIT": 44,
        "Net Income": 7
    },
    "2011-11-30": {
        "Diluted EPS": 0.38,
        "Total Revenue": 916,
        "Gross Profit": 369,
        "Operating Income": 87,
        "EBIT": 106,
        "Net Income": 49
    },
    "2011-08-31": {
        "Diluted EPS": 0.59,
        "Total Revenue": 986,
        "Gross Profit": 410,
        "Operating Income": 136,
        "EBIT": 154,
        "Net Income": 75
    },
    "2011-05-31": {
        "Diluted EPS": 0.53,
        "Total Revenue": 982,
        "Gross Profit": 416,
        "Operating Income": 119,
        "EBIT": 137,
        "Net Income": 68
    },
    "2011-02-28": {
        "Diluted EPS": 0.01,
        "Total Revenue": 679,
        "Gross Profit": 270,
        "Operating Income": 13,
        "EBIT": 31,
        "Net Income": 1
    },
    "2010-11-30": {
        "Diluted EPS": 0.38,
        "Total Revenue": 826,
        "Gross Profit": 339,
        "Operating Income": 89,
        "EBIT": 107,
        "Net Income": 48
    },
    "2010-08-31": {
        "Diluted EPS": 0.53,
        "Total Revenue": 895,
        "Gross Profit": 375,
        "Operating Income": 122,
        "EBIT": 140,
        "Net Income": 69
    },
    "2010-05-31": {
        "Diluted EPS": 0.46,
        "Total Revenue": 972,
        "Gross Profit": 419,
        "Operating Income": 108,
        "EBIT": 129,
        "Net Income": 58
    },
    "2010-02-28": {
        "Diluted EPS": -0.07,
        "Total Revenue": 667,
        "Gross Profit": 260,
        "Operating Income": 3,
        "EBIT": 24,
        "Net Income": -9
    },
    "2009-11-30": {
        "Diluted EPS": 0.43,
        "Total Revenue": 859,
        "Gross Profit": 363,
        "Operating Income": 93,
        "EBIT": 115,
        "Net Income": 56
    },
    "2009-08-31": {
        "Diluted EPS": 0.57,
        "Total Revenue": 916,
        "Gross Profit": 394,
        "Operating Income": 121,
        "EBIT": 142,
        "Net Income": 73
    },
    "2009-05-31": {
        "Diluted EPS": 0.31,
        "Total Revenue": 857,
        "Gross Profit": 358,
        "Operating Income": 83,
        "EBIT": 120,
        "Net Income": 39
    },
    "2009-02-28": {
        "Diluted EPS": -0.24,
        "Total Revenue": 635,
        "Gross Profit": 235,
        "Operating Income": -31,
        "EBIT": -10,
        "Net Income": -31
    },
    "2023-08-31": {
        "Tax Effect Of Unusual Items": 123480.0,
        "Tax Rate For Calcs": 0.252,
        "Normalized EBITDA": 344021000.0,
        "Total Unusual Items": 490000.0,
        "Total Unusual Items Excluding Goodwill": 490000.0,
        "Net Income From Continuing Operation Net Minority Interest": 201082000.0,
        "Reconciled Depreciation": 43539000.0,
        "Reconciled Cost Of Revenue": 1183240000.0,
        "EBITDA": 344511000.0,
        "EBIT": 300972000.0,
        "Net Interest Income": -26367000.0,
        "Interest Expense": 31818000.0,
        "Interest Income": 5451000.0,
        "Normalized Income": 200715480.0,
        "Net Income From Continuing And Discontinued Operation": 201082000.0,
        "Total Expenses": 1714272000.0,
        "Diluted Average Shares": 128771000.0,
        "Basic Average Shares": 127633000.0,
        "Diluted EPS": 1.56,
        "Basic EPS": 1.57,
        "Diluted NI Availto Com Stockholders": 201082000.0,
        "Average Dilution Earnings": 872000.0,
        "Net Income Common Stockholders": 200210000.0,
        "Otherunder Preferred Stock Dividend": 872000.0,
        "Net Income": 201082000.0,
        "Minority Interests": -231000.0,
        "Net Income Including Noncontrolling Interests": 201313000.0,
        "Net Income Continuous Operations": 201313000.0,
        "Tax Provision": 67841000.0,
        "Pretax Income": 269154000.0,
        "Other Income Expense": -2064000.0,
        "Other Non Operating Income Expenses": -2554000.0,
        "Special Income Charges": -6498000.0,
        "Gain On Sale Of Ppe": NaN,
        "Impairment Of Capital Assets": NaN,
        "Restructuring And Mergern Acquisition": 6498000.0,
        "Gain On Sale Of Security": 6988000.0,
        "Net Non Operating Interest Income Expense": -26367000.0,
        "Interest Expense Non Operating": 31818000.0,
        "Interest Income Non Operating": 5451000.0,
        "Operating Income": 297585000.0,
        "Operating Expense": 531032000.0,
        "Other Operating Expenses": NaN,
        "Selling General And Administration": 531032000.0,
        "General And Administrative Expense": NaN,
        "Other Gand A": NaN,
        "Salaries And Wages": NaN,
        "Gross Profit": 828617000.0,
        "Cost Of Revenue": 1183240000.0,
        "Total Revenue": 2011857000.0,
        "Operating Revenue": 2011857000.0
    },
    "2023-11-30": {
        "Tax Effect Of Unusual Items": -215985.0,
        "Tax Rate For Calcs": 0.255,
        "Normalized EBITDA": 267657000.0,
        "Total Unusual Items": -847000.0,
        "Total Unusual Items Excluding Goodwill": -847000.0,
        "Net Income From Continuing Operation Net Minority Interest": 145505000.0,
        "Reconciled Depreciation": 40638000.0,
        "Reconciled Cost Of Revenue": 1044047000.0,
        "EBITDA": 266810000.0,
        "EBIT": 226172000.0,
        "Net Interest Income": -25451000.0,
        "Interest Expense": 30348000.0,
        "Interest Income": 4897000.0,
        "Normalized Income": 146136015.0,
        "Net Income From Continuing And Discontinued Operation": 145505000.0,
        "Total Expenses": 1567336000.0,
        "Diluted Average Shares": 128249000.0,
        "Basic Average Shares": 127758000.0,
        "Diluted EPS": 1.13,
        "Basic EPS": 1.13,
        "Diluted NI Availto Com Stockholders": 144800000.0,
        "Average Dilution Earnings": 2000.0,
        "Net Income Common Stockholders": 144798000.0,
        "Otherunder Preferred Stock Dividend": 707000.0,
        "Net Income": 145505000.0,
        "Minority Interests": -310000.0,
        "Net Income Including Noncontrolling Interests": 145815000.0,
        "Net Income Continuous Operations": 145815000.0,
        "Tax Provision": 50009000.0,
        "Pretax Income": 195824000.0,
        "Other Income Expense": -3664000.0,
        "Other Non Operating Income Expenses": -2817000.0,
        "Special Income Charges": -1239000.0,
        "Gain On Sale Of Ppe": NaN,
        "Impairment Of Capital Assets": NaN,
        "Restructuring And Mergern Acquisition": 1239000.0,
        "Gain On Sale Of Security": 392000.0,
        "Net Non Operating Interest Income Expense": -25451000.0,
        "Interest Expense Non Operating": 30348000.0,
        "Interest Income Non Operating": 4897000.0,
        "Operating Income": 224939000.0,
        "Operating Expense": 523289000.0,
        "Other Operating Expenses": NaN,
        "Selling General And Administration": 523289000.0,
        "General And Administrative Expense": NaN,
        "Other Gand A": NaN,
        "Salaries And Wages": NaN,
        "Gross Profit": 748228000.0,
        "Cost Of Revenue": 1044047000.0,
        "Total Revenue": 1792275000.0,
        "Operating Revenue": 1792275000.0
    },
    "2024-02-29": {
        "Tax Effect Of Unusual Items": 1687488.0,
        "Tax Rate For Calcs": 0.264,
        "Normalized EBITDA": 148195000.0,
        "Total Unusual Items": 6392000.0,
        "Total Unusual Items Excluding Goodwill": 6392000.0,
        "Net Income From Continuing Operation Net Minority Interest": 61199000.0,
        "Reconciled Depreciation": 42479000.0,
        "Reconciled Cost Of Revenue": 915818000.0,
        "EBITDA": 154587000.0,
        "EBIT": 112108000.0,
        "Net Interest Income": -22613000.0,
        "Interest Expense": 28527000.0,
        "Interest Income": 5914000.0,
        "Normalized Income": 56494488.0,
        "Net Income From Continuing And Discontinued Operation": 61199000.0,
        "Total Expenses": 1420578000.0,
        "Diluted Average Shares": 128334000.0,
        "Basic Average Shares": 127781000.0,
        "Diluted EPS": 0.47,
        "Basic EPS": 0.48,
        "Diluted NI Availto Com Stockholders": 60920000.0,
        "Average Dilution Earnings": 0.0,
        "Net Income Common Stockholders": 60920000.0,
        "Otherunder Preferred Stock Dividend": 279000.0,
        "Net Income": 61199000.0,
        "Minority Interests": -279000.0,
        "Net Income Including Noncontrolling Interests": 61478000.0,
        "Net Income Continuous Operations": 61478000.0,
        "Tax Provision": 22103000.0,
        "Pretax Income": 83581000.0,
        "Other Income Expense": 3790000.0,
        "Other Non Operating Income Expenses": -2602000.0,
        "Special Income Charges": -6359000.0,
        "Gain On Sale Of Ppe": 0.0,
        "Impairment Of Capital Assets": 0.0,
        "Restructuring And Mergern Acquisition": 6359000.0,
        "Gain On Sale Of Security": 12751000.0,
        "Net Non Operating Interest Income Expense": -22613000.0,
        "Interest Expense Non Operating": 28527000.0,
        "Interest Income Non Operating": 5914000.0,
        "Operating Income": 102404000.0,
        "Operating Expense": 504760000.0,
        "Other Operating Expenses": -191000.0,
        "Selling General And Administration": 504760000.0,
        "General And Administrative Expense": 507553000.0,
        "Other Gand A": 504760000.0,
        "Salaries And Wages": 2793000.0,
        "Gross Profit": 607164000.0,
        "Cost Of Revenue": 915818000.0,
        "Total Revenue": 1522982000.0,
        "Operating Revenue": 1522982000.0
    },
    "2024-05-31": {
        "Tax Effect Of Unusual Items": -2934825.065405,
        "Tax Rate For Calcs": 0.244243,
        "Normalized EBITDA": 323165000.0,
        "Total Unusual Items": -12016000.0,
        "Total Unusual Items Excluding Goodwill": -12016000.0,
        "Net Income From Continuing Operation Net Minority Interest": 180611000.0,
        "Reconciled Depreciation": 44595000.0,
        "Reconciled Cost Of Revenue": 1177583000.0,
        "EBITDA": 311149000.0,
        "EBIT": 266554000.0,
        "Net Interest Income": -22591000.0,
        "Interest Expense": 27276000.0,
        "Interest Income": 4685000.0,
        "Normalized Income": 189692174.934595,
        "Net Income From Continuing And Discontinued Operation": 180611000.0,
        "Total Expenses": 1732087000.0,
        "Diluted Average Shares": 128331000.0,
        "Basic Average Shares": 127666000.0,
        "Diluted EPS": 1.4,
        "Basic EPS": 1.41,
        "Diluted NI Availto Com Stockholders": 179824000.0,
        "Average Dilution Earnings": 3000.0,
        "Net Income Common Stockholders": 179821000.0,
        "Otherunder Preferred Stock Dividend": 790000.0,
        "Net Income": 180611000.0,
        "Minority Interests": -225000.0,
        "Net Income Including Noncontrolling Interests": 180836000.0,
        "Net Income Continuous Operations": 180836000.0,
        "Tax Provision": 58442000.0,
        "Pretax Income": 239278000.0,
        "Other Income Expense": -14207000.0,
        "Other Non Operating Income Expenses": -2191000.0,
        "Special Income Charges": -15912000.0,
        "Gain On Sale Of Ppe": 0.0,
        "Impairment Of Capital Assets": 0.0,
        "Restructuring And Mergern Acquisition": 15912000.0,
        "Gain On Sale Of Security": 3896000.0,
        "Net Non Operating Interest Income Expense": -22591000.0,
        "Interest Expense Non Operating": 27276000.0,
        "Interest Income Non Operating": 4685000.0,
        "Operating Income": 276076000.0,
        "Operating Expense": 554504000.0,
        "Other Operating Expenses": -496000.0,
        "Selling General And Administration": 554504000.0,
        "General And Administrative Expense": 557191000.0,
        "Other Gand A": 554504000.0,
        "Salaries And Wages": 2687000.0,
        "Gross Profit": 830580000.0,
        "Cost Of Revenue": 1177583000.0,
        "Total Revenue": 2008163000.0,
        "Operating Revenue": 2008163000.0
    },
    "2024-08-31": {
        "Tax Effect Of Unusual Items": -33867.0,
        "Tax Rate For Calcs": 0.213,
        "Normalized EBITDA": 361229000.0,
        "Total Unusual Items": -159000.0,
        "Total Unusual Items Excluding Goodwill": -159000.0,
        "Net Income From Continuing Operation Net Minority Interest": 227692000.0,
        "Reconciled Depreciation": 46185000.0,
        "Reconciled Cost Of Revenue": 1132116000.0,
        "EBITDA": 361070000.0,
        "EBIT": 314885000.0,
        "Net Interest Income": -20451000.0,
        "Interest Expense": 24434000.0,
        "Interest Income": 3983000.0,
        "Normalized Income": 227817133.0,
        "Net Income From Continuing And Discontinued Operation": 227692000.0,
        "Total Expenses": 1658262000.0,
        "Diluted Average Shares": 128420000.0,
        "Basic Average Shares": 127691000.0,
        "Diluted EPS": 1.77,
        "Basic EPS": 1.78,
        "Diluted NI Availto Com Stockholders": 226803000.0,
        "Average Dilution Earnings": 4000.0,
        "Net Income Common Stockholders": 226799000.0,
        "Otherunder Preferred Stock Dividend": 893000.0,
        "Net Income": 227692000.0,
        "Minority Interests": -862000.0,
        "Net Income Including Noncontrolling Interests": 228554000.0,
        "Net Income Continuous Operations": 228554000.0,
        "Tax Provision": 61897000.0,
        "Pretax Income": 290451000.0,
        "Other Income Expense": 375000.0,
        "Other Non Operating Income Expenses": 534000.0,
        "Special Income Charges": -7202000.0,
        "Gain On Sale Of Ppe": NaN,
        "Impairment Of Capital Assets": NaN,
        "Restructuring And Mergern Acquisition": 7202000.0,
        "Gain On Sale Of Security": 7043000.0,
        "Net Non Operating Interest Income Expense": -20451000.0,
        "Interest Expense Non Operating": 24434000.0,
        "Interest Income Non Operating": 3983000.0,
        "Operating Income": 310527000.0,
        "Operating Expense": 526146000.0,
        "Other Operating Expenses": NaN,
        "Selling General And Administration": 526146000.0,
        "General And Administrative Expense": NaN,
        "Other Gand A": NaN,
        "Salaries And Wages": NaN,
        "Gross Profit": 836673000.0,
        "Cost Of Revenue": 1132116000.0,
        "Total Revenue": 1968789000.0,
        "Operating Revenue": 1968789000.0
    },
    "2024-11-30": {
        "Tax Effect Of Unusual Items": -293429.0,
        "Tax Rate For Calcs": 0.139,
        "Normalized EBITDA": 284828000.0,
        "Total Unusual Items": -2111000.0,
        "Total Unusual Items Excluding Goodwill": -2111000.0,
        "Net Income From Continuing Operation Net Minority Interest": 183204000.0,
        "Reconciled Depreciation": 46558000.0,
        "Reconciled Cost Of Revenue": 1080774000.0,
        "EBITDA": 282717000.0,
        "EBIT": 236159000.0,
        "Net Interest Income": -20097000.0,
        "Interest Expense": 23177000.0,
        "Interest Income": 3080000.0,
        "Normalized Income": 185021571.0,
        "Net Income From Continuing And Discontinued Operation": 183204000.0,
        "Total Expenses": 1610610000.0,
        "Diluted Average Shares": 128344000.0,
        "Basic Average Shares": 127658000.0,
        "Diluted EPS": 1.42,
        "Basic EPS": 1.43,
        "Diluted NI Availto Com Stockholders": 182468000.0,
        "Average Dilution Earnings": 3000.0,
        "Net Income Common Stockholders": 182465000.0,
        "Otherunder Preferred Stock Dividend": 739000.0,
        "Net Income": 183204000.0,
        "Minority Interests": -246000.0,
        "Net Income Including Noncontrolling Interests": 183450000.0,
        "Net Income Continuous Operations": 183450000.0,
        "Tax Provision": 29532000.0,
        "Pretax Income": 212982000.0,
        "Other Income Expense": -1629000.0,
        "Other Non Operating Income Expenses": 482000.0,
        "Special Income Charges": -7557000.0,
        "Gain On Sale Of Ppe": NaN,
        "Impairment Of Capital Assets": NaN,
        "Restructuring And Mergern Acquisition": 7557000.0,
        "Gain On Sale Of Security": 5446000.0,
        "Net Non Operating Interest Income Expense": -20097000.0,
        "Interest Expense Non Operating": 23177000.0,
        "Interest Income Non Operating": 3080000.0,
        "Operating Income": 234708000.0,
        "Operating Expense": 529836000.0,
        "Other Operating Expenses": NaN,
        "Selling General And Administration": 529836000.0,
        "General And Administrative Expense": NaN,
        "Other Gand A": NaN,
        "Salaries And Wages": NaN,
        "Gross Profit": 764544000.0,
        "Cost Of Revenue": 1080774000.0,
        "Total Revenue": 1845318000.0,
        "Operating Revenue": 1845318000.0
    }
}