{
    "2023-06-30": {
        "Tax Effect Of Unusual Items": NaN,
        "Tax Rate For Calcs": NaN,
        "Normalized EBITDA": NaN,
        "Total Unusual Items": NaN,
        "Total Unusual Items Excluding Goodwill": NaN,
        "Net Income From Continuing Operation Net Minority Interest": NaN,
        "Reconciled Depreciation": NaN,
        "Reconciled Cost Of Revenue": NaN,
        "EBITDA": NaN,
        "EBIT": NaN,
        "Net Interest Income": NaN,
        "Interest Expense": NaN,
        "Interest Income": NaN,
        "Normalized Income": NaN,
        "Net Income From Continuing And Discontinued Operation": NaN,
        "Total Expenses": NaN,
        "Total Operating Income As Reported": NaN,
        "Diluted Average Shares": NaN,
        "Basic Average Shares": NaN,
        "Diluted EPS": NaN,
        "Basic EPS": NaN,
        "Diluted NI Availto Com Stockholders": NaN,
        "Net Income Common Stockholders": NaN,
        "Net Income": NaN,
        "Minority Interests": NaN,
        "Net Income Including Noncontrolling Interests": NaN,
        "Net Income Continuous Operations": NaN,
        "Tax Provision": NaN,
        "Pretax Income": NaN,
        "Other Income Expense": NaN,
        "Other Non Operating Income Expenses": NaN,
        "Special Income Charges": NaN,
        "Gain On Sale Of Business": 0.0,
        "Other Special Charges": NaN,
        "Restructuring And Mergern Acquisition": NaN,
        "Earnings From Equity Interest": NaN,
        "Net Non Operating Interest Income Expense": NaN,
        "Interest Expense Non Operating": NaN,
        "Interest Income Non Operating": NaN,
        "Operating Income": NaN,
        "Operating Expense": NaN,
        "Other Operating Expenses": NaN,
        "Provision For Doubtful Accounts": NaN,
        "Depreciation Amortization Depletion Income Statement": NaN,
        "Depletion Income Statement": NaN,
        "Depreciation And Amortization In Income Statement": NaN,
        "Amortization": NaN,
        "Amortization Of Intangibles Income Statement": NaN,
        "Depreciation Income Statement": NaN,
        "Selling General And Administration": NaN,
        "General And Administrative Expense": NaN,
        "Other Gand A": NaN,
        "Salaries And Wages": NaN,
        "Gross Profit": NaN,
        "Cost Of Revenue": NaN,
        "Total Revenue": NaN,
        "Operating Revenue": NaN
    },
    "2023-03-31": {
        "Tax Effect Of Unusual Items": NaN,
        "Tax Rate For Calcs": NaN,
        "Normalized EBITDA": NaN,
        "Total Unusual Items": NaN,
        "Total Unusual Items Excluding Goodwill": NaN,
        "Net Income From Continuing Operation Net Minority Interest": NaN,
        "Reconciled Depreciation": NaN,
        "Reconciled Cost Of Revenue": NaN,
        "EBITDA": NaN,
        "EBIT": NaN,
        "Net Interest Income": NaN,
        "Interest Expense": NaN,
        "Interest Income": NaN,
        "Normalized Income": NaN,
        "Net Income From Continuing And Discontinued Operation": NaN,
        "Total Expenses": NaN,
        "Total Operating Income As Reported": NaN,
        "Diluted Average Shares": NaN,
        "Basic Average Shares": NaN,
        "Diluted EPS": NaN,
        "Basic EPS": NaN,
        "Diluted NI Availto Com Stockholders": NaN,
        "Net Income Common Stockholders": NaN,
        "Net Income": NaN,
        "Minority Interests": NaN,
        "Net Income Including Noncontrolling Interests": NaN,
        "Net Income Continuous Operations": NaN,
        "Tax Provision": NaN,
        "Pretax Income": NaN,
        "Other Income Expense": NaN,
        "Other Non Operating Income Expenses": NaN,
        "Special Income Charges": NaN,
        "Gain On Sale Of Business": NaN,
        "Other Special Charges": 200000.0,
        "Restructuring And Mergern Acquisition": NaN,
        "Earnings From Equity Interest": NaN,
        "Net Non Operating Interest Income Expense": NaN,
        "Interest Expense Non Operating": NaN,
        "Interest Income Non Operating": NaN,
        "Operating Income": NaN,
        "Operating Expense": NaN,
        "Other Operating Expenses": NaN,
        "Provision For Doubtful Accounts": NaN,
        "Depreciation Amortization Depletion Income Statement": NaN,
        "Depletion Income Statement": NaN,
        "Depreciation And Amortization In Income Statement": NaN,
        "Amortization": NaN,
        "Amortization Of Intangibles Income Statement": NaN,
        "Depreciation Income Statement": NaN,
        "Selling General And Administration": NaN,
        "General And Administrative Expense": NaN,
        "Other Gand A": NaN,
        "Salaries And Wages": NaN,
        "Gross Profit": NaN,
        "Cost Of Revenue": NaN,
        "Total Revenue": NaN,
        "Operating Revenue": NaN
    },
    "2022-12-31": {
        "Tax Effect Of Unusual Items": NaN,
        "Tax Rate For Calcs": NaN,
        "Normalized EBITDA": NaN,
        "Total Unusual Items": NaN,
        "Total Unusual Items Excluding Goodwill": NaN,
        "Net Income From Continuing Operation Net Minority Interest": NaN,
        "Reconciled Depreciation": NaN,
        "Reconciled Cost Of Revenue": NaN,
        "EBITDA": NaN,
        "EBIT": NaN,
        "Net Interest Income": NaN,
        "Interest Expense": NaN,
        "Interest Income": NaN,
        "Normalized Income": NaN,
        "Net Income From Continuing And Discontinued Operation": NaN,
        "Total Expenses": NaN,
        "Total Operating Income As Reported": NaN,
        "Diluted Average Shares": NaN,
        "Basic Average Shares": NaN,
        "Diluted EPS": NaN,
        "Basic EPS": NaN,
        "Diluted NI Availto Com Stockholders": NaN,
        "Net Income Common Stockholders": NaN,
        "Net Income": NaN,
        "Minority Interests": NaN,
        "Net Income Including Noncontrolling Interests": NaN,
        "Net Income Continuous Operations": NaN,
        "Tax Provision": NaN,
        "Pretax Income": NaN,
        "Other Income Expense": NaN,
        "Other Non Operating Income Expenses": NaN,
        "Special Income Charges": NaN,
        "Gain On Sale Of Business": 1000000.0,
        "Other Special Charges": NaN,
        "Restructuring And Mergern Acquisition": NaN,
        "Earnings From Equity Interest": NaN,
        "Net Non Operating Interest Income Expense": NaN,
        "Interest Expense Non Operating": NaN,
        "Interest Income Non Operating": NaN,
        "Operating Income": NaN,
        "Operating Expense": NaN,
        "Other Operating Expenses": NaN,
        "Provision For Doubtful Accounts": NaN,
        "Depreciation Amortization Depletion Income Statement": NaN,
        "Depletion Income Statement": NaN,
        "Depreciation And Amortization In Income Statement": NaN,
        "Amortization": NaN,
        "Amortization Of Intangibles Income Statement": NaN,
        "Depreciation Income Statement": NaN,
        "Selling General And Administration": NaN,
        "General And Administrative Expense": NaN,
        "Other Gand A": NaN,
        "Salaries And Wages": NaN,
        "Gross Profit": NaN,
        "Cost Of Revenue": NaN,
        "Total Revenue": NaN,
        "Operating Revenue": NaN
    },
    "2022-09-30": {
        "Tax Effect Of Unusual Items": NaN,
        "Tax Rate For Calcs": NaN,
        "Normalized EBITDA": NaN,
        "Total Unusual Items": NaN,
        "Total Unusual Items Excluding Goodwill": NaN,
        "Net Income From Continuing Operation Net Minority Interest": NaN,
        "Reconciled Depreciation": NaN,
        "Reconciled Cost Of Revenue": NaN,
        "EBITDA": NaN,
        "EBIT": NaN,
        "Net Interest Income": NaN,
        "Interest Expense": NaN,
        "Interest Income": NaN,
        "Normalized Income": NaN,
        "Net Income From Continuing And Discontinued Operation": NaN,
        "Total Expenses": NaN,
        "Total Operating Income As Reported": NaN,
        "Diluted Average Shares": NaN,
        "Basic Average Shares": NaN,
        "Diluted EPS": NaN,
        "Basic EPS": NaN,
        "Diluted NI Availto Com Stockholders": NaN,
        "Net Income Common Stockholders": NaN,
        "Net Income": NaN,
        "Minority Interests": NaN,
        "Net Income Including Noncontrolling Interests": NaN,
        "Net Income Continuous Operations": NaN,
        "Tax Provision": NaN,
        "Pretax Income": NaN,
        "Other Income Expense": NaN,
        "Other Non Operating Income Expenses": NaN,
        "Special Income Charges": NaN,
        "Gain On Sale Of Business": 5200000.0,
        "Other Special Charges": NaN,
        "Restructuring And Mergern Acquisition": NaN,
        "Earnings From Equity Interest": NaN,
        "Net Non Operating Interest Income Expense": NaN,
        "Interest Expense Non Operating": NaN,
        "Interest Income Non Operating": NaN,
        "Operating Income": NaN,
        "Operating Expense": NaN,
        "Other Operating Expenses": NaN,
        "Provision For Doubtful Accounts": NaN,
        "Depreciation Amortization Depletion Income Statement": NaN,
        "Depletion Income Statement": 116600000.0,
        "Depreciation And Amortization In Income Statement": 237300000.0,
        "Amortization": 27800000.0,
        "Amortization Of Intangibles Income Statement": 27800000.0,
        "Depreciation Income Statement": 209500000.0,
        "Selling General And Administration": NaN,
        "General And Administrative Expense": NaN,
        "Other Gand A": NaN,
        "Salaries And Wages": NaN,
        "Gross Profit": NaN,
        "Cost Of Revenue": NaN,
        "Total Revenue": NaN,
        "Operating Revenue": NaN
    },
    "2022-06-30": {
        "Tax Effect Of Unusual Items": -13117966.95252,
        "Tax Rate For Calcs": 0.222338,
        "Normalized EBITDA": 991000000.0,
        "Total Unusual Items": -59000000.0,
        "Total Unusual Items Excluding Goodwill": -59000000.0,
        "Net Income From Continuing Operation Net Minority Interest": 371900000.0,
        "Reconciled Depreciation": 359900000.0,
        "Reconciled Cost Of Revenue": 2042100000.0,
        "EBITDA": 932000000.0,
        "EBIT": 572100000.0,
        "Net Interest Income": -93300000.0,
        "Interest Expense": 94000000.0,
        "Interest Income": 700000.0,
        "Normalized Income": 417782033.04748,
        "Net Income From Continuing And Discontinued Operation": 371900000.0,
        "Total Expenses": 2765000000.0,
        "Total Operating Income As Reported": 589600000.0,
        "Diluted Average Shares": 316960000.0,
        "Basic Average Shares": 316473000.0,
        "Diluted EPS": 1.17,
        "Basic EPS": 1.18,
        "Diluted NI Availto Com Stockholders": 371900000.0,
        "Net Income Common Stockholders": 371900000.0,
        "Net Income": 371900000.0,
        "Minority Interests": 100000.0,
        "Net Income Including Noncontrolling Interests": 371800000.0,
        "Net Income Continuous Operations": 371800000.0,
        "Tax Provision": 106300000.0,
        "Pretax Income": 478100000.0,
        "Other Income Expense": -77200000.0,
        "Other Non Operating Income Expenses": -4600000.0,
        "Special Income Charges": -59000000.0,
        "Gain On Sale Of Business": 0.0,
        "Other Special Charges": 2200000.0,
        "Restructuring And Mergern Acquisition": 56800000.0,
        "Earnings From Equity Interest": -13600000.0,
        "Net Non Operating Interest Income Expense": -93300000.0,
        "Interest Expense Non Operating": 94000000.0,
        "Interest Income Non Operating": 700000.0,
        "Operating Income": 648700000.0,
        "Operating Expense": 700600000.0,
        "Other Operating Expenses": 22400000.0,
        "Provision For Doubtful Accounts": 10500000.0,
        "Depreciation Amortization Depletion Income Statement": 337600000.0,
        "Selling General And Administration": 330100000.0,
        "General And Administrative Expense": 330100000.0,
        "Other Gand A": 98000000.0,
        "Salaries And Wages": 232100000.0,
        "Gross Profit": 1349300000.0,
        "Cost Of Revenue": 2064400000.0,
        "Total Revenue": 3413700000.0,
        "Operating Revenue": 3336300000.0
    },
    "2022-03-31": {
        "Diluted EPS": 1.11,
        "Total Revenue": NaN,
        "Gross Profit": NaN,
        "Operating Income": 561,
        "EBIT": 893,
        "Net Income": 352
    },
    "2021-12-31": {
        "Diluted EPS": 0.98,
        "Total Revenue": NaN,
        "Gross Profit": NaN,
        "Operating Income": 502,
        "EBIT": 822,
        "Net Income": 313
    },
    "2021-09-30": {
        "Diluted EPS": 1.1,
        "Total Revenue": NaN,
        "Gross Profit": NaN,
        "Operating Income": 564,
        "EBIT": 886,
        "Net Income": 350
    },
    "2021-06-30": {
        "Diluted EPS": 1.03,
        "Total Revenue": NaN,
        "Gross Profit": NaN,
        "Operating Income": 518,
        "EBIT": 842,
        "Net Income": 331
    },
    "2021-03-31": {
        "Diluted EPS": 0.93,
        "Total Revenue": NaN,
        "Gross Profit": NaN,
        "Operating Income": 492,
        "EBIT": 795,
        "Net Income": 296
    },
    "2020-12-31": {
        "Diluted EPS": 0.73,
        "Total Revenue": NaN,
        "Gross Profit": NaN,
        "Operating Income": 433,
        "EBIT": 721,
        "Net Income": 235
    },
    "2020-09-30": {
        "Diluted EPS": 0.81,
        "Total Revenue": NaN,
        "Gross Profit": NaN,
        "Operating Income": 448,
        "EBIT": 739,
        "Net Income": 260
    },
    "2020-06-30": {
        "Diluted EPS": 0.71,
        "Total Revenue": NaN,
        "Gross Profit": 987,
        "Operating Income": 395,
        "EBIT": 685,
        "Net Income": 226
    },
    "2020-03-31": {
        "Diluted EPS": 0.77,
        "Total Revenue": NaN,
        "Gross Profit": NaN,
        "Operating Income": 433,
        "EBIT": 723,
        "Net Income": 246
    },
    "2019-12-31": {
        "Diluted EPS": 0.9,
        "Total Revenue": NaN,
        "Gross Profit": NaN,
        "Operating Income": 459,
        "EBIT": 737,
        "Net Income": 289
    },
    "2019-09-30": {
        "Diluted EPS": 0.93,
        "Total Revenue": NaN,
        "Gross Profit": NaN,
        "Operating Income": 468,
        "EBIT": 756,
        "Net Income": 298
    },
    "2019-06-30": {
        "Diluted EPS": 0.78,
        "Total Revenue": NaN,
        "Gross Profit": 988,
        "Operating Income": 437,
        "EBIT": 722,
        "Net Income": 252
    },
    "2019-03-31": {
        "Diluted EPS": 0.72,
        "Total Revenue": NaN,
        "Gross Profit": 965,
        "Operating Income": 423,
        "EBIT": 695,
        "Net Income": 234
    },
    "2018-12-31": {
        "Diluted EPS": 0.92,
        "Total Revenue": NaN,
        "Gross Profit": NaN,
        "Operating Income": 483,
        "EBIT": 756,
        "Net Income": 301
    },
    "2018-09-30": {
        "Diluted EPS": 0.81,
        "Total Revenue": NaN,
        "Gross Profit": 988,
        "Operating Income": 440,
        "EBIT": 723,
        "Net Income": 263
    },
    "2018-06-30": {
        "Diluted EPS": 0.71,
        "Total Revenue": NaN,
        "Gross Profit": 941,
        "Operating Income": 408,
        "EBIT": 684,
        "Net Income": 235
    },
    "2018-03-31": {
        "Diluted EPS": 0.72,
        "Total Revenue": NaN,
        "Gross Profit": 958,
        "Operating Income": 404,
        "EBIT": 688,
        "Net Income": 238
    },
    "2017-12-31": {
        "Diluted EPS": 1.96,
        "Total Revenue": NaN,
        "Gross Profit": 967,
        "Operating Income": 407,
        "EBIT": 694,
        "Net Income": 665
    },
    "2017-09-30": {
        "Diluted EPS": 0.66,
        "Total Revenue": NaN,
        "Gross Profit": 982,
        "Operating Income": 448,
        "EBIT": 729,
        "Net Income": 223
    },
    "2017-06-30": {
        "Diluted EPS": 0.6,
        "Total Revenue": NaN,
        "Gross Profit": 969,
        "Operating Income": 426,
        "EBIT": 704,
        "Net Income": 203
    },
    "2017-03-31": {
        "Diluted EPS": 0.55,
        "Total Revenue": NaN,
        "Gross Profit": 909,
        "Operating Income": 388,
        "EBIT": 658,
        "Net Income": 188
    },
    "2016-12-31": {
        "Diluted EPS": 0.56,
        "Total Revenue": NaN,
        "Gross Profit": 914,
        "Operating Income": 392,
        "EBIT": 657,
        "Net Income": 190
    },
    "2016-09-30": {
        "Diluted EPS": 0.25,
        "Total Revenue": NaN,
        "Gross Profit": 933,
        "Operating Income": 418,
        "EBIT": 690,
        "Net Income": 86
    },
    "2016-06-30": {
        "Diluted EPS": 0.52,
        "Total Revenue": NaN,
        "Gross Profit": 910,
        "Operating Income": 382,
        "EBIT": 652,
        "Net Income": 181
    },
    "2016-03-31": {
        "Diluted EPS": 0.45,
        "Total Revenue": NaN,
        "Gross Profit": 867,
        "Operating Income": 346,
        "EBIT": 609,
        "Net Income": 157
    },
    "2015-12-31": {
        "Diluted EPS": 0.49,
        "Total Revenue": NaN,
        "Gross Profit": 887,
        "Operating Income": 354,
        "EBIT": 618,
        "Net Income": 172
    },
    "2015-09-30": {
        "Diluted EPS": 0.61,
        "Total Revenue": NaN,
        "Gross Profit": 954,
        "Operating Income": 443,
        "EBIT": 710,
        "Net Income": 215
    },
    "2015-06-30": {
        "Diluted EPS": 0.54,
        "Total Revenue": NaN,
        "Gross Profit": 891,
        "Operating Income": 389,
        "EBIT": 655,
        "Net Income": 190
    },
    "2015-03-31": {
        "Diluted EPS": 0.49,
        "Total Revenue": NaN,
        "Gross Profit": 865,
        "Operating Income": 373,
        "EBIT": 626,
        "Net Income": 172
    },
    "2014-12-31": {
        "Diluted EPS": 0.14,
        "Total Revenue": NaN,
        "Gross Profit": 689,
        "Operating Income": 166,
        "EBIT": 414,
        "Net Income": 50
    },
    "2014-09-30": {
        "Diluted EPS": 0.52,
        "Total Revenue": NaN,
        "Gross Profit": 867,
        "Operating Income": 382,
        "EBIT": 638,
        "Net Income": 186
    },
    "2014-06-30": {
        "Diluted EPS": 0.5,
        "Total Revenue": NaN,
        "Gross Profit": 852,
        "Operating Income": 378,
        "EBIT": 628,
        "Net Income": 179
    },
    "2014-03-31": {
        "Diluted EPS": 0.37,
        "Total Revenue": NaN,
        "Gross Profit": 753,
        "Operating Income": 306,
        "EBIT": 539,
        "Net Income": 133
    },
    "2013-12-31": {
        "Diluted EPS": 0.66,
        "Total Revenue": NaN,
        "Gross Profit": 858,
        "Operating Income": 403,
        "EBIT": 648,
        "Net Income": 237
    },
    "2013-09-30": {
        "Diluted EPS": 0.47,
        "Total Revenue": NaN,
        "Gross Profit": 848,
        "Operating Income": 352,
        "EBIT": 596,
        "Net Income": 171
    },
    "2013-06-30": {
        "Diluted EPS": 0.15,
        "Total Revenue": NaN,
        "Gross Profit": 702,
        "Operating Income": 181,
        "EBIT": 417,
        "Net Income": 56
    },
    "2013-03-31": {
        "Diluted EPS": 0.34,
        "Total Revenue": NaN,
        "Gross Profit": 776,
        "Operating Income": 274,
        "EBIT": 503,
        "Net Income": 125
    },
    "2012-12-31": {
        "Diluted EPS": 0.35,
        "Total Revenue": NaN,
        "Gross Profit": 745,
        "Operating Income": 289,
        "EBIT": 525,
        "Net Income": 127
    },
    "2012-09-30": {
        "Diluted EPS": 0.42,
        "Total Revenue": NaN,
        "Gross Profit": 766,
        "Operating Income": 318,
        "EBIT": 541,
        "Net Income": 153
    },
    "2012-06-30": {
        "Diluted EPS": 0.4,
        "Total Revenue": NaN,
        "Gross Profit": 822,
        "Operating Income": 387,
        "EBIT": 622,
        "Net Income": 149
    },
    "2012-03-31": {
        "Diluted EPS": 0.38,
        "Total Revenue": NaN,
        "Gross Profit": 779,
        "Operating Income": 327,
        "EBIT": 560,
        "Net Income": 143
    },
    "2011-12-31": {
        "Diluted EPS": 0.51,
        "Total Revenue": NaN,
        "Gross Profit": 818,
        "Operating Income": 367,
        "EBIT": 600,
        "Net Income": 191
    },
    "2011-09-30": {
        "Diluted EPS": 0.52,
        "Total Revenue": NaN,
        "Gross Profit": 856,
        "Operating Income": 409,
        "EBIT": 643,
        "Net Income": 194
    },
    "2011-06-30": {
        "Diluted EPS": 0.12,
        "Total Revenue": NaN,
        "Gross Profit": 849,
        "Operating Income": 401,
        "EBIT": 629,
        "Net Income": 47
    },
    "2011-03-31": {
        "Diluted EPS": 0.41,
        "Total Revenue": NaN,
        "Gross Profit": 805,
        "Operating Income": 376,
        "EBIT": 602,
        "Net Income": 158
    },
    "2010-12-31": {
        "Diluted EPS": 0.38,
        "Total Revenue": NaN,
        "Gross Profit": 836,
        "Operating Income": 389,
        "EBIT": 615,
        "Net Income": 148
    },
    "2010-09-30": {
        "Diluted EPS": 0.35,
        "Total Revenue": NaN,
        "Gross Profit": 837,
        "Operating Income": 368,
        "EBIT": 599,
        "Net Income": 134
    },
    "2010-06-30": {
        "Diluted EPS": 0.42,
        "Total Revenue": NaN,
        "Gross Profit": 848,
        "Operating Income": 401,
        "EBIT": 635,
        "Net Income": 160
    },
    "2010-03-31": {
        "Diluted EPS": 0.17,
        "Total Revenue": NaN,
        "Gross Profit": 821,
        "Operating Income": 381,
        "EBIT": 605,
        "Net Income": 65
    },
    "2009-12-31": {
        "Diluted EPS": 0.09,
        "Total Revenue": NaN,
        "Gross Profit": 798,
        "Operating Income": 329,
        "EBIT": 562,
        "Net Income": 36
    },
    "2009-09-30": {
        "Diluted EPS": 0.32,
        "Total Revenue": NaN,
        "Gross Profit": 866,
        "Operating Income": 387,
        "EBIT": 627,
        "Net Income": 121
    },
    "2009-06-30": {
        "Diluted EPS": 0.59,
        "Total Revenue": NaN,
        "Gross Profit": 839,
        "Operating Income": 521,
        "EBIT": 761,
        "Net Income": 226
    },
    "2009-03-31": {
        "Diluted EPS": 0.3,
        "Total Revenue": NaN,
        "Gross Profit": 852,
        "Operating Income": 353,
        "EBIT": 598,
        "Net Income": 113
    },
    "2023-09-30": {
        "Tax Effect Of Unusual Items": NaN,
        "Tax Rate For Calcs": NaN,
        "Normalized EBITDA": NaN,
        "Total Unusual Items": NaN,
        "Total Unusual Items Excluding Goodwill": NaN,
        "Net Income From Continuing Operation Net Minority Interest": NaN,
        "Reconciled Depreciation": NaN,
        "Reconciled Cost Of Revenue": NaN,
        "EBITDA": NaN,
        "EBIT": NaN,
        "Net Interest Income": NaN,
        "Interest Expense": NaN,
        "Interest Income": NaN,
        "Normalized Income": NaN,
        "Net Income From Continuing And Discontinued Operation": NaN,
        "Total Expenses": NaN,
        "Total Operating Income As Reported": NaN,
        "Diluted Average Shares": NaN,
        "Basic Average Shares": NaN,
        "Diluted EPS": NaN,
        "Basic EPS": NaN,
        "Diluted NI Availto Com Stockholders": NaN,
        "Net Income Common Stockholders": NaN,
        "Net Income": NaN,
        "Minority Interests": NaN,
        "Net Income Including Noncontrolling Interests": NaN,
        "Net Income Continuous Operations": NaN,
        "Tax Provision": NaN,
        "Pretax Income": NaN,
        "Other Income Expense": NaN,
        "Other Non Operating Income Expenses": NaN,
        "Special Income Charges": NaN,
        "Gain On Sale Of Business": NaN,
        "Other Special Charges": NaN,
        "Restructuring And Mergern Acquisition": NaN,
        "Earnings From Equity Interest": NaN,
        "Net Non Operating Interest Income Expense": NaN,
        "Interest Expense Non Operating": NaN,
        "Interest Income Non Operating": NaN,
        "Operating Income": NaN,
        "Operating Expense": NaN,
        "Other Operating Expenses": NaN,
        "Provision For Doubtful Accounts": NaN,
        "Depreciation Amortization Depletion Income Statement": NaN,
        "Depletion Income Statement": 121400000.0,
        "Depreciation And Amortization In Income Statement": 260900000.0,
        "Amortization": 33300000.0,
        "Amortization Of Intangibles Income Statement": 33300000.0,
        "Depreciation Income Statement": 227600000.0,
        "Selling General And Administration": NaN,
        "General And Administrative Expense": NaN,
        "Other Gand A": NaN,
        "Salaries And Wages": NaN,
        "Gross Profit": NaN,
        "Cost Of Revenue": NaN,
        "Total Revenue": NaN,
        "Operating Revenue": NaN
    },
    "2023-12-31": {
        "Tax Effect Of Unusual Items": NaN,
        "Tax Rate For Calcs": NaN,
        "Normalized EBITDA": NaN,
        "Total Unusual Items": NaN,
        "Total Unusual Items Excluding Goodwill": NaN,
        "Net Income From Continuing Operation Net Minority Interest": NaN,
        "Reconciled Depreciation": NaN,
        "Reconciled Cost Of Revenue": NaN,
        "EBITDA": NaN,
        "EBIT": NaN,
        "Net Interest Income": NaN,
        "Interest Expense": NaN,
        "Interest Income": NaN,
        "Normalized Income": NaN,
        "Net Income From Continuing And Discontinued Operation": NaN,
        "Total Expenses": NaN,
        "Total Operating Income As Reported": NaN,
        "Diluted Average Shares": NaN,
        "Basic Average Shares": NaN,
        "Diluted EPS": NaN,
        "Basic EPS": NaN,
        "Diluted NI Availto Com Stockholders": NaN,
        "Net Income Common Stockholders": NaN,
        "Net Income": NaN,
        "Minority Interests": NaN,
        "Net Income Including Noncontrolling Interests": NaN,
        "Net Income Continuous Operations": NaN,
        "Tax Provision": NaN,
        "Pretax Income": NaN,
        "Other Income Expense": NaN,
        "Other Non Operating Income Expenses": NaN,
        "Special Income Charges": NaN,
        "Gain On Sale Of Business": NaN,
        "Other Special Charges": 4500000.0,
        "Restructuring And Mergern Acquisition": NaN,
        "Earnings From Equity Interest": NaN,
        "Net Non Operating Interest Income Expense": NaN,
        "Interest Expense Non Operating": NaN,
        "Interest Income Non Operating": NaN,
        "Operating Income": NaN,
        "Operating Expense": NaN,
        "Other Operating Expenses": NaN,
        "Provision For Doubtful Accounts": NaN,
        "Depreciation Amortization Depletion Income Statement": NaN,
        "Depletion Income Statement": NaN,
        "Depreciation And Amortization In Income Statement": NaN,
        "Amortization": NaN,
        "Amortization Of Intangibles Income Statement": NaN,
        "Depreciation Income Statement": NaN,
        "Selling General And Administration": NaN,
        "General And Administrative Expense": NaN,
        "Other Gand A": NaN,
        "Salaries And Wages": NaN,
        "Gross Profit": NaN,
        "Cost Of Revenue": NaN,
        "Total Revenue": NaN,
        "Operating Revenue": NaN
    },
    "2024-03-31": {
        "Tax Effect Of Unusual Items": -1452000.0,
        "Tax Rate For Calcs": 0.242,
        "Normalized EBITDA": 1170000000.0,
        "Total Unusual Items": -6000000.0,
        "Total Unusual Items Excluding Goodwill": -6000000.0,
        "Net Income From Continuing Operation Net Minority Interest": 454000000.0,
        "Reconciled Depreciation": 426000000.0,
        "Reconciled Cost Of Revenue": 2256000000.0,
        "EBITDA": 1164000000.0,
        "EBIT": 738000000.0,
        "Net Interest Income": -138000000.0,
        "Interest Expense": 139000000.0,
        "Interest Income": 1000000.0,
        "Normalized Income": 458548000.0,
        "Net Income From Continuing And Discontinued Operation": 454000000.0,
        "Total Expenses": 3123000000.0,
        "Total Operating Income As Reported": 733000000.0,
        "Diluted Average Shares": 315700000.0,
        "Basic Average Shares": 315300000.0,
        "Diluted EPS": 1.44,
        "Basic EPS": 1.44,
        "Diluted NI Availto Com Stockholders": 454000000.0,
        "Net Income Common Stockholders": 454000000.0,
        "Net Income": 454000000.0,
        "Minority Interests": 0.0,
        "Net Income Including Noncontrolling Interests": 454000000.0,
        "Net Income Continuous Operations": 454000000.0,
        "Tax Provision": 145000000.0,
        "Pretax Income": 599000000.0,
        "Other Income Expense": -2000000.0,
        "Other Non Operating Income Expenses": 13000000.0,
        "Special Income Charges": -6000000.0,
        "Gain On Sale Of Business": 0.0,
        "Other Special Charges": NaN,
        "Restructuring And Mergern Acquisition": 6000000.0,
        "Earnings From Equity Interest": -9000000.0,
        "Net Non Operating Interest Income Expense": -138000000.0,
        "Interest Expense Non Operating": 139000000.0,
        "Interest Income Non Operating": 1000000.0,
        "Operating Income": 739000000.0,
        "Operating Expense": 840000000.0,
        "Other Operating Expenses": 27000000.0,
        "Provision For Doubtful Accounts": 7000000.0,
        "Depreciation Amortization Depletion Income Statement": 399000000.0,
        "Depletion Income Statement": NaN,
        "Depreciation And Amortization In Income Statement": NaN,
        "Amortization": NaN,
        "Amortization Of Intangibles Income Statement": NaN,
        "Depreciation Income Statement": NaN,
        "Selling General And Administration": 407000000.0,
        "General And Administrative Expense": 407000000.0,
        "Other Gand A": 127000000.0,
        "Salaries And Wages": 280000000.0,
        "Gross Profit": 1579000000.0,
        "Cost Of Revenue": 2283000000.0,
        "Total Revenue": 3862000000.0,
        "Operating Revenue": 3769000000.0
    },
    "2024-06-30": {
        "Tax Effect Of Unusual Items": -868000.0,
        "Tax Rate For Calcs": 0.217,
        "Normalized EBITDA": 1225000000.0,
        "Total Unusual Items": -4000000.0,
        "Total Unusual Items Excluding Goodwill": -4000000.0,
        "Net Income From Continuing Operation Net Minority Interest": 512000000.0,
        "Reconciled Depreciation": 439000000.0,
        "Reconciled Cost Of Revenue": 2357000000.0,
        "EBITDA": 1221000000.0,
        "EBIT": 782000000.0,
        "Net Interest Income": -127000000.0,
        "Interest Expense": 128000000.0,
        "Interest Income": 1000000.0,
        "Normalized Income": 515132000.0,
        "Net Income From Continuing And Discontinued Operation": 512000000.0,
        "Total Expenses": 3230000000.0,
        "Total Operating Income As Reported": 814000000.0,
        "Diluted Average Shares": 315200000.0,
        "Basic Average Shares": 314900000.0,
        "Diluted EPS": 1.62,
        "Basic EPS": 1.62,
        "Diluted NI Availto Com Stockholders": 512000000.0,
        "Net Income Common Stockholders": 512000000.0,
        "Net Income": 512000000.0,
        "Minority Interests": 0.0,
        "Net Income Including Noncontrolling Interests": 512000000.0,
        "Net Income Continuous Operations": 512000000.0,
        "Tax Provision": 142000000.0,
        "Pretax Income": 654000000.0,
        "Other Income Expense": -37000000.0,
        "Other Non Operating Income Expenses": 1000000.0,
        "Special Income Charges": -4000000.0,
        "Gain On Sale Of Business": 2000000.0,
        "Other Special Charges": NaN,
        "Restructuring And Mergern Acquisition": 6000000.0,
        "Earnings From Equity Interest": -34000000.0,
        "Net Non Operating Interest Income Expense": -127000000.0,
        "Interest Expense Non Operating": 128000000.0,
        "Interest Income Non Operating": 1000000.0,
        "Operating Income": 818000000.0,
        "Operating Expense": 847000000.0,
        "Other Operating Expenses": 27000000.0,
        "Provision For Doubtful Accounts": 12000000.0,
        "Depreciation Amortization Depletion Income Statement": 413000000.0,
        "Depletion Income Statement": 131000000.0,
        "Depreciation And Amortization In Income Statement": 282000000.0,
        "Amortization": 38000000.0,
        "Amortization Of Intangibles Income Statement": 38000000.0,
        "Depreciation Income Statement": 244000000.0,
        "Selling General And Administration": 395000000.0,
        "General And Administrative Expense": 395000000.0,
        "Other Gand A": 119000000.0,
        "Salaries And Wages": 276000000.0,
        "Gross Profit": 1665000000.0,
        "Cost Of Revenue": 2383000000.0,
        "Total Revenue": 4048000000.0,
        "Operating Revenue": 3844000000.0
    },
    "2024-09-30": {
        "Tax Effect Of Unusual Items": -1387500.0,
        "Tax Rate For Calcs": 0.125,
        "Normalized EBITDA": 1245100000.0,
        "Total Unusual Items": -11100000.0,
        "Total Unusual Items Excluding Goodwill": -11100000.0,
        "Net Income From Continuing Operation Net Minority Interest": 565700000.0,
        "Reconciled Depreciation": 449300000.0,
        "Reconciled Cost Of Revenue": 2339600000.0,
        "EBITDA": 1234000000.0,
        "EBIT": 784700000.0,
        "Net Interest Income": -133900000.0,
        "Interest Expense": 138200000.0,
        "Interest Income": 4300000.0,
        "Normalized Income": 575412500.0,
        "Net Income From Continuing And Discontinued Operation": 565700000.0,
        "Total Expenses": 3221600000.0,
        "Total Operating Income As Reported": 845900000.0,
        "Diluted Average Shares": 314400000.0,
        "Basic Average Shares": 314000000.0,
        "Diluted EPS": 1.8,
        "Basic EPS": 1.8,
        "Diluted NI Availto Com Stockholders": 565700000.0,
        "Net Income Common Stockholders": 565700000.0,
        "Net Income": 565700000.0,
        "Minority Interests": -200000.0,
        "Net Income Including Noncontrolling Interests": 565900000.0,
        "Net Income Continuous Operations": 565900000.0,
        "Tax Provision": 80600000.0,
        "Pretax Income": 646500000.0,
        "Other Income Expense": -74200000.0,
        "Other Non Operating Income Expenses": 10300000.0,
        "Special Income Charges": -11100000.0,
        "Gain On Sale Of Business": -500000.0,
        "Other Special Charges": 2400000.0,
        "Restructuring And Mergern Acquisition": 8200000.0,
        "Earnings From Equity Interest": -73400000.0,
        "Net Non Operating Interest Income Expense": -133900000.0,
        "Interest Expense Non Operating": 138200000.0,
        "Interest Income Non Operating": 4300000.0,
        "Operating Income": 854600000.0,
        "Operating Expense": 854700000.0,
        "Other Operating Expenses": 26700000.0,
        "Provision For Doubtful Accounts": 0.0,
        "Depreciation Amortization Depletion Income Statement": 422000000.0,
        "Depletion Income Statement": 127600000.0,
        "Depreciation And Amortization In Income Statement": 294400000.0,
        "Amortization": 39500000.0,
        "Amortization Of Intangibles Income Statement": 39500000.0,
        "Depreciation Income Statement": 254900000.0,
        "Selling General And Administration": 406000000.0,
        "General And Administrative Expense": 406000000.0,
        "Other Gand A": 127500000.0,
        "Salaries And Wages": 278500000.0,
        "Gross Profit": 1709300000.0,
        "Cost Of Revenue": 2366900000.0,
        "Total Revenue": 4076200000.0,
        "Operating Revenue": 3978500000.0
    },
    "2024-12-31": {
        "Tax Effect Of Unusual Items": -333696.264314,
        "Tax Rate For Calcs": 0.03792,
        "Normalized EBITDA": 1144400000.0,
        "Total Unusual Items": -8800000.0,
        "Total Unusual Items Excluding Goodwill": -8800000.0,
        "Net Income From Continuing Operation Net Minority Interest": 512000000.0,
        "Reconciled Depreciation": 469700000.0,
        "Reconciled Cost Of Revenue": 2290400000.0,
        "EBITDA": 1135600000.0,
        "EBIT": 665900000.0,
        "Net Interest Income": -131600000.0,
        "Interest Expense": 133200000.0,
        "Interest Income": 1600000.0,
        "Normalized Income": 520466303.735686,
        "Net Income From Continuing And Discontinued Operation": 512000000.0,
        "Total Expenses": 3233400000.0,
        "Total Operating Income As Reported": 803400000.0,
        "Diluted Average Shares": 313800000.0,
        "Basic Average Shares": 313400000.0,
        "Diluted EPS": 1.63,
        "Basic EPS": 1.63,
        "Diluted NI Availto Com Stockholders": 512000000.0,
        "Net Income Common Stockholders": 512000000.0,
        "Net Income": 512000000.0,
        "Minority Interests": -500000.0,
        "Net Income Including Noncontrolling Interests": 512500000.0,
        "Net Income Continuous Operations": 512500000.0,
        "Tax Provision": 20200000.0,
        "Pretax Income": 532700000.0,
        "Other Income Expense": -148300000.0,
        "Other Non Operating Income Expenses": -500000.0,
        "Special Income Charges": -8800000.0,
        "Gain On Sale Of Business": 100000.0,
        "Other Special Charges": -400000.0,
        "Restructuring And Mergern Acquisition": 9300000.0,
        "Earnings From Equity Interest": -139000000.0,
        "Net Non Operating Interest Income Expense": -131600000.0,
        "Interest Expense Non Operating": 133200000.0,
        "Interest Income Non Operating": 1600000.0,
        "Operating Income": 812600000.0,
        "Operating Expense": 916100000.0,
        "Other Operating Expenses": 26900000.0,
        "Provision For Doubtful Accounts": 7100000.0,
        "Depreciation Amortization Depletion Income Statement": 442800000.0,
        "Depletion Income Statement": 135500000.0,
        "Depreciation And Amortization In Income Statement": 307300000.0,
        "Amortization": 48000000.0,
        "Amortization Of Intangibles Income Statement": 48000000.0,
        "Depreciation Income Statement": 259300000.0,
        "Selling General And Administration": 439300000.0,
        "General And Administrative Expense": 439300000.0,
        "Other Gand A": 144400000.0,
        "Salaries And Wages": 294900000.0,
        "Gross Profit": 1728700000.0,
        "Cost Of Revenue": 2317300000.0,
        "Total Revenue": 4046000000.0,
        "Operating Revenue": 3545400000.0
    },
    "2025-03-31": {
        "Tax Effect Of Unusual Items": -512000.0,
        "Tax Rate For Calcs": 0.256,
        "Normalized EBITDA": 1269000000.0,
        "Total Unusual Items": -2000000.0,
        "Total Unusual Items Excluding Goodwill": -2000000.0,
        "Net Income From Continuing Operation Net Minority Interest": 495000000.0,
        "Reconciled Depreciation": 462000000.0,
        "Reconciled Cost Of Revenue": 2285000000.0,
        "EBITDA": 1267000000.0,
        "EBIT": 805000000.0,
        "Net Interest Income": -138000000.0,
        "Interest Expense": 140000000.0,
        "Interest Income": 2000000.0,
        "Normalized Income": 496488000.0,
        "Net Income From Continuing And Discontinued Operation": 495000000.0,
        "Total Expenses": 3202000000.0,
        "Total Operating Income As Reported": 804000000.0,
        "Diluted Average Shares": 313300000.0,
        "Basic Average Shares": 313000000.0,
        "Diluted EPS": 1.58,
        "Basic EPS": 1.58,
        "Diluted NI Availto Com Stockholders": 495000000.0,
        "Net Income Common Stockholders": 495000000.0,
        "Net Income": 495000000.0,
        "Minority Interests": 0.0,
        "Net Income Including Noncontrolling Interests": 495000000.0,
        "Net Income Continuous Operations": 495000000.0,
        "Tax Provision": 170000000.0,
        "Pretax Income": 665000000.0,
        "Other Income Expense": -3000000.0,
        "Other Non Operating Income Expenses": 11000000.0,
        "Special Income Charges": -2000000.0,
        "Gain On Sale Of Business": 2000000.0,
        "Other Special Charges": NaN,
        "Restructuring And Mergern Acquisition": 4000000.0,
        "Earnings From Equity Interest": -12000000.0,
        "Net Non Operating Interest Income Expense": -138000000.0,
        "Interest Expense Non Operating": 140000000.0,
        "Interest Income Non Operating": 2000000.0,
        "Operating Income": 807000000.0,
        "Operating Expense": 888000000.0,
        "Other Operating Expenses": 28000000.0,
        "Provision For Doubtful Accounts": 10000000.0,
        "Depreciation Amortization Depletion Income Statement": 433000000.0,
        "Depletion Income Statement": 128000000.0,
        "Depreciation And Amortization In Income Statement": 305000000.0,
        "Amortization": 45000000.0,
        "Amortization Of Intangibles Income Statement": 45000000.0,
        "Depreciation Income Statement": 260000000.0,
        "Selling General And Administration": 417000000.0,
        "General And Administrative Expense": 417000000.0,
        "Other Gand A": 124000000.0,
        "Salaries And Wages": 293000000.0,
        "Gross Profit": 1695000000.0,
        "Cost Of Revenue": 2314000000.0,
        "Total Revenue": 4009000000.0,
        "Operating Revenue": 3909000000.0
    },
    "2025-06-30": {
        "Tax Effect Of Unusual Items": -2125000.0,
        "Tax Rate For Calcs": 0.236,
        "Normalized EBITDA": 1366000000.0,
        "Total Unusual Items": -9000000.0,
        "Total Unusual Items Excluding Goodwill": -9000000.0,
        "Net Income From Continuing Operation Net Minority Interest": 550000000.0,
        "Reconciled Depreciation": 492000000.0,
        "Reconciled Cost Of Revenue": 2420000000.0,
        "EBITDA": 1357000000.0,
        "EBIT": 865000000.0,
        "Net Interest Income": -143000000.0,
        "Interest Expense": 145000000.0,
        "Interest Income": 2000000.0,
        "Normalized Income": 556876000.0,
        "Net Income From Continuing And Discontinued Operation": 550000000.0,
        "Total Expenses": 3365000000.0,
        "Total Operating Income As Reported": 861000000.0,
        "Diluted Average Shares": 313400000.0,
        "Basic Average Shares": 313100000.0,
        "Diluted EPS": 1.75,
        "Basic EPS": 1.76,
        "Diluted NI Availto Com Stockholders": 550000000.0,
        "Net Income Common Stockholders": 550000000.0,
        "Net Income": 550000000.0,
        "Minority Interests": 0.0,
        "Net Income Including Noncontrolling Interests": 550000000.0,
        "Net Income Continuous Operations": 550000000.0,
        "Tax Provision": 170000000.0,
        "Pretax Income": 720000000.0,
        "Other Income Expense": -7000000.0,
        "Other Non Operating Income Expenses": 4000000.0,
        "Special Income Charges": -9000000.0,
        "Gain On Sale Of Business": -3000000.0,
        "Other Special Charges": NaN,
        "Restructuring And Mergern Acquisition": 6000000.0,
        "Earnings From Equity Interest": -2000000.0,
        "Net Non Operating Interest Income Expense": -143000000.0,
        "Interest Expense Non Operating": 145000000.0,
        "Interest Income Non Operating": 2000000.0,
        "Operating Income": 870000000.0,
        "Operating Expense": 916000000.0,
        "Other Operating Expenses": 28000000.0,
        "Provision For Doubtful Accounts": 8000000.0,
        "Depreciation Amortization Depletion Income Statement": 463000000.0,
        "Depletion Income Statement": 150000000.0,
        "Depreciation And Amortization In Income Statement": 313000000.0,
        "Amortization": 48000000.0,
        "Amortization Of Intangibles Income Statement": 48000000.0,
        "Depreciation Income Statement": 265000000.0,
        "Selling General And Administration": 417000000.0,
        "General And Administrative Expense": 417000000.0,
        "Other Gand A": 137000000.0,
        "Salaries And Wages": 280000000.0,
        "Gross Profit": 1786000000.0,
        "Cost Of Revenue": 2449000000.0,
        "Total Revenue": 4235000000.0,
        "Operating Revenue": 4021000000.0
    }
}