{
    "2023-06-30": {
        "Tax Effect Of Unusual Items": NaN,
        "Tax Rate For Calcs": NaN,
        "Normalized EBITDA": NaN,
        "Net Income From Continuing Operation Net Minority Interest": NaN,
        "Reconciled Depreciation": NaN,
        "Reconciled Cost Of Revenue": NaN,
        "EBITDA": NaN,
        "EBIT": NaN,
        "Net Interest Income": NaN,
        "Interest Expense": NaN,
        "Interest Income": NaN,
        "Normalized Income": NaN,
        "Net Income From Continuing And Discontinued Operation": NaN,
        "Total Expenses": NaN,
        "Total Operating Income As Reported": NaN,
        "Diluted Average Shares": NaN,
        "Basic Average Shares": NaN,
        "Diluted EPS": NaN,
        "Basic EPS": NaN,
        "Diluted NI Availto Com Stockholders": NaN,
        "Net Income Common Stockholders": NaN,
        "Net Income": NaN,
        "Minority Interests": NaN,
        "Net Income Including Noncontrolling Interests": NaN,
        "Net Income Discontinuous Operations": 0.0,
        "Net Income Continuous Operations": NaN,
        "Tax Provision": NaN,
        "Pretax Income": NaN,
        "Other Income Expense": NaN,
        "Other Non Operating Income Expenses": NaN,
        "Net Non Operating Interest Income Expense": NaN,
        "Interest Expense Non Operating": NaN,
        "Interest Income Non Operating": NaN,
        "Operating Income": NaN,
        "Operating Expense": NaN,
        "Other Operating Expenses": NaN,
        "Research And Development": NaN,
        "Selling General And Administration": NaN,
        "General And Administrative Expense": 1153000000.0,
        "Other Gand A": 1600000000.0,
        "Salaries And Wages": -447000000.0,
        "Gross Profit": NaN,
        "Cost Of Revenue": NaN,
        "Total Revenue": NaN,
        "Operating Revenue": NaN
    },
    "2023-03-31": {
        "Tax Effect Of Unusual Items": NaN,
        "Tax Rate For Calcs": NaN,
        "Normalized EBITDA": NaN,
        "Net Income From Continuing Operation Net Minority Interest": NaN,
        "Reconciled Depreciation": NaN,
        "Reconciled Cost Of Revenue": NaN,
        "EBITDA": NaN,
        "EBIT": NaN,
        "Net Interest Income": NaN,
        "Interest Expense": NaN,
        "Interest Income": NaN,
        "Normalized Income": NaN,
        "Net Income From Continuing And Discontinued Operation": NaN,
        "Total Expenses": NaN,
        "Total Operating Income As Reported": NaN,
        "Diluted Average Shares": NaN,
        "Basic Average Shares": NaN,
        "Diluted EPS": NaN,
        "Basic EPS": NaN,
        "Diluted NI Availto Com Stockholders": NaN,
        "Net Income Common Stockholders": NaN,
        "Net Income": NaN,
        "Minority Interests": NaN,
        "Net Income Including Noncontrolling Interests": NaN,
        "Net Income Discontinuous Operations": 0.0,
        "Net Income Continuous Operations": NaN,
        "Tax Provision": NaN,
        "Pretax Income": NaN,
        "Other Income Expense": NaN,
        "Other Non Operating Income Expenses": NaN,
        "Net Non Operating Interest Income Expense": NaN,
        "Interest Expense Non Operating": NaN,
        "Interest Income Non Operating": NaN,
        "Operating Income": NaN,
        "Operating Expense": NaN,
        "Other Operating Expenses": NaN,
        "Research And Development": NaN,
        "Selling General And Administration": NaN,
        "General And Administrative Expense": 919000000.0,
        "Other Gand A": 1363000000.0,
        "Salaries And Wages": -444000000.0,
        "Gross Profit": NaN,
        "Cost Of Revenue": NaN,
        "Total Revenue": NaN,
        "Operating Revenue": NaN
    },
    "2022-12-31": {
        "Tax Effect Of Unusual Items": NaN,
        "Tax Rate For Calcs": NaN,
        "Normalized EBITDA": NaN,
        "Net Income From Continuing Operation Net Minority Interest": NaN,
        "Reconciled Depreciation": NaN,
        "Reconciled Cost Of Revenue": NaN,
        "EBITDA": NaN,
        "EBIT": NaN,
        "Net Interest Income": NaN,
        "Interest Expense": NaN,
        "Interest Income": NaN,
        "Normalized Income": NaN,
        "Net Income From Continuing And Discontinued Operation": NaN,
        "Total Expenses": NaN,
        "Total Operating Income As Reported": NaN,
        "Diluted Average Shares": NaN,
        "Basic Average Shares": NaN,
        "Diluted EPS": NaN,
        "Basic EPS": NaN,
        "Diluted NI Availto Com Stockholders": NaN,
        "Net Income Common Stockholders": NaN,
        "Net Income": NaN,
        "Minority Interests": NaN,
        "Net Income Including Noncontrolling Interests": NaN,
        "Net Income Discontinuous Operations": 0.0,
        "Net Income Continuous Operations": NaN,
        "Tax Provision": NaN,
        "Pretax Income": NaN,
        "Other Income Expense": NaN,
        "Other Non Operating Income Expenses": NaN,
        "Net Non Operating Interest Income Expense": NaN,
        "Interest Expense Non Operating": NaN,
        "Interest Income Non Operating": NaN,
        "Operating Income": NaN,
        "Operating Expense": NaN,
        "Other Operating Expenses": NaN,
        "Research And Development": NaN,
        "Selling General And Administration": NaN,
        "General And Administrative Expense": NaN,
        "Other Gand A": NaN,
        "Salaries And Wages": NaN,
        "Gross Profit": NaN,
        "Cost Of Revenue": NaN,
        "Total Revenue": NaN,
        "Operating Revenue": NaN
    },
    "2022-09-30": {
        "Tax Effect Of Unusual Items": 0.0,
        "Tax Rate For Calcs": 0.148,
        "Normalized EBITDA": 3010000000.0,
        "Total Unusual Items": NaN,
        "Total Unusual Items Excluding Goodwill": NaN,
        "Net Income From Continuing Operation Net Minority Interest": 1387000000.0,
        "Reconciled Depreciation": 1047000000.0,
        "Reconciled Cost Of Revenue": 13464000000.0,
        "EBITDA": 3010000000.0,
        "EBIT": 1963000000.0,
        "Net Interest Income": -316000000.0,
        "Interest Expense": 326000000.0,
        "Interest Income": 10000000.0,
        "Normalized Income": 1387000000.0,
        "Net Income From Continuing And Discontinued Operation": 1387000000.0,
        "Total Expenses": 15471000000.0,
        "Total Operating Income As Reported": 1480000000.0,
        "Diluted Average Shares": 1479300000.0,
        "Basic Average Shares": 1470100000.0,
        "Diluted EPS": 0.94,
        "Basic EPS": 0.94,
        "Diluted NI Availto Com Stockholders": 1387000000.0,
        "Net Income Common Stockholders": 1387000000.0,
        "Net Income": 1387000000.0,
        "Minority Interests": -8000000.0,
        "Net Income Including Noncontrolling Interests": 1395000000.0,
        "Net Income Discontinuous Operations": 0.0,
        "Net Income Continuous Operations": 1395000000.0,
        "Tax Provision": 242000000.0,
        "Pretax Income": 1637000000.0,
        "Other Income Expense": 473000000.0,
        "Other Non Operating Income Expenses": 473000000.0,
        "Special Income Charges": NaN,
        "Net Non Operating Interest Income Expense": -316000000.0,
        "Interest Expense Non Operating": 326000000.0,
        "Interest Income Non Operating": 10000000.0,
        "Operating Income": 1480000000.0,
        "Operating Expense": 2007000000.0,
        "Other Operating Expenses": -46000000.0,
        "Research And Development": 662000000.0,
        "Selling General And Administration": 1391000000.0,
        "Gross Profit": 3487000000.0,
        "Cost Of Revenue": 13464000000.0,
        "Total Revenue": 16951000000.0,
        "Operating Revenue": 16951000000.0
    },
    "2022-06-30": {
        "Tax Effect Of Unusual Items": 0.0,
        "Tax Rate For Calcs": 0.107,
        "Normalized EBITDA": 2817000000.0,
        "Total Unusual Items": NaN,
        "Total Unusual Items Excluding Goodwill": NaN,
        "Net Income From Continuing Operation Net Minority Interest": 1304000000.0,
        "Reconciled Depreciation": 999000000.0,
        "Reconciled Cost Of Revenue": 12856000000.0,
        "EBITDA": 2817000000.0,
        "EBIT": 1818000000.0,
        "Net Interest Income": -307000000.0,
        "Interest Expense": 320000000.0,
        "Interest Income": 13000000.0,
        "Normalized Income": 1304000000.0,
        "Net Income From Continuing And Discontinued Operation": 1304000000.0,
        "Total Expenses": 14961000000.0,
        "Total Operating Income As Reported": 1353000000.0,
        "Diluted Average Shares": 1489600000.0,
        "Basic Average Shares": 1479200000.0,
        "Diluted EPS": 0.88,
        "Basic EPS": 0.88,
        "Diluted NI Availto Com Stockholders": 1304000000.0,
        "Net Income Common Stockholders": 1304000000.0,
        "Net Income": 1304000000.0,
        "Minority Interests": -34000000.0,
        "Net Income Including Noncontrolling Interests": 1338000000.0,
        "Net Income Discontinuous Operations": 0.0,
        "Net Income Continuous Operations": 1338000000.0,
        "Tax Provision": 160000000.0,
        "Pretax Income": 1498000000.0,
        "Other Income Expense": 452000000.0,
        "Other Non Operating Income Expenses": 452000000.0,
        "Special Income Charges": NaN,
        "Net Non Operating Interest Income Expense": -307000000.0,
        "Interest Expense Non Operating": 320000000.0,
        "Interest Income Non Operating": 13000000.0,
        "Operating Income": 1353000000.0,
        "Operating Expense": 2105000000.0,
        "Other Operating Expenses": -17000000.0,
        "Research And Development": 698000000.0,
        "Selling General And Administration": 1424000000.0,
        "Gross Profit": 3458000000.0,
        "Cost Of Revenue": 12856000000.0,
        "Total Revenue": 16314000000.0,
        "Operating Revenue": 16314000000.0
    },
    "2022-03-31": {
        "Diluted EPS": 0.72,
        "Total Revenue": NaN,
        "Gross Profit": NaN,
        "Operating Income": NaN,
        "EBIT": NaN,
        "Net Income": NaN
    },
    "2021-12-31": {
        "Diluted EPS": 0.45,
        "Total Revenue": NaN,
        "Gross Profit": NaN,
        "Operating Income": NaN,
        "EBIT": NaN,
        "Net Income": 686
    },
    "2021-09-30": {
        "Diluted EPS": 0.93,
        "Total Revenue": NaN,
        "Gross Profit": NaN,
        "Operating Income": NaN,
        "EBIT": NaN,
        "Net Income": NaN
    },
    "2021-06-30": {
        "Diluted EPS": 0.68,
        "Total Revenue": NaN,
        "Gross Profit": NaN,
        "Operating Income": NaN,
        "EBIT": NaN,
        "Net Income": NaN
    },
    "2021-03-31": {
        "Diluted EPS": 0.5,
        "Total Revenue": NaN,
        "Gross Profit": NaN,
        "Operating Income": NaN,
        "EBIT": NaN,
        "Net Income": 753
    },
    "2020-12-31": {
        "Diluted EPS": -0.11,
        "Total Revenue": NaN,
        "Gross Profit": NaN,
        "Operating Income": 142,
        "EBIT": NaN,
        "Net Income": 135
    },
    "2020-09-30": {
        "Diluted EPS": 0.17,
        "Total Revenue": NaN,
        "Gross Profit": NaN,
        "Operating Income": 434,
        "EBIT": NaN,
        "Net Income": 264
    },
    "2020-06-30": {
        "Diluted EPS": -2.55,
        "Total Revenue": NaN,
        "Gross Profit": NaN,
        "Operating Income": NaN,
        "EBIT": 534,
        "Net Income": NaN
    },
    "2020-03-31": {
        "Diluted EPS": -0.1,
        "Total Revenue": NaN,
        "Gross Profit": NaN,
        "Operating Income": NaN,
        "EBIT": NaN,
        "Net Income": -83
    },
    "2019-12-31": {
        "Diluted EPS": 1.32,
        "Total Revenue": NaN,
        "Gross Profit": 454,
        "Operating Income": 53,
        "EBIT": 739,
        "Net Income": NaN
    },
    "2019-09-30": {
        "Diluted EPS": 1.33,
        "Total Revenue": NaN,
        "Gross Profit": NaN,
        "Operating Income": NaN,
        "EBIT": NaN,
        "Net Income": NaN
    },
    "2019-06-30": {
        "Diluted EPS": 2.2,
        "Total Revenue": NaN,
        "Gross Profit": NaN,
        "Operating Income": NaN,
        "EBIT": NaN,
        "Net Income": NaN
    },
    "2019-03-31": {
        "Diluted EPS": 1.56,
        "Total Revenue": NaN,
        "Gross Profit": NaN,
        "Operating Income": NaN,
        "EBIT": NaN,
        "Net Income": NaN
    },
    "2018-12-31": {
        "Diluted EPS": 0.78,
        "Total Revenue": NaN,
        "Gross Profit": NaN,
        "Operating Income": NaN,
        "EBIT": NaN,
        "Net Income": 686
    },
    "2018-09-30": {
        "Diluted EPS": 1.54,
        "Total Revenue": NaN,
        "Gross Profit": NaN,
        "Operating Income": NaN,
        "EBIT": NaN,
        "Net Income": NaN
    },
    "2018-06-30": {
        "Diluted EPS": 2.56,
        "Total Revenue": NaN,
        "Gross Profit": NaN,
        "Operating Income": NaN,
        "EBIT": NaN,
        "Net Income": NaN
    },
    "2018-03-31": {
        "Diluted EPS": 1.62,
        "Total Revenue": NaN,
        "Gross Profit": NaN,
        "Operating Income": NaN,
        "EBIT": NaN,
        "Net Income": NaN
    },
    "2017-12-31": {
        "Diluted EPS": 0.5,
        "Total Revenue": NaN,
        "Gross Profit": NaN,
        "Operating Income": NaN,
        "EBIT": NaN,
        "Net Income": 397
    },
    "2017-09-30": {
        "Diluted EPS": 1.67,
        "Total Revenue": NaN,
        "Gross Profit": NaN,
        "Operating Income": NaN,
        "EBIT": NaN,
        "Net Income": NaN
    },
    "2017-06-30": {
        "Diluted EPS": 1.8,
        "Total Revenue": NaN,
        "Gross Profit": NaN,
        "Operating Income": NaN,
        "EBIT": NaN,
        "Net Income": NaN
    },
    "2017-03-31": {
        "Diluted EPS": 1.73,
        "Total Revenue": NaN,
        "Gross Profit": NaN,
        "Operating Income": NaN,
        "EBIT": NaN,
        "Net Income": NaN
    },
    "2016-12-31": {
        "Diluted EPS": 1.27,
        "Total Revenue": NaN,
        "Gross Profit": NaN,
        "Operating Income": NaN,
        "EBIT": NaN,
        "Net Income": NaN
    },
    "2016-09-30": {
        "Diluted EPS": 1.78,
        "Total Revenue": NaN,
        "Gross Profit": NaN,
        "Operating Income": NaN,
        "EBIT": NaN,
        "Net Income": NaN
    },
    "2016-06-30": {
        "Diluted EPS": 1.65,
        "Total Revenue": NaN,
        "Gross Profit": NaN,
        "Operating Income": NaN,
        "EBIT": NaN,
        "Net Income": NaN
    },
    "2016-03-31": {
        "Diluted EPS": 1.42,
        "Total Revenue": NaN,
        "Gross Profit": NaN,
        "Operating Income": NaN,
        "EBIT": NaN,
        "Net Income": NaN
    },
    "2015-12-31": {
        "Diluted EPS": 3.76,
        "Total Revenue": NaN,
        "Gross Profit": NaN,
        "Operating Income": 392,
        "EBIT": 854,
        "Net Income": NaN
    },
    "2015-09-30": {
        "Diluted EPS": 1.54,
        "Total Revenue": NaN,
        "Gross Profit": NaN,
        "Operating Income": NaN,
        "EBIT": NaN,
        "Net Income": NaN
    },
    "2015-06-30": {
        "Diluted EPS": 1.73,
        "Total Revenue": NaN,
        "Gross Profit": NaN,
        "Operating Income": NaN,
        "EBIT": NaN,
        "Net Income": NaN
    },
    "2015-03-31": {
        "Diluted EPS": 1.58,
        "Total Revenue": NaN,
        "Gross Profit": NaN,
        "Operating Income": NaN,
        "EBIT": NaN,
        "Net Income": NaN
    },
    "2014-12-31": {
        "Diluted EPS": 1.62,
        "Total Revenue": NaN,
        "Gross Profit": NaN,
        "Operating Income": NaN,
        "EBIT": NaN,
        "Net Income": NaN
    },
    "2014-09-30": {
        "Diluted EPS": 2.04,
        "Total Revenue": NaN,
        "Gross Profit": NaN,
        "Operating Income": NaN,
        "EBIT": NaN,
        "Net Income": NaN
    },
    "2014-06-30": {
        "Diluted EPS": 1.84,
        "Total Revenue": NaN,
        "Gross Profit": NaN,
        "Operating Income": NaN,
        "EBIT": NaN,
        "Net Income": NaN
    },
    "2014-03-31": {
        "Diluted EPS": 1.32,
        "Total Revenue": NaN,
        "Gross Profit": NaN,
        "Operating Income": NaN,
        "EBIT": NaN,
        "Net Income": NaN
    },
    "2013-12-31": {
        "Diluted EPS": 1.58,
        "Total Revenue": NaN,
        "Gross Profit": NaN,
        "Operating Income": NaN,
        "EBIT": NaN,
        "Net Income": NaN
    },
    "2013-09-30": {
        "Diluted EPS": 1.57,
        "Total Revenue": NaN,
        "Gross Profit": NaN,
        "Operating Income": NaN,
        "EBIT": NaN,
        "Net Income": NaN
    },
    "2013-06-30": {
        "Diluted EPS": 1.71,
        "Total Revenue": NaN,
        "Gross Profit": NaN,
        "Operating Income": NaN,
        "EBIT": NaN,
        "Net Income": NaN
    },
    "2013-03-31": {
        "Diluted EPS": 1.39,
        "Total Revenue": NaN,
        "Gross Profit": NaN,
        "Operating Income": NaN,
        "EBIT": NaN,
        "Net Income": NaN
    },
    "2012-12-31": {
        "Diluted EPS": 2.27,
        "Total Revenue": NaN,
        "Gross Profit": NaN,
        "Operating Income": NaN,
        "EBIT": NaN,
        "Net Income": NaN
    },
    "2012-09-30": {
        "Diluted EPS": 1.56,
        "Total Revenue": NaN,
        "Gross Profit": NaN,
        "Operating Income": NaN,
        "EBIT": NaN,
        "Net Income": NaN
    },
    "2012-06-30": {
        "Diluted EPS": 1.47,
        "Total Revenue": NaN,
        "Gross Profit": NaN,
        "Operating Income": NaN,
        "EBIT": NaN,
        "Net Income": NaN
    },
    "2012-03-31": {
        "Diluted EPS": 0.36,
        "Total Revenue": NaN,
        "Gross Profit": NaN,
        "Operating Income": NaN,
        "EBIT": NaN,
        "Net Income": 330
    },
    "2011-12-31": {
        "Diluted EPS": 1.46,
        "Total Revenue": NaN,
        "Gross Profit": NaN,
        "Operating Income": NaN,
        "EBIT": NaN,
        "Net Income": NaN
    },
    "2011-09-30": {
        "Diluted EPS": 1.47,
        "Total Revenue": NaN,
        "Gross Profit": NaN,
        "Operating Income": NaN,
        "EBIT": NaN,
        "Net Income": NaN
    },
    "2011-06-30": {
        "Diluted EPS": 1.45,
        "Total Revenue": NaN,
        "Gross Profit": NaN,
        "Operating Income": NaN,
        "EBIT": NaN,
        "Net Income": NaN
    },
    "2011-03-31": {
        "Diluted EPS": 1.11,
        "Total Revenue": NaN,
        "Gross Profit": NaN,
        "Operating Income": NaN,
        "EBIT": NaN,
        "Net Income": NaN
    },
    "2010-12-31": {
        "Diluted EPS": 1.31,
        "Total Revenue": NaN,
        "Gross Profit": NaN,
        "Operating Income": NaN,
        "EBIT": NaN,
        "Net Income": NaN
    },
    "2010-09-30": {
        "Diluted EPS": 1.3,
        "Total Revenue": NaN,
        "Gross Profit": NaN,
        "Operating Income": NaN,
        "EBIT": NaN,
        "Net Income": NaN
    },
    "2010-06-30": {
        "Diluted EPS": 1.2,
        "Total Revenue": NaN,
        "Gross Profit": NaN,
        "Operating Income": NaN,
        "EBIT": NaN,
        "Net Income": NaN
    },
    "2010-03-31": {
        "Diluted EPS": 0.93,
        "Total Revenue": NaN,
        "Gross Profit": NaN,
        "Operating Income": NaN,
        "EBIT": NaN,
        "Net Income": 866
    },
    "2009-12-31": {
        "Diluted EPS": 1.15,
        "Total Revenue": NaN,
        "Gross Profit": NaN,
        "Operating Income": NaN,
        "EBIT": NaN,
        "Net Income": NaN
    },
    "2009-09-30": {
        "Diluted EPS": 1.14,
        "Total Revenue": NaN,
        "Gross Profit": NaN,
        "Operating Income": NaN,
        "EBIT": NaN,
        "Net Income": NaN
    },
    "2009-06-30": {
        "Diluted EPS": 1.05,
        "Total Revenue": NaN,
        "Gross Profit": NaN,
        "Operating Income": NaN,
        "EBIT": NaN,
        "Net Income": 976
    },
    "2009-03-31": {
        "Diluted EPS": 0.78,
        "Total Revenue": NaN,
        "Gross Profit": NaN,
        "Operating Income": NaN,
        "EBIT": NaN,
        "Net Income": 722
    },
    "2023-09-30": {
        "Tax Effect Of Unusual Items": NaN,
        "Tax Rate For Calcs": NaN,
        "Normalized EBITDA": NaN,
        "Net Income From Continuing Operation Net Minority Interest": NaN,
        "Reconciled Depreciation": NaN,
        "Reconciled Cost Of Revenue": NaN,
        "EBITDA": NaN,
        "EBIT": NaN,
        "Net Interest Income": NaN,
        "Interest Expense": NaN,
        "Interest Income": NaN,
        "Normalized Income": NaN,
        "Net Income From Continuing And Discontinued Operation": NaN,
        "Total Expenses": NaN,
        "Total Operating Income As Reported": NaN,
        "Diluted Average Shares": NaN,
        "Basic Average Shares": NaN,
        "Diluted EPS": NaN,
        "Basic EPS": NaN,
        "Diluted NI Availto Com Stockholders": NaN,
        "Net Income Common Stockholders": NaN,
        "Net Income": NaN,
        "Minority Interests": NaN,
        "Net Income Including Noncontrolling Interests": NaN,
        "Net Income Discontinuous Operations": 0.0,
        "Net Income Continuous Operations": NaN,
        "Tax Provision": NaN,
        "Pretax Income": NaN,
        "Other Income Expense": NaN,
        "Other Non Operating Income Expenses": NaN,
        "Net Non Operating Interest Income Expense": NaN,
        "Interest Expense Non Operating": NaN,
        "Interest Income Non Operating": NaN,
        "Operating Income": NaN,
        "Operating Expense": NaN,
        "Other Operating Expenses": NaN,
        "Research And Development": NaN,
        "Selling General And Administration": NaN,
        "General And Administrative Expense": NaN,
        "Other Gand A": NaN,
        "Salaries And Wages": NaN,
        "Gross Profit": NaN,
        "Cost Of Revenue": NaN,
        "Total Revenue": NaN,
        "Operating Revenue": NaN
    },
    "2023-12-31": {
        "Tax Effect Of Unusual Items": NaN,
        "Tax Rate For Calcs": NaN,
        "Normalized EBITDA": NaN,
        "Net Income From Continuing Operation Net Minority Interest": NaN,
        "Reconciled Depreciation": NaN,
        "Reconciled Cost Of Revenue": NaN,
        "EBITDA": NaN,
        "EBIT": NaN,
        "Net Interest Income": NaN,
        "Interest Expense": NaN,
        "Interest Income": NaN,
        "Normalized Income": NaN,
        "Net Income From Continuing And Discontinued Operation": NaN,
        "Total Expenses": NaN,
        "Total Operating Income As Reported": NaN,
        "Diluted Average Shares": NaN,
        "Basic Average Shares": NaN,
        "Diluted EPS": NaN,
        "Basic EPS": NaN,
        "Diluted NI Availto Com Stockholders": NaN,
        "Net Income Common Stockholders": NaN,
        "Net Income": NaN,
        "Minority Interests": NaN,
        "Net Income Including Noncontrolling Interests": NaN,
        "Net Income Discontinuous Operations": 0.0,
        "Net Income Continuous Operations": NaN,
        "Tax Provision": NaN,
        "Pretax Income": NaN,
        "Other Income Expense": NaN,
        "Other Non Operating Income Expenses": NaN,
        "Net Non Operating Interest Income Expense": NaN,
        "Interest Expense Non Operating": NaN,
        "Interest Income Non Operating": NaN,
        "Operating Income": NaN,
        "Operating Expense": NaN,
        "Other Operating Expenses": NaN,
        "Research And Development": NaN,
        "Selling General And Administration": NaN,
        "General And Administrative Expense": NaN,
        "Other Gand A": NaN,
        "Salaries And Wages": NaN,
        "Gross Profit": NaN,
        "Cost Of Revenue": NaN,
        "Total Revenue": NaN,
        "Operating Revenue": NaN
    },
    "2024-03-31": {
        "Tax Effect Of Unusual Items": NaN,
        "Tax Rate For Calcs": NaN,
        "Normalized EBITDA": NaN,
        "Net Income From Continuing Operation Net Minority Interest": NaN,
        "Reconciled Depreciation": NaN,
        "Reconciled Cost Of Revenue": NaN,
        "EBITDA": NaN,
        "EBIT": NaN,
        "Net Interest Income": NaN,
        "Interest Expense": NaN,
        "Interest Income": NaN,
        "Normalized Income": NaN,
        "Net Income From Continuing And Discontinued Operation": NaN,
        "Total Expenses": NaN,
        "Total Operating Income As Reported": NaN,
        "Diluted Average Shares": NaN,
        "Basic Average Shares": NaN,
        "Diluted EPS": NaN,
        "Basic EPS": NaN,
        "Diluted NI Availto Com Stockholders": NaN,
        "Net Income Common Stockholders": NaN,
        "Net Income": NaN,
        "Minority Interests": NaN,
        "Net Income Including Noncontrolling Interests": NaN,
        "Net Income Continuous Operations": NaN,
        "Tax Provision": NaN,
        "Pretax Income": NaN,
        "Other Income Expense": NaN,
        "Other Non Operating Income Expenses": NaN,
        "Net Non Operating Interest Income Expense": NaN,
        "Interest Expense Non Operating": NaN,
        "Interest Income Non Operating": NaN,
        "Operating Income": NaN,
        "Operating Expense": NaN,
        "Other Operating Expenses": NaN,
        "Research And Development": NaN,
        "Selling General And Administration": NaN,
        "General And Administrative Expense": 1008000000.0,
        "Other Gand A": 1394000000.0,
        "Salaries And Wages": -386000000.0,
        "Gross Profit": NaN,
        "Cost Of Revenue": NaN,
        "Total Revenue": NaN,
        "Operating Revenue": NaN
    },
    "2024-06-30": {
        "Tax Effect Of Unusual Items": NaN,
        "Tax Rate For Calcs": NaN,
        "Normalized EBITDA": NaN,
        "Net Income From Continuing Operation Net Minority Interest": NaN,
        "Reconciled Depreciation": NaN,
        "Reconciled Cost Of Revenue": NaN,
        "EBITDA": NaN,
        "EBIT": NaN,
        "Net Interest Income": NaN,
        "Interest Expense": NaN,
        "Interest Income": NaN,
        "Normalized Income": NaN,
        "Net Income From Continuing And Discontinued Operation": NaN,
        "Total Expenses": NaN,
        "Total Operating Income As Reported": NaN,
        "Diluted Average Shares": NaN,
        "Basic Average Shares": NaN,
        "Diluted EPS": NaN,
        "Basic EPS": NaN,
        "Diluted NI Availto Com Stockholders": NaN,
        "Net Income Common Stockholders": NaN,
        "Net Income": NaN,
        "Minority Interests": NaN,
        "Net Income Including Noncontrolling Interests": NaN,
        "Net Income Continuous Operations": NaN,
        "Tax Provision": NaN,
        "Pretax Income": NaN,
        "Other Income Expense": NaN,
        "Other Non Operating Income Expenses": NaN,
        "Net Non Operating Interest Income Expense": NaN,
        "Interest Expense Non Operating": NaN,
        "Interest Income Non Operating": NaN,
        "Operating Income": NaN,
        "Operating Expense": NaN,
        "Other Operating Expenses": NaN,
        "Research And Development": NaN,
        "Selling General And Administration": NaN,
        "General And Administrative Expense": 1075000000.0,
        "Other Gand A": 1449000000.0,
        "Salaries And Wages": -374000000.0,
        "Gross Profit": NaN,
        "Cost Of Revenue": NaN,
        "Total Revenue": NaN,
        "Operating Revenue": NaN
    },
    "2024-09-30": {
        "Tax Effect Of Unusual Items": 0.0,
        "Tax Rate For Calcs": 0.194648,
        "Normalized EBITDA": 3548000000.0,
        "Net Income From Continuing Operation Net Minority Interest": 1472000000.0,
        "Reconciled Depreciation": 1094000000.0,
        "Reconciled Cost Of Revenue": 16055000000.0,
        "EBITDA": 3548000000.0,
        "EBIT": 2454000000.0,
        "Net Interest Income": -503000000.0,
        "Interest Expense": 548000000.0,
        "Interest Income": 45000000.0,
        "Normalized Income": 1472000000.0,
        "Net Income From Continuing And Discontinued Operation": 1472000000.0,
        "Total Expenses": 18061000000.0,
        "Total Operating Income As Reported": 2028000000.0,
        "Diluted Average Shares": 1346200000.0,
        "Basic Average Shares": 1333200000.0,
        "Diluted EPS": 1.09,
        "Basic EPS": 1.1,
        "Diluted NI Availto Com Stockholders": 1472000000.0,
        "Net Income Common Stockholders": 1472000000.0,
        "Net Income": 1472000000.0,
        "Minority Interests": -63000000.0,
        "Net Income Including Noncontrolling Interests": 1535000000.0,
        "Net Income Continuous Operations": 1535000000.0,
        "Tax Provision": 371000000.0,
        "Pretax Income": 1906000000.0,
        "Other Income Expense": 381000000.0,
        "Other Non Operating Income Expenses": 381000000.0,
        "Net Non Operating Interest Income Expense": -503000000.0,
        "Interest Expense Non Operating": 548000000.0,
        "Interest Income Non Operating": 45000000.0,
        "Operating Income": 2028000000.0,
        "Operating Expense": 2006000000.0,
        "Other Operating Expenses": -134000000.0,
        "Research And Development": 751000000.0,
        "Selling General And Administration": 1389000000.0,
        "General And Administrative Expense": NaN,
        "Other Gand A": NaN,
        "Salaries And Wages": NaN,
        "Gross Profit": 4034000000.0,
        "Cost Of Revenue": 16055000000.0,
        "Total Revenue": 20089000000.0,
        "Operating Revenue": 20089000000.0
    },
    "2024-12-31": {
        "Tax Effect Of Unusual Items": 0.0,
        "Tax Rate For Calcs": 0.223494,
        "Normalized EBITDA": 3662000000.0,
        "Net Income From Continuing Operation Net Minority Interest": 1482000000.0,
        "Reconciled Depreciation": 1139000000.0,
        "Reconciled Cost Of Revenue": 17388000000.0,
        "EBITDA": 3662000000.0,
        "EBIT": 2523000000.0,
        "Net Interest Income": -487000000.0,
        "Interest Expense": 514000000.0,
        "Interest Income": 27000000.0,
        "Normalized Income": 1482000000.0,
        "Net Income From Continuing And Discontinued Operation": 1482000000.0,
        "Total Expenses": 19512000000.0,
        "Total Operating Income As Reported": 2111000000.0,
        "Diluted Average Shares": 1348900000.0,
        "Basic Average Shares": 1334400000.0,
        "Diluted EPS": 1.1,
        "Basic EPS": 1.11,
        "Diluted NI Availto Com Stockholders": 1482000000.0,
        "Net Income Common Stockholders": 1482000000.0,
        "Net Income": 1482000000.0,
        "Minority Interests": -78000000.0,
        "Net Income Including Noncontrolling Interests": 1560000000.0,
        "Net Income Continuous Operations": 1560000000.0,
        "Tax Provision": 449000000.0,
        "Pretax Income": 2009000000.0,
        "Other Income Expense": 385000000.0,
        "Other Non Operating Income Expenses": 385000000.0,
        "Net Non Operating Interest Income Expense": -487000000.0,
        "Interest Expense Non Operating": 514000000.0,
        "Interest Income Non Operating": 27000000.0,
        "Operating Income": 2111000000.0,
        "Operating Expense": 2124000000.0,
        "Other Operating Expenses": -258000000.0,
        "Research And Development": 808000000.0,
        "Selling General And Administration": 1574000000.0,
        "General And Administrative Expense": NaN,
        "Other Gand A": NaN,
        "Salaries And Wages": NaN,
        "Gross Profit": 4235000000.0,
        "Cost Of Revenue": 17388000000.0,
        "Total Revenue": 21623000000.0,
        "Operating Revenue": 21623000000.0
    },
    "2025-03-31": {
        "Tax Effect Of Unusual Items": 0.0,
        "Tax Rate For Calcs": 0.17,
        "Normalized EBITDA": 3512000000.0,
        "Net Income From Continuing Operation Net Minority Interest": 1535000000.0,
        "Reconciled Depreciation": 1052000000.0,
        "Reconciled Cost Of Revenue": 16190000000.0,
        "EBITDA": 3512000000.0,
        "EBIT": 2460000000.0,
        "Net Interest Income": -451000000.0,
        "Interest Expense": 502000000.0,
        "Interest Income": 51000000.0,
        "Normalized Income": 1535000000.0,
        "Net Income From Continuing And Discontinued Operation": 1535000000.0,
        "Total Expenses": 18271000000.0,
        "Total Operating Income As Reported": 2035000000.0,
        "Diluted Average Shares": 1351800000.0,
        "Basic Average Shares": 1337100000.0,
        "Diluted EPS": 1.14,
        "Basic EPS": 1.15,
        "Diluted NI Availto Com Stockholders": 1535000000.0,
        "Net Income Common Stockholders": 1535000000.0,
        "Net Income": 1535000000.0,
        "Minority Interests": -90000000.0,
        "Net Income Including Noncontrolling Interests": 1625000000.0,
        "Net Income Continuous Operations": 1625000000.0,
        "Tax Provision": 333000000.0,
        "Pretax Income": 1958000000.0,
        "Other Income Expense": 374000000.0,
        "Other Non Operating Income Expenses": 374000000.0,
        "Net Non Operating Interest Income Expense": -451000000.0,
        "Interest Expense Non Operating": 502000000.0,
        "Interest Income Non Operating": 51000000.0,
        "Operating Income": 2035000000.0,
        "Operating Expense": 2081000000.0,
        "Other Operating Expenses": -4000000.0,
        "Research And Development": 637000000.0,
        "Selling General And Administration": 1448000000.0,
        "General And Administrative Expense": NaN,
        "Other Gand A": NaN,
        "Salaries And Wages": NaN,
        "Gross Profit": 4116000000.0,
        "Cost Of Revenue": 16190000000.0,
        "Total Revenue": 20306000000.0,
        "Operating Revenue": 20306000000.0
    },
    "2025-06-30": {
        "Tax Effect Of Unusual Items": 0.0,
        "Tax Rate For Calcs": 0.154412,
        "Normalized EBITDA": 3596000000.0,
        "Net Income From Continuing Operation Net Minority Interest": 1657000000.0,
        "Reconciled Depreciation": 1076000000.0,
        "Reconciled Cost Of Revenue": 17205000000.0,
        "EBITDA": 3596000000.0,
        "EBIT": 2520000000.0,
        "Net Interest Income": -452000000.0,
        "Interest Expense": 480000000.0,
        "Interest Income": 28000000.0,
        "Normalized Income": 1657000000.0,
        "Net Income From Continuing And Discontinued Operation": 1657000000.0,
        "Total Expenses": 19435000000.0,
        "Total Operating Income As Reported": 2146000000.0,
        "Diluted Average Shares": 1354000000.0,
        "Basic Average Shares": 1340600000.0,
        "Diluted EPS": 1.22,
        "Basic EPS": 1.24,
        "Diluted NI Availto Com Stockholders": 1657000000.0,
        "Net Income Common Stockholders": 1657000000.0,
        "Net Income": 1657000000.0,
        "Minority Interests": -68000000.0,
        "Net Income Including Noncontrolling Interests": 1725000000.0,
        "Net Income Continuous Operations": 1725000000.0,
        "Tax Provision": 315000000.0,
        "Pretax Income": 2040000000.0,
        "Other Income Expense": 346000000.0,
        "Other Non Operating Income Expenses": 346000000.0,
        "Net Non Operating Interest Income Expense": -452000000.0,
        "Interest Expense Non Operating": 480000000.0,
        "Interest Income Non Operating": 28000000.0,
        "Operating Income": 2146000000.0,
        "Operating Expense": 2230000000.0,
        "Other Operating Expenses": -40000000.0,
        "Research And Development": 697000000.0,
        "Selling General And Administration": 1573000000.0,
        "General And Administrative Expense": NaN,
        "Other Gand A": NaN,
        "Salaries And Wages": NaN,
        "Gross Profit": 4376000000.0,
        "Cost Of Revenue": 17205000000.0,
        "Total Revenue": 21581000000.0,
        "Operating Revenue": 21581000000.0
    },
    "2025-09-30": {
        "Tax Effect Of Unusual Items": 0.0,
        "Tax Rate For Calcs": 0.177194,
        "Normalized EBITDA": 4012000000.0,
        "Net Income From Continuing Operation Net Minority Interest": 1918000000.0,
        "Reconciled Depreciation": 1091000000.0,
        "Reconciled Cost Of Revenue": 17898000000.0,
        "EBITDA": 4012000000.0,
        "EBIT": 2921000000.0,
        "Net Interest Income": -437000000.0,
        "Interest Expense": 483000000.0,
        "Interest Income": 46000000.0,
        "Normalized Income": 1918000000.0,
        "Net Income From Continuing And Discontinued Operation": 1918000000.0,
        "Total Expenses": 19955000000.0,
        "Total Operating Income As Reported": 2523000000.0,
        "Diluted Average Shares": 1358400000.0,
        "Basic Average Shares": 1343100000.0,
        "Diluted EPS": 1.41,
        "Basic EPS": 1.43,
        "Diluted NI Availto Com Stockholders": 1918000000.0,
        "Net Income Common Stockholders": 1918000000.0,
        "Net Income": 1918000000.0,
        "Minority Interests": -88000000.0,
        "Net Income Including Noncontrolling Interests": 2006000000.0,
        "Net Income Continuous Operations": 2006000000.0,
        "Tax Provision": 432000000.0,
        "Pretax Income": 2438000000.0,
        "Other Income Expense": 352000000.0,
        "Other Non Operating Income Expenses": 352000000.0,
        "Net Non Operating Interest Income Expense": -437000000.0,
        "Interest Expense Non Operating": 483000000.0,
        "Interest Income Non Operating": 46000000.0,
        "Operating Income": 2523000000.0,
        "Operating Expense": 2057000000.0,
        "Other Operating Expenses": -63000000.0,
        "Research And Development": 684000000.0,
        "Selling General And Administration": 1436000000.0,
        "General And Administrative Expense": NaN,
        "Other Gand A": NaN,
        "Salaries And Wages": NaN,
        "Gross Profit": 4580000000.0,
        "Cost Of Revenue": 17898000000.0,
        "Total Revenue": 22478000000.0,
        "Operating Revenue": 22478000000.0
    }
}