{
    "2023-03-31": {
        "Tax Effect Of Unusual Items": NaN,
        "Tax Rate For Calcs": NaN,
        "Normalized EBITDA": NaN,
        "Total Unusual Items": NaN,
        "Total Unusual Items Excluding Goodwill": NaN,
        "Net Income From Continuing Operation Net Minority Interest": NaN,
        "Reconciled Depreciation": NaN,
        "Reconciled Cost Of Revenue": NaN,
        "EBITDA": NaN,
        "EBIT": NaN,
        "Net Interest Income": NaN,
        "Interest Expense": NaN,
        "Interest Income": NaN,
        "Normalized Income": NaN,
        "Net Income From Continuing And Discontinued Operation": NaN,
        "Total Expenses": NaN,
        "Total Operating Income As Reported": NaN,
        "Diluted Average Shares": NaN,
        "Basic Average Shares": NaN,
        "Diluted EPS": NaN,
        "Basic EPS": NaN,
        "Diluted NI Availto Com Stockholders": NaN,
        "Net Income Common Stockholders": NaN,
        "Net Income": NaN,
        "Net Income Including Noncontrolling Interests": NaN,
        "Net Income Discontinuous Operations": NaN,
        "Net Income Continuous Operations": NaN,
        "Tax Provision": NaN,
        "Pretax Income": NaN,
        "Other Income Expense": NaN,
        "Other Non Operating Income Expenses": NaN,
        "Special Income Charges": NaN,
        "Impairment Of Capital Assets": NaN,
        "Restructuring And Mergern Acquisition": NaN,
        "Net Non Operating Interest Income Expense": NaN,
        "Interest Expense Non Operating": NaN,
        "Interest Income Non Operating": NaN,
        "Operating Income": NaN,
        "Operating Expense": NaN,
        "Depreciation Amortization Depletion Income Statement": NaN,
        "Depreciation And Amortization In Income Statement": NaN,
        "Amortization": NaN,
        "Amortization Of Intangibles Income Statement": NaN,
        "Depreciation Income Statement": NaN,
        "Research And Development": NaN,
        "Selling General And Administration": NaN,
        "Selling And Marketing Expense": NaN,
        "General And Administrative Expense": NaN,
        "Other Gand A": 53604000.0,
        "Salaries And Wages": NaN,
        "Gross Profit": NaN,
        "Cost Of Revenue": NaN,
        "Total Revenue": NaN,
        "Operating Revenue": NaN
    },
    "2022-12-31": {
        "Tax Effect Of Unusual Items": NaN,
        "Tax Rate For Calcs": NaN,
        "Normalized EBITDA": NaN,
        "Total Unusual Items": -68809000.0,
        "Total Unusual Items Excluding Goodwill": -68809000.0,
        "Net Income From Continuing Operation Net Minority Interest": NaN,
        "Reconciled Depreciation": NaN,
        "Reconciled Cost Of Revenue": NaN,
        "EBITDA": NaN,
        "EBIT": NaN,
        "Net Interest Income": NaN,
        "Interest Expense": NaN,
        "Interest Income": NaN,
        "Normalized Income": NaN,
        "Net Income From Continuing And Discontinued Operation": NaN,
        "Total Expenses": NaN,
        "Total Operating Income As Reported": NaN,
        "Diluted Average Shares": NaN,
        "Basic Average Shares": NaN,
        "Diluted EPS": NaN,
        "Basic EPS": NaN,
        "Diluted NI Availto Com Stockholders": NaN,
        "Net Income Common Stockholders": NaN,
        "Net Income": NaN,
        "Net Income Including Noncontrolling Interests": NaN,
        "Net Income Discontinuous Operations": NaN,
        "Net Income Continuous Operations": NaN,
        "Tax Provision": 0.0,
        "Pretax Income": NaN,
        "Other Income Expense": NaN,
        "Other Non Operating Income Expenses": NaN,
        "Special Income Charges": NaN,
        "Impairment Of Capital Assets": NaN,
        "Restructuring And Mergern Acquisition": NaN,
        "Net Non Operating Interest Income Expense": NaN,
        "Interest Expense Non Operating": NaN,
        "Interest Income Non Operating": NaN,
        "Operating Income": NaN,
        "Operating Expense": NaN,
        "Depreciation Amortization Depletion Income Statement": NaN,
        "Depreciation And Amortization In Income Statement": NaN,
        "Amortization": NaN,
        "Amortization Of Intangibles Income Statement": NaN,
        "Depreciation Income Statement": NaN,
        "Research And Development": NaN,
        "Selling General And Administration": NaN,
        "Selling And Marketing Expense": NaN,
        "General And Administrative Expense": NaN,
        "Other Gand A": NaN,
        "Salaries And Wages": NaN,
        "Gross Profit": NaN,
        "Cost Of Revenue": NaN,
        "Total Revenue": NaN,
        "Operating Revenue": NaN
    },
    "2022-09-30": {
        "Tax Effect Of Unusual Items": NaN,
        "Tax Rate For Calcs": NaN,
        "Normalized EBITDA": NaN,
        "Total Unusual Items": 0.0,
        "Total Unusual Items Excluding Goodwill": 0.0,
        "Net Income From Continuing Operation Net Minority Interest": NaN,
        "Reconciled Depreciation": NaN,
        "Reconciled Cost Of Revenue": NaN,
        "EBITDA": NaN,
        "EBIT": NaN,
        "Net Interest Income": NaN,
        "Interest Expense": NaN,
        "Interest Income": NaN,
        "Normalized Income": NaN,
        "Net Income From Continuing And Discontinued Operation": NaN,
        "Total Expenses": NaN,
        "Total Operating Income As Reported": NaN,
        "Diluted Average Shares": NaN,
        "Basic Average Shares": NaN,
        "Diluted EPS": NaN,
        "Basic EPS": NaN,
        "Diluted NI Availto Com Stockholders": NaN,
        "Net Income Common Stockholders": NaN,
        "Net Income": NaN,
        "Net Income Including Noncontrolling Interests": NaN,
        "Net Income Discontinuous Operations": NaN,
        "Net Income Continuous Operations": NaN,
        "Tax Provision": 700000.0,
        "Pretax Income": NaN,
        "Other Income Expense": NaN,
        "Other Non Operating Income Expenses": NaN,
        "Special Income Charges": 0.0,
        "Impairment Of Capital Assets": 0.0,
        "Restructuring And Mergern Acquisition": 0.0,
        "Gain On Sale Of Security": -875000.0,
        "Net Non Operating Interest Income Expense": NaN,
        "Interest Expense Non Operating": NaN,
        "Interest Income Non Operating": NaN,
        "Operating Income": NaN,
        "Operating Expense": NaN,
        "Depreciation Amortization Depletion Income Statement": NaN,
        "Depreciation And Amortization In Income Statement": NaN,
        "Amortization": NaN,
        "Amortization Of Intangibles Income Statement": NaN,
        "Depreciation Income Statement": NaN,
        "Research And Development": NaN,
        "Selling General And Administration": NaN,
        "General And Administrative Expense": NaN,
        "Other Gand A": 51492000.0,
        "Salaries And Wages": NaN,
        "Gross Profit": NaN,
        "Cost Of Revenue": NaN,
        "Total Revenue": NaN,
        "Operating Revenue": NaN
    },
    "2022-06-30": {
        "Tax Effect Of Unusual Items": 0.0,
        "Tax Rate For Calcs": 0.0,
        "Normalized EBITDA": -50891000.0,
        "Total Unusual Items": -61000.0,
        "Total Unusual Items Excluding Goodwill": -61000.0,
        "Net Income From Continuing Operation Net Minority Interest": -61435000.0,
        "Reconciled Depreciation": 6609000.0,
        "Reconciled Cost Of Revenue": 7859000.0,
        "EBITDA": -50952000.0,
        "EBIT": -57561000.0,
        "Net Interest Income": -3255000.0,
        "Interest Expense": 3874000.0,
        "Interest Income": 619000.0,
        "Normalized Income": -61374000.0,
        "Net Income From Continuing And Discontinued Operation": -61435000.0,
        "Total Expenses": 86210000.0,
        "Total Operating Income As Reported": -57842000.0,
        "Diluted Average Shares": 70061457.0,
        "Basic Average Shares": 70061457.0,
        "Diluted EPS": -0.88,
        "Basic EPS": -0.88,
        "Diluted NI Availto Com Stockholders": -61435000.0,
        "Net Income Common Stockholders": -61435000.0,
        "Net Income": -61435000.0,
        "Net Income Including Noncontrolling Interests": -61435000.0,
        "Net Income Continuous Operations": -61435000.0,
        "Tax Provision": NaN,
        "Pretax Income": -61435000.0,
        "Other Income Expense": -338000.0,
        "Other Non Operating Income Expenses": -277000.0,
        "Special Income Charges": NaN,
        "Impairment Of Capital Assets": NaN,
        "Gain On Sale Of Security": -61000.0,
        "Net Non Operating Interest Income Expense": -3255000.0,
        "Interest Expense Non Operating": 3874000.0,
        "Interest Income Non Operating": 619000.0,
        "Operating Income": -57842000.0,
        "Operating Expense": 76687000.0,
        "Depreciation Amortization Depletion Income Statement": 4945000.0,
        "Depreciation And Amortization In Income Statement": 4945000.0,
        "Amortization": 3927000.0,
        "Amortization Of Intangibles Income Statement": 3927000.0,
        "Depreciation Income Statement": 1018000.0,
        "Research And Development": 24913000.0,
        "Selling General And Administration": 46829000.0,
        "General And Administrative Expense": 46829000.0,
        "Other Gand A": 40301000.0,
        "Salaries And Wages": 6528000.0,
        "Gross Profit": 18845000.0,
        "Cost Of Revenue": 9523000.0,
        "Total Revenue": 28368000.0,
        "Operating Revenue": 28368000.0
    },
    "2022-03-31": {
        "Diluted EPS": -0.94,
        "Total Revenue": 25,
        "Gross Profit": 17,
        "Operating Income": -62,
        "EBIT": -56,
        "Net Income": -64
    },
    "2021-12-31": {
        "Diluted EPS": -0.92,
        "Total Revenue": 26,
        "Gross Profit": 18,
        "Operating Income": -62,
        "EBIT": -56,
        "Net Income": -63
    },
    "2021-09-30": {
        "Diluted EPS": -1.1,
        "Total Revenue": 20,
        "Gross Profit": 14,
        "Operating Income": -73,
        "EBIT": -67,
        "Net Income": -74
    },
    "2021-06-30": {
        "Diluted EPS": -1.07,
        "Total Revenue": 19,
        "Gross Profit": 13,
        "Operating Income": -70,
        "EBIT": -65,
        "Net Income": -72
    },
    "2021-03-31": {
        "Diluted EPS": -1.08,
        "Total Revenue": 13,
        "Gross Profit": 9,
        "Operating Income": -70,
        "EBIT": -66,
        "Net Income": -72
    },
    "2020-12-31": {
        "Diluted EPS": -1.25,
        "Total Revenue": 11,
        "Gross Profit": 7,
        "Operating Income": -78,
        "EBIT": -71,
        "Net Income": -78
    },
    "2020-09-30": {
        "Diluted EPS": -1.34,
        "Total Revenue": 4,
        "Gross Profit": 3,
        "Operating Income": -77,
        "EBIT": -71,
        "Net Income": -81
    },
    "2020-06-30": {
        "Diluted EPS": -1.12,
        "Total Revenue": 0,
        "Gross Profit": 0,
        "Operating Income": -57,
        "EBIT": -53,
        "Net Income": -61
    },
    "2020-03-31": {
        "Diluted EPS": -1.15,
        "Total Revenue": 0,
        "Gross Profit": 0,
        "Operating Income": -61,
        "EBIT": -59,
        "Net Income": -62
    },
    "2019-12-31": {
        "Diluted EPS": -1.0,
        "Total Revenue": 0,
        "Gross Profit": 0,
        "Operating Income": -46,
        "EBIT": -46,
        "Net Income": -45
    },
    "2019-09-30": {
        "Diluted EPS": -0.96,
        "Total Revenue": 0,
        "Gross Profit": 0,
        "Operating Income": -43,
        "EBIT": -43,
        "Net Income": -41
    },
    "2019-06-30": {
        "Diluted EPS": -0.86,
        "Total Revenue": NaN,
        "Gross Profit": NaN,
        "Operating Income": -39,
        "EBIT": -39,
        "Net Income": -37
    },
    "2019-03-31": {
        "Diluted EPS": -0.85,
        "Total Revenue": 0,
        "Gross Profit": 0,
        "Operating Income": -37,
        "EBIT": -37,
        "Net Income": -35
    },
    "2018-12-31": {
        "Diluted EPS": -1.12,
        "Total Revenue": 0,
        "Gross Profit": 0,
        "Operating Income": -38,
        "EBIT": -38,
        "Net Income": -41
    },
    "2018-09-30": {
        "Diluted EPS": -0.91,
        "Total Revenue": 2,
        "Gross Profit": 2,
        "Operating Income": -34,
        "EBIT": -33,
        "Net Income": -33
    },
    "2018-06-30": {
        "Diluted EPS": -0.94,
        "Total Revenue": 1,
        "Gross Profit": 1,
        "Operating Income": -35,
        "EBIT": -35,
        "Net Income": -34
    },
    "2018-03-31": {
        "Diluted EPS": -0.97,
        "Total Revenue": 0,
        "Gross Profit": 0,
        "Operating Income": -36,
        "EBIT": -36,
        "Net Income": -35
    },
    "2017-12-31": {
        "Diluted EPS": -1.16,
        "Total Revenue": 0,
        "Gross Profit": 0,
        "Operating Income": -36,
        "EBIT": -35,
        "Net Income": -36
    },
    "2017-09-30": {
        "Diluted EPS": -1.01,
        "Total Revenue": 0,
        "Gross Profit": 0,
        "Operating Income": -31,
        "EBIT": -30,
        "Net Income": -31
    },
    "2017-06-30": {
        "Diluted EPS": -0.9,
        "Total Revenue": 0,
        "Gross Profit": 0,
        "Operating Income": -27,
        "EBIT": -26,
        "Net Income": -27
    },
    "2017-03-31": {
        "Diluted EPS": -0.94,
        "Total Revenue": 0,
        "Gross Profit": 0,
        "Operating Income": -27,
        "EBIT": -27,
        "Net Income": -27
    },
    "2016-12-31": {
        "Diluted EPS": -0.95,
        "Total Revenue": 0,
        "Gross Profit": 0,
        "Operating Income": -27,
        "EBIT": -26,
        "Net Income": -27
    },
    "2016-09-30": {
        "Diluted EPS": -0.64,
        "Total Revenue": 0,
        "Gross Profit": 0,
        "Operating Income": -18,
        "EBIT": -17,
        "Net Income": -18
    },
    "2016-06-30": {
        "Diluted EPS": -0.88,
        "Total Revenue": 0,
        "Gross Profit": 0,
        "Operating Income": -24,
        "EBIT": -23,
        "Net Income": -25
    },
    "2016-03-31": {
        "Diluted EPS": -0.71,
        "Total Revenue": 0,
        "Gross Profit": 0,
        "Operating Income": -20,
        "EBIT": -19,
        "Net Income": -20
    },
    "2015-12-31": {
        "Diluted EPS": -0.85,
        "Total Revenue": 0,
        "Gross Profit": 0,
        "Operating Income": -22,
        "EBIT": -21,
        "Net Income": -22
    },
    "2015-09-30": {
        "Diluted EPS": -0.81,
        "Total Revenue": 0,
        "Gross Profit": 0,
        "Operating Income": -19,
        "EBIT": -18,
        "Net Income": -19
    },
    "2015-06-30": {
        "Diluted EPS": -0.71,
        "Total Revenue": 0,
        "Gross Profit": 0,
        "Operating Income": -17,
        "EBIT": -16,
        "Net Income": -17
    },
    "2015-03-31": {
        "Diluted EPS": -0.65,
        "Total Revenue": 0,
        "Gross Profit": 0,
        "Operating Income": -15,
        "EBIT": -15,
        "Net Income": -15
    },
    "2014-12-31": {
        "Diluted EPS": -0.02,
        "Total Revenue": 0,
        "Gross Profit": 0,
        "Operating Income": -14,
        "EBIT": -13,
        "Net Income": -14
    },
    "2014-09-30": {
        "Diluted EPS": -0.6,
        "Total Revenue": 0,
        "Gross Profit": 0,
        "Operating Income": -14,
        "EBIT": -13,
        "Net Income": -14
    },
    "2014-06-30": {
        "Diluted EPS": -0.69,
        "Total Revenue": 0,
        "Gross Profit": 0,
        "Operating Income": -13,
        "EBIT": -12,
        "Net Income": -13
    },
    "2014-03-31": {
        "Diluted EPS": -1.93,
        "Total Revenue": 0,
        "Gross Profit": 0,
        "Operating Income": -11,
        "EBIT": -10,
        "Net Income": -21
    },
    "2013-12-31": {
        "Diluted EPS": -47.11,
        "Total Revenue": 0,
        "Gross Profit": 0,
        "Operating Income": -9,
        "EBIT": -7,
        "Net Income": -14
    },
    "2013-09-30": {
        "Diluted EPS": -55.92,
        "Total Revenue": 0,
        "Gross Profit": 0,
        "Operating Income": -8,
        "EBIT": -8,
        "Net Income": -13
    },
    "2013-06-30": {
        "Diluted EPS": -75.25,
        "Total Revenue": 0,
        "Gross Profit": 0,
        "Operating Income": -11,
        "EBIT": -11,
        "Net Income": -16
    },
    "2013-03-31": {
        "Diluted EPS": 21.0,
        "Total Revenue": 0,
        "Gross Profit": 0,
        "Operating Income": -10,
        "EBIT": -6,
        "Net Income": 5
    },
    "2012-12-31": {
        "Diluted EPS": 0.0,
        "Total Revenue": NaN,
        "Gross Profit": NaN,
        "Operating Income": NaN,
        "EBIT": NaN,
        "Net Income": NaN
    },
    "2011-12-31": {
        "Diluted EPS": 0.0,
        "Total Revenue": NaN,
        "Gross Profit": NaN,
        "Operating Income": NaN,
        "EBIT": NaN,
        "Net Income": NaN
    },
    "2023-06-30": {
        "Tax Effect Of Unusual Items": NaN,
        "Tax Rate For Calcs": NaN,
        "Normalized EBITDA": NaN,
        "Total Unusual Items": NaN,
        "Total Unusual Items Excluding Goodwill": NaN,
        "Net Income From Continuing Operation Net Minority Interest": NaN,
        "Reconciled Depreciation": NaN,
        "Reconciled Cost Of Revenue": NaN,
        "EBITDA": NaN,
        "EBIT": NaN,
        "Net Interest Income": NaN,
        "Interest Expense": NaN,
        "Interest Income": NaN,
        "Normalized Income": NaN,
        "Net Income From Continuing And Discontinued Operation": NaN,
        "Total Expenses": NaN,
        "Total Operating Income As Reported": NaN,
        "Diluted Average Shares": 83685919.0,
        "Basic Average Shares": 83685919.0,
        "Diluted EPS": -0.8,
        "Basic EPS": -0.8,
        "Diluted NI Availto Com Stockholders": NaN,
        "Net Income Common Stockholders": NaN,
        "Net Income": NaN,
        "Net Income Including Noncontrolling Interests": NaN,
        "Net Income Discontinuous Operations": -9152000.0,
        "Net Income Continuous Operations": NaN,
        "Tax Provision": -64000.0,
        "Pretax Income": NaN,
        "Other Income Expense": NaN,
        "Other Non Operating Income Expenses": NaN,
        "Special Income Charges": NaN,
        "Impairment Of Capital Assets": NaN,
        "Restructuring And Mergern Acquisition": NaN,
        "Net Non Operating Interest Income Expense": NaN,
        "Interest Expense Non Operating": NaN,
        "Interest Income Non Operating": NaN,
        "Operating Income": NaN,
        "Operating Expense": NaN,
        "Depreciation Amortization Depletion Income Statement": NaN,
        "Depreciation And Amortization In Income Statement": NaN,
        "Amortization": NaN,
        "Amortization Of Intangibles Income Statement": NaN,
        "Depreciation Income Statement": 1040000.0,
        "Research And Development": NaN,
        "Selling General And Administration": NaN,
        "Selling And Marketing Expense": -2572000.0,
        "General And Administrative Expense": 76344000.0,
        "Other Gand A": 64166000.0,
        "Salaries And Wages": 12178000.0,
        "Gross Profit": NaN,
        "Cost Of Revenue": NaN,
        "Total Revenue": NaN,
        "Operating Revenue": NaN
    },
    "2023-09-30": {
        "Tax Effect Of Unusual Items": 0.0,
        "Tax Rate For Calcs": 0.21,
        "Normalized EBITDA": -31927000.0,
        "Total Unusual Items": -93914000.0,
        "Total Unusual Items Excluding Goodwill": -93914000.0,
        "Net Income From Continuing Operation Net Minority Interest": -39445000.0,
        "Reconciled Depreciation": 2125000.0,
        "Reconciled Cost Of Revenue": 15703000.0,
        "EBITDA": -31927000.0,
        "EBIT": -34052000.0,
        "Net Interest Income": -1360000.0,
        "Interest Expense": 5093000.0,
        "Interest Income": 3733000.0,
        "Normalized Income": -39445000.0,
        "Net Income From Continuing And Discontinued Operation": -141176000.0,
        "Total Expenses": 91674000.0,
        "Total Operating Income As Reported": -37562000.0,
        "Diluted Average Shares": 86613425.0,
        "Basic Average Shares": 86613425.0,
        "Diluted EPS": -1.63,
        "Basic EPS": -1.63,
        "Diluted NI Availto Com Stockholders": -141176000.0,
        "Net Income Common Stockholders": -141176000.0,
        "Net Income": -141176000.0,
        "Net Income Including Noncontrolling Interests": -141176000.0,
        "Net Income Discontinuous Operations": -101731000.0,
        "Net Income Continuous Operations": -39445000.0,
        "Tax Provision": 300000.0,
        "Pretax Income": -39145000.0,
        "Other Income Expense": -223000.0,
        "Other Non Operating Income Expenses": -223000.0,
        "Special Income Charges": -93914000.0,
        "Impairment Of Capital Assets": 93182000.0,
        "Restructuring And Mergern Acquisition": 732000.0,
        "Net Non Operating Interest Income Expense": -1360000.0,
        "Interest Expense Non Operating": 5093000.0,
        "Interest Income Non Operating": 3733000.0,
        "Operating Income": -37562000.0,
        "Operating Expense": 74853000.0,
        "Depreciation Amortization Depletion Income Statement": 1007000.0,
        "Depreciation And Amortization In Income Statement": 1007000.0,
        "Amortization": 374000.0,
        "Amortization Of Intangibles Income Statement": 374000.0,
        "Depreciation Income Statement": 633000.0,
        "Research And Development": 8688000.0,
        "Selling General And Administration": 65158000.0,
        "Selling And Marketing Expense": NaN,
        "General And Administrative Expense": 65158000.0,
        "Other Gand A": 56559000.0,
        "Salaries And Wages": 8599000.0,
        "Gross Profit": 37291000.0,
        "Cost Of Revenue": 16821000.0,
        "Total Revenue": 54112000.0,
        "Operating Revenue": 54112000.0
    },
    "2023-12-31": {
        "Tax Effect Of Unusual Items": 0.0,
        "Tax Rate For Calcs": 0.0,
        "Normalized EBITDA": -48354000.0,
        "Total Unusual Items": -528000.0,
        "Total Unusual Items Excluding Goodwill": -528000.0,
        "Net Income From Continuing Operation Net Minority Interest": -55699000.0,
        "Reconciled Depreciation": 1419000.0,
        "Reconciled Cost Of Revenue": 17143000.0,
        "EBITDA": -48882000.0,
        "EBIT": -50301000.0,
        "Net Interest Income": -1964000.0,
        "Interest Expense": 5398000.0,
        "Interest Income": 3434000.0,
        "Normalized Income": -55171000.0,
        "Net Income From Continuing And Discontinued Operation": -55699000.0,
        "Total Expenses": 123224000.0,
        "Total Operating Income As Reported": -53953000.0,
        "Diluted Average Shares": NaN,
        "Basic Average Shares": NaN,
        "Diluted EPS": NaN,
        "Basic EPS": NaN,
        "Diluted NI Availto Com Stockholders": -55699000.0,
        "Net Income Common Stockholders": -55699000.0,
        "Net Income": -55699000.0,
        "Net Income Including Noncontrolling Interests": -55699000.0,
        "Net Income Discontinuous Operations": NaN,
        "Net Income Continuous Operations": -55699000.0,
        "Tax Provision": 0.0,
        "Pretax Income": -55699000.0,
        "Other Income Expense": -310000.0,
        "Other Non Operating Income Expenses": 218000.0,
        "Special Income Charges": -528000.0,
        "Impairment Of Capital Assets": 0.0,
        "Restructuring And Mergern Acquisition": 528000.0,
        "Net Non Operating Interest Income Expense": -1964000.0,
        "Interest Expense Non Operating": 5398000.0,
        "Interest Income Non Operating": 3434000.0,
        "Operating Income": -53425000.0,
        "Operating Expense": 105752000.0,
        "Depreciation Amortization Depletion Income Statement": 1090000.0,
        "Depreciation And Amortization In Income Statement": 1090000.0,
        "Amortization": 671000.0,
        "Amortization Of Intangibles Income Statement": 671000.0,
        "Depreciation Income Statement": 419000.0,
        "Research And Development": 20366000.0,
        "Selling General And Administration": 84296000.0,
        "Selling And Marketing Expense": NaN,
        "General And Administrative Expense": -169128000.0,
        "Other Gand A": NaN,
        "Salaries And Wages": 7772000.0,
        "Gross Profit": 52327000.0,
        "Cost Of Revenue": 17472000.0,
        "Total Revenue": 69799000.0,
        "Operating Revenue": 69799000.0
    },
    "2024-03-31": {
        "Tax Effect Of Unusual Items": 0.0,
        "Tax Rate For Calcs": 0.0,
        "Normalized EBITDA": -42288000.0,
        "Total Unusual Items": NaN,
        "Total Unusual Items Excluding Goodwill": NaN,
        "Net Income From Continuing Operation Net Minority Interest": -49525000.0,
        "Reconciled Depreciation": 1981000.0,
        "Reconciled Cost Of Revenue": 13475000.0,
        "EBITDA": -42288000.0,
        "EBIT": -44269000.0,
        "Net Interest Income": -2260000.0,
        "Interest Expense": 5256000.0,
        "Interest Income": 2996000.0,
        "Normalized Income": -49525000.0,
        "Net Income From Continuing And Discontinued Operation": -53152000.0,
        "Total Expenses": 98763000.0,
        "Total Operating Income As Reported": -46827000.0,
        "Diluted Average Shares": 91919018.0,
        "Basic Average Shares": 91919018.0,
        "Diluted EPS": -0.58,
        "Basic EPS": -0.58,
        "Diluted NI Availto Com Stockholders": -53152000.0,
        "Net Income Common Stockholders": -53152000.0,
        "Net Income": -53152000.0,
        "Net Income Including Noncontrolling Interests": -53152000.0,
        "Net Income Discontinuous Operations": -3627000.0,
        "Net Income Continuous Operations": -49525000.0,
        "Tax Provision": NaN,
        "Pretax Income": -49525000.0,
        "Other Income Expense": -438000.0,
        "Other Non Operating Income Expenses": -438000.0,
        "Special Income Charges": NaN,
        "Impairment Of Capital Assets": NaN,
        "Restructuring And Mergern Acquisition": NaN,
        "Net Non Operating Interest Income Expense": -2260000.0,
        "Interest Expense Non Operating": 5256000.0,
        "Interest Income Non Operating": 2996000.0,
        "Operating Income": -46827000.0,
        "Operating Expense": 83852000.0,
        "Depreciation Amortization Depletion Income Statement": 545000.0,
        "Depreciation And Amortization In Income Statement": 545000.0,
        "Amortization": 545000.0,
        "Amortization Of Intangibles Income Statement": 545000.0,
        "Depreciation Income Statement": NaN,
        "Research And Development": 14393000.0,
        "Selling General And Administration": 68914000.0,
        "Selling And Marketing Expense": NaN,
        "General And Administrative Expense": NaN,
        "Other Gand A": NaN,
        "Salaries And Wages": NaN,
        "Gross Profit": 37025000.0,
        "Cost Of Revenue": 14911000.0,
        "Total Revenue": 51936000.0,
        "Operating Revenue": 51936000.0
    },
    "2024-06-30": {
        "Tax Effect Of Unusual Items": 0.0,
        "Tax Rate For Calcs": 0.21,
        "Normalized EBITDA": -30361000.0,
        "Total Unusual Items": NaN,
        "Total Unusual Items Excluding Goodwill": NaN,
        "Net Income From Continuing Operation Net Minority Interest": -37470000.0,
        "Reconciled Depreciation": 1429000.0,
        "Reconciled Cost Of Revenue": 17234000.0,
        "EBITDA": -30361000.0,
        "EBIT": -31790000.0,
        "Net Interest Income": -2500000.0,
        "Interest Expense": 5679000.0,
        "Interest Income": 3179000.0,
        "Normalized Income": -37470000.0,
        "Net Income From Continuing And Discontinued Operation": -37474000.0,
        "Total Expenses": 99905000.0,
        "Total Operating Income As Reported": -34516000.0,
        "Diluted Average Shares": 103870235.0,
        "Basic Average Shares": 103870235.0,
        "Diluted EPS": -0.36,
        "Basic EPS": -0.36,
        "Diluted NI Availto Com Stockholders": -37474000.0,
        "Net Income Common Stockholders": -37474000.0,
        "Net Income": -37474000.0,
        "Net Income Including Noncontrolling Interests": -37474000.0,
        "Net Income Discontinuous Operations": -4000.0,
        "Net Income Continuous Operations": -37470000.0,
        "Tax Provision": 1000.0,
        "Pretax Income": -37469000.0,
        "Other Income Expense": -453000.0,
        "Other Non Operating Income Expenses": -453000.0,
        "Special Income Charges": NaN,
        "Impairment Of Capital Assets": NaN,
        "Restructuring And Mergern Acquisition": NaN,
        "Net Non Operating Interest Income Expense": -2500000.0,
        "Interest Expense Non Operating": 5679000.0,
        "Interest Income Non Operating": 3179000.0,
        "Operating Income": -34516000.0,
        "Operating Expense": 82270000.0,
        "Depreciation Amortization Depletion Income Statement": 1028000.0,
        "Depreciation And Amortization In Income Statement": 1028000.0,
        "Amortization": 546000.0,
        "Amortization Of Intangibles Income Statement": 546000.0,
        "Depreciation Income Statement": 482000.0,
        "Research And Development": 15902000.0,
        "Selling General And Administration": 65340000.0,
        "Selling And Marketing Expense": 123000.0,
        "General And Administrative Expense": 65217000.0,
        "Other Gand A": 60701000.0,
        "Salaries And Wages": 4516000.0,
        "Gross Profit": 47754000.0,
        "Cost Of Revenue": 17635000.0,
        "Total Revenue": 65389000.0,
        "Operating Revenue": 65389000.0
    },
    "2024-09-30": {
        "Tax Effect Of Unusual Items": 0.0,
        "Tax Rate For Calcs": 0.21,
        "Normalized EBITDA": -28631000.0,
        "Total Unusual Items": NaN,
        "Total Unusual Items Excluding Goodwill": NaN,
        "Net Income From Continuing Operation Net Minority Interest": -38115000.0,
        "Reconciled Depreciation": 1252000.0,
        "Reconciled Cost Of Revenue": 17286000.0,
        "EBITDA": -28631000.0,
        "EBIT": -29883000.0,
        "Net Interest Income": -4101000.0,
        "Interest Expense": 6732000.0,
        "Interest Income": 2631000.0,
        "Normalized Income": -38115000.0,
        "Net Income From Continuing And Discontinued Operation": -38115000.0,
        "Total Expenses": 92135000.0,
        "Total Operating Income As Reported": -32256000.0,
        "Diluted Average Shares": 104212891.0,
        "Basic Average Shares": 104212891.0,
        "Diluted EPS": -0.37,
        "Basic EPS": -0.37,
        "Diluted NI Availto Com Stockholders": -38115000.0,
        "Net Income Common Stockholders": -38115000.0,
        "Net Income": -38115000.0,
        "Net Income Including Noncontrolling Interests": -38115000.0,
        "Net Income Discontinuous Operations": 0.0,
        "Net Income Continuous Operations": -38115000.0,
        "Tax Provision": 1500000.0,
        "Pretax Income": -36615000.0,
        "Other Income Expense": -258000.0,
        "Other Non Operating Income Expenses": -258000.0,
        "Special Income Charges": NaN,
        "Impairment Of Capital Assets": NaN,
        "Restructuring And Mergern Acquisition": NaN,
        "Net Non Operating Interest Income Expense": -4101000.0,
        "Interest Expense Non Operating": 6732000.0,
        "Interest Income Non Operating": 2631000.0,
        "Operating Income": -32256000.0,
        "Operating Expense": 74502000.0,
        "Depreciation Amortization Depletion Income Statement": 905000.0,
        "Depreciation And Amortization In Income Statement": 905000.0,
        "Amortization": 545000.0,
        "Amortization Of Intangibles Income Statement": 545000.0,
        "Depreciation Income Statement": 360000.0,
        "Research And Development": 11379000.0,
        "Selling General And Administration": 62218000.0,
        "Selling And Marketing Expense": NaN,
        "General And Administrative Expense": 62218000.0,
        "Other Gand A": 58727000.0,
        "Salaries And Wages": 3491000.0,
        "Gross Profit": 42246000.0,
        "Cost Of Revenue": 17633000.0,
        "Total Revenue": 59879000.0,
        "Operating Revenue": 59879000.0
    }
}