{
    "2023-12-31": {
        "Tax Effect Of Unusual Items": NaN,
        "Tax Rate For Calcs": NaN,
        "Normalized EBITDA": NaN,
        "Total Unusual Items": NaN,
        "Total Unusual Items Excluding Goodwill": NaN,
        "Net Income From Continuing Operation Net Minority Interest": NaN,
        "Reconciled Depreciation": NaN,
        "Reconciled Cost Of Revenue": NaN,
        "EBITDA": NaN,
        "EBIT": NaN,
        "Net Interest Income": NaN,
        "Interest Expense": NaN,
        "Interest Income": NaN,
        "Normalized Income": NaN,
        "Net Income From Continuing And Discontinued Operation": NaN,
        "Total Expenses": NaN,
        "Total Operating Income As Reported": NaN,
        "Diluted Average Shares": NaN,
        "Basic Average Shares": NaN,
        "Diluted EPS": NaN,
        "Basic EPS": NaN,
        "Diluted NI Availto Com Stockholders": NaN,
        "Net Income Common Stockholders": NaN,
        "Preferred Stock Dividends": NaN,
        "Net Income": NaN,
        "Net Income Including Noncontrolling Interests": NaN,
        "Net Income Continuous Operations": NaN,
        "Tax Provision": NaN,
        "Pretax Income": NaN,
        "Other Income Expense": NaN,
        "Special Income Charges": NaN,
        "Other Special Charges": NaN,
        "Gain On Sale Of Security": NaN,
        "Net Non Operating Interest Income Expense": NaN,
        "Interest Expense Non Operating": NaN,
        "Interest Income Non Operating": NaN,
        "Operating Income": NaN,
        "Operating Expense": NaN,
        "Other Operating Expenses": -1744118.0,
        "Research And Development": NaN,
        "Selling General And Administration": NaN,
        "Selling And Marketing Expense": NaN,
        "General And Administrative Expense": NaN,
        "Other Gand A": NaN,
        "Gross Profit": NaN,
        "Cost Of Revenue": NaN,
        "Total Revenue": NaN,
        "Operating Revenue": NaN
    },
    "2023-09-30": {
        "Tax Effect Of Unusual Items": NaN,
        "Tax Rate For Calcs": NaN,
        "Normalized EBITDA": NaN,
        "Total Unusual Items": NaN,
        "Total Unusual Items Excluding Goodwill": NaN,
        "Net Income From Continuing Operation Net Minority Interest": NaN,
        "Reconciled Depreciation": NaN,
        "Reconciled Cost Of Revenue": NaN,
        "EBITDA": NaN,
        "EBIT": NaN,
        "Net Interest Income": NaN,
        "Interest Expense": NaN,
        "Interest Income": NaN,
        "Normalized Income": NaN,
        "Net Income From Continuing And Discontinued Operation": NaN,
        "Total Expenses": NaN,
        "Total Operating Income As Reported": NaN,
        "Diluted Average Shares": 29937159.0,
        "Basic Average Shares": 29937159.0,
        "Diluted EPS": -0.14,
        "Basic EPS": -0.14,
        "Diluted NI Availto Com Stockholders": NaN,
        "Net Income Common Stockholders": NaN,
        "Preferred Stock Dividends": NaN,
        "Net Income": NaN,
        "Net Income Including Noncontrolling Interests": NaN,
        "Net Income Continuous Operations": NaN,
        "Tax Provision": NaN,
        "Pretax Income": NaN,
        "Other Income Expense": NaN,
        "Special Income Charges": 1447975.0,
        "Other Special Charges": -1447975.0,
        "Gain On Sale Of Security": NaN,
        "Net Non Operating Interest Income Expense": NaN,
        "Interest Expense Non Operating": NaN,
        "Interest Income Non Operating": NaN,
        "Operating Income": NaN,
        "Operating Expense": NaN,
        "Other Operating Expenses": -1447975.0,
        "Research And Development": NaN,
        "Selling General And Administration": NaN,
        "Selling And Marketing Expense": NaN,
        "General And Administrative Expense": NaN,
        "Other Gand A": NaN,
        "Gross Profit": NaN,
        "Cost Of Revenue": NaN,
        "Total Revenue": NaN,
        "Operating Revenue": NaN
    },
    "2023-06-30": {
        "Tax Effect Of Unusual Items": NaN,
        "Tax Rate For Calcs": NaN,
        "Normalized EBITDA": NaN,
        "Total Unusual Items": NaN,
        "Total Unusual Items Excluding Goodwill": NaN,
        "Net Income From Continuing Operation Net Minority Interest": NaN,
        "Reconciled Depreciation": NaN,
        "Reconciled Cost Of Revenue": NaN,
        "EBITDA": NaN,
        "EBIT": NaN,
        "Net Interest Income": NaN,
        "Interest Expense": NaN,
        "Interest Income": NaN,
        "Normalized Income": NaN,
        "Net Income From Continuing And Discontinued Operation": NaN,
        "Total Expenses": NaN,
        "Total Operating Income As Reported": NaN,
        "Diluted Average Shares": 30169604.0,
        "Basic Average Shares": 29937159.0,
        "Diluted EPS": -0.13,
        "Basic EPS": -0.13,
        "Diluted NI Availto Com Stockholders": NaN,
        "Net Income Common Stockholders": NaN,
        "Preferred Stock Dividends": NaN,
        "Net Income": NaN,
        "Net Income Including Noncontrolling Interests": NaN,
        "Net Income Continuous Operations": NaN,
        "Tax Provision": NaN,
        "Pretax Income": NaN,
        "Other Income Expense": NaN,
        "Special Income Charges": NaN,
        "Other Special Charges": NaN,
        "Gain On Sale Of Security": NaN,
        "Net Non Operating Interest Income Expense": NaN,
        "Interest Expense Non Operating": NaN,
        "Interest Income Non Operating": NaN,
        "Operating Income": NaN,
        "Operating Expense": NaN,
        "Other Operating Expenses": -1474019.0,
        "Research And Development": NaN,
        "Selling General And Administration": NaN,
        "Selling And Marketing Expense": NaN,
        "General And Administrative Expense": NaN,
        "Other Gand A": NaN,
        "Gross Profit": NaN,
        "Cost Of Revenue": NaN,
        "Total Revenue": NaN,
        "Operating Revenue": NaN
    },
    "2023-03-31": {
        "Tax Effect Of Unusual Items": NaN,
        "Tax Rate For Calcs": NaN,
        "Normalized EBITDA": NaN,
        "Total Unusual Items": NaN,
        "Total Unusual Items Excluding Goodwill": NaN,
        "Net Income From Continuing Operation Net Minority Interest": NaN,
        "Reconciled Depreciation": NaN,
        "Reconciled Cost Of Revenue": NaN,
        "EBITDA": NaN,
        "EBIT": NaN,
        "Net Interest Income": NaN,
        "Interest Expense": NaN,
        "Interest Income": NaN,
        "Normalized Income": NaN,
        "Net Income From Continuing And Discontinued Operation": NaN,
        "Total Expenses": NaN,
        "Total Operating Income As Reported": NaN,
        "Diluted Average Shares": 29963763.0,
        "Basic Average Shares": 29937159.0,
        "Diluted EPS": 0.03,
        "Basic EPS": 0.03,
        "Diluted NI Availto Com Stockholders": NaN,
        "Net Income Common Stockholders": NaN,
        "Preferred Stock Dividends": NaN,
        "Net Income": NaN,
        "Net Income Including Noncontrolling Interests": NaN,
        "Net Income Continuous Operations": NaN,
        "Tax Provision": NaN,
        "Pretax Income": NaN,
        "Other Income Expense": NaN,
        "Gain On Sale Of Security": NaN,
        "Net Non Operating Interest Income Expense": NaN,
        "Interest Expense Non Operating": NaN,
        "Interest Income Non Operating": NaN,
        "Operating Income": NaN,
        "Operating Expense": NaN,
        "Other Operating Expenses": NaN,
        "Research And Development": NaN,
        "Selling General And Administration": NaN,
        "Selling And Marketing Expense": NaN,
        "General And Administrative Expense": NaN,
        "Other Gand A": NaN,
        "Gross Profit": NaN,
        "Cost Of Revenue": NaN,
        "Total Revenue": NaN,
        "Operating Revenue": NaN
    },
    "2024-03-31": {
        "Tax Effect Of Unusual Items": NaN,
        "Tax Rate For Calcs": NaN,
        "Normalized EBITDA": NaN,
        "Total Unusual Items": NaN,
        "Total Unusual Items Excluding Goodwill": NaN,
        "Net Income From Continuing Operation Net Minority Interest": NaN,
        "Reconciled Depreciation": NaN,
        "Reconciled Cost Of Revenue": NaN,
        "EBITDA": NaN,
        "EBIT": NaN,
        "Net Interest Income": NaN,
        "Interest Expense": NaN,
        "Interest Income": NaN,
        "Normalized Income": NaN,
        "Net Income From Continuing And Discontinued Operation": NaN,
        "Total Expenses": NaN,
        "Total Operating Income As Reported": NaN,
        "Diluted Average Shares": 29945353.0,
        "Basic Average Shares": 29937159.0,
        "Diluted EPS": 0.01,
        "Basic EPS": 0.01,
        "Diluted NI Availto Com Stockholders": NaN,
        "Net Income Common Stockholders": NaN,
        "Preferred Stock Dividends": NaN,
        "Net Income": NaN,
        "Net Income Including Noncontrolling Interests": NaN,
        "Net Income Continuous Operations": NaN,
        "Tax Provision": NaN,
        "Pretax Income": NaN,
        "Other Income Expense": NaN,
        "Special Income Charges": NaN,
        "Other Special Charges": NaN,
        "Gain On Sale Of Security": NaN,
        "Net Non Operating Interest Income Expense": NaN,
        "Interest Expense Non Operating": NaN,
        "Interest Income Non Operating": NaN,
        "Operating Income": NaN,
        "Operating Expense": NaN,
        "Other Operating Expenses": -1484620.0,
        "Research And Development": NaN,
        "Selling General And Administration": NaN,
        "Selling And Marketing Expense": NaN,
        "General And Administrative Expense": NaN,
        "Other Gand A": NaN,
        "Gross Profit": NaN,
        "Cost Of Revenue": NaN,
        "Total Revenue": NaN,
        "Operating Revenue": NaN
    },
    "2022-12-31": {
        "Tax Effect Of Unusual Items": NaN,
        "Tax Rate For Calcs": NaN,
        "Normalized EBITDA": NaN,
        "Total Unusual Items": NaN,
        "Total Unusual Items Excluding Goodwill": NaN,
        "Net Income From Continuing Operation Net Minority Interest": NaN,
        "Reconciled Depreciation": NaN,
        "Reconciled Cost Of Revenue": NaN,
        "EBITDA": NaN,
        "EBIT": NaN,
        "Net Interest Income": NaN,
        "Interest Expense": NaN,
        "Interest Income": NaN,
        "Normalized Income": NaN,
        "Net Income From Continuing And Discontinued Operation": NaN,
        "Total Expenses": NaN,
        "Total Operating Income As Reported": NaN,
        "Diluted Average Shares": NaN,
        "Basic Average Shares": NaN,
        "Diluted EPS": NaN,
        "Basic EPS": NaN,
        "Diluted NI Availto Com Stockholders": NaN,
        "Net Income Common Stockholders": NaN,
        "Preferred Stock Dividends": NaN,
        "Net Income": NaN,
        "Net Income Including Noncontrolling Interests": NaN,
        "Net Income Continuous Operations": NaN,
        "Tax Provision": NaN,
        "Pretax Income": NaN,
        "Other Income Expense": NaN,
        "Special Income Charges": 0.0,
        "Gain On Sale Of Security": NaN,
        "Net Non Operating Interest Income Expense": NaN,
        "Interest Expense Non Operating": NaN,
        "Interest Income Non Operating": NaN,
        "Operating Income": NaN,
        "Operating Expense": NaN,
        "Other Operating Expenses": NaN,
        "Research And Development": NaN,
        "Selling General And Administration": NaN,
        "Selling And Marketing Expense": NaN,
        "General And Administrative Expense": NaN,
        "Other Gand A": NaN,
        "Gross Profit": NaN,
        "Cost Of Revenue": NaN,
        "Total Revenue": NaN,
        "Operating Revenue": NaN
    },
    "2022-09-30": {
        "Tax Effect Of Unusual Items": NaN,
        "Tax Rate For Calcs": NaN,
        "Normalized EBITDA": NaN,
        "Total Unusual Items": NaN,
        "Total Unusual Items Excluding Goodwill": NaN,
        "Net Income From Continuing Operation Net Minority Interest": NaN,
        "Reconciled Depreciation": NaN,
        "Reconciled Cost Of Revenue": NaN,
        "EBITDA": NaN,
        "EBIT": NaN,
        "Net Interest Income": NaN,
        "Interest Expense": NaN,
        "Interest Income": NaN,
        "Normalized Income": NaN,
        "Net Income From Continuing And Discontinued Operation": NaN,
        "Total Expenses": NaN,
        "Total Operating Income As Reported": NaN,
        "Diluted Average Shares": 33229866.0,
        "Basic Average Shares": 32936959.0,
        "Diluted EPS": 0.16,
        "Basic EPS": 0.16,
        "Diluted NI Availto Com Stockholders": NaN,
        "Net Income Common Stockholders": NaN,
        "Preferred Stock Dividends": NaN,
        "Net Income": NaN,
        "Net Income Including Noncontrolling Interests": NaN,
        "Net Income Continuous Operations": NaN,
        "Tax Provision": NaN,
        "Pretax Income": NaN,
        "Other Income Expense": NaN,
        "Special Income Charges": 0.0,
        "Gain On Sale Of Security": NaN,
        "Net Non Operating Interest Income Expense": NaN,
        "Interest Expense Non Operating": NaN,
        "Interest Income Non Operating": NaN,
        "Operating Income": NaN,
        "Operating Expense": NaN,
        "Other Operating Expenses": NaN,
        "Research And Development": NaN,
        "Selling General And Administration": NaN,
        "Selling And Marketing Expense": NaN,
        "General And Administrative Expense": NaN,
        "Other Gand A": NaN,
        "Gross Profit": NaN,
        "Cost Of Revenue": NaN,
        "Total Revenue": NaN,
        "Operating Revenue": NaN
    },
    "2024-06-30": {
        "Tax Effect Of Unusual Items": -373760.94,
        "Tax Rate For Calcs": 0.21,
        "Normalized EBITDA": -2155986.0,
        "Total Unusual Items": -1779814.0,
        "Total Unusual Items Excluding Goodwill": -1779814.0,
        "Net Income From Continuing Operation Net Minority Interest": -14164640.0,
        "Reconciled Depreciation": 1887227.0,
        "Reconciled Cost Of Revenue": 6449288.0,
        "EBITDA": -3935800.0,
        "EBIT": -5823027.0,
        "Net Interest Income": 212701.0,
        "Interest Expense": 31817.0,
        "Interest Income": 244518.0,
        "Normalized Income": -12758586.94,
        "Net Income From Continuing And Discontinued Operation": -14164640.0,
        "Total Expenses": 10317095.0,
        "Total Operating Income As Reported": -5762806.0,
        "Diluted Average Shares": 29937159.0,
        "Basic Average Shares": 29937159.0,
        "Diluted EPS": -0.48,
        "Basic EPS": -0.48,
        "Diluted NI Availto Com Stockholders": -14222251.0,
        "Net Income Common Stockholders": -14222251.0,
        "Preferred Stock Dividends": 57611.0,
        "Net Income": -14164640.0,
        "Net Income Including Noncontrolling Interests": -14164640.0,
        "Net Income Continuous Operations": -14164640.0,
        "Tax Provision": 8309796.0,
        "Pretax Income": -5854844.0,
        "Other Income Expense": -1779814.0,
        "Special Income Charges": 0.0,
        "Other Special Charges": NaN,
        "Gain On Sale Of Security": -1779814.0,
        "Net Non Operating Interest Income Expense": 212701.0,
        "Interest Expense Non Operating": 31817.0,
        "Interest Income Non Operating": 244518.0,
        "Operating Income": -4287731.0,
        "Operating Expense": 3867807.0,
        "Other Operating Expenses": -1475075.0,
        "Research And Development": 199093.0,
        "Selling General And Administration": 5143789.0,
        "Selling And Marketing Expense": 1474600.0,
        "General And Administrative Expense": 3669189.0,
        "Other Gand A": 3669189.0,
        "Gross Profit": -419924.0,
        "Cost Of Revenue": 6449288.0,
        "Total Revenue": 6029364.0,
        "Operating Revenue": 6029364.0
    },
    "2024-09-30": {
        "Tax Effect Of Unusual Items": 46712.208,
        "Tax Rate For Calcs": 0.016,
        "Normalized EBITDA": -2935392.0,
        "Total Unusual Items": 2919513.0,
        "Total Unusual Items Excluding Goodwill": 2919513.0,
        "Net Income From Continuing Operation Net Minority Interest": -1921989.0,
        "Reconciled Depreciation": 1906802.0,
        "Reconciled Cost Of Revenue": 10361667.0,
        "EBITDA": -15879.0,
        "EBIT": -1922681.0,
        "Net Interest Income": 263061.0,
        "Interest Expense": 30489.0,
        "Interest Income": 293550.0,
        "Normalized Income": -4794789.792,
        "Net Income From Continuing And Discontinued Operation": -1921989.0,
        "Total Expenses": 15482601.0,
        "Total Operating Income As Reported": -5135744.0,
        "Diluted Average Shares": 29937159.0,
        "Basic Average Shares": 29937159.0,
        "Diluted EPS": -0.07,
        "Basic EPS": -0.07,
        "Diluted NI Availto Com Stockholders": -1979600.0,
        "Net Income Common Stockholders": -1979600.0,
        "Preferred Stock Dividends": 57611.0,
        "Net Income": -1921989.0,
        "Net Income Including Noncontrolling Interests": -1921989.0,
        "Net Income Continuous Operations": -1921989.0,
        "Tax Provision": -31181.0,
        "Pretax Income": -1953170.0,
        "Other Income Expense": 2919513.0,
        "Special Income Charges": 1469688.0,
        "Other Special Charges": -1469688.0,
        "Gain On Sale Of Security": 1449825.0,
        "Net Non Operating Interest Income Expense": 263061.0,
        "Interest Expense Non Operating": 30489.0,
        "Interest Income Non Operating": 293550.0,
        "Operating Income": -5135744.0,
        "Operating Expense": 5120934.0,
        "Other Operating Expenses": NaN,
        "Research And Development": 174695.0,
        "Selling General And Administration": 4946239.0,
        "Selling And Marketing Expense": 1749123.0,
        "General And Administrative Expense": 3197116.0,
        "Other Gand A": 3197116.0,
        "Gross Profit": -14810.0,
        "Cost Of Revenue": 10361667.0,
        "Total Revenue": 10346857.0,
        "Operating Revenue": 10346857.0
    },
    "2024-12-31": {
        "Tax Effect Of Unusual Items": 2623.791911,
        "Tax Rate For Calcs": 0.000527,
        "Normalized EBITDA": 711596.0,
        "Total Unusual Items": 4974277.0,
        "Total Unusual Items Excluding Goodwill": 4974277.0,
        "Net Income From Continuing Operation Net Minority Interest": 3770722.0,
        "Reconciled Depreciation": 1886450.0,
        "Reconciled Cost Of Revenue": 11568320.0,
        "EBITDA": 5685873.0,
        "EBIT": 3799423.0,
        "Net Interest Income": 118330.0,
        "Interest Expense": 26711.0,
        "Interest Income": 145041.0,
        "Normalized Income": -1200931.208089,
        "Net Income From Continuing And Discontinued Operation": 3770722.0,
        "Total Expenses": 10393844.0,
        "Total Operating Income As Reported": -7220880.0,
        "Diluted Average Shares": NaN,
        "Basic Average Shares": NaN,
        "Diluted EPS": NaN,
        "Basic EPS": NaN,
        "Diluted NI Availto Com Stockholders": 3713110.0,
        "Net Income Common Stockholders": 3713110.0,
        "Preferred Stock Dividends": 57612.0,
        "Net Income": 3770722.0,
        "Net Income Including Noncontrolling Interests": 3770722.0,
        "Net Income Continuous Operations": 3770722.0,
        "Tax Provision": 1990.0,
        "Pretax Income": 3772712.0,
        "Other Income Expense": 4974277.0,
        "Special Income Charges": NaN,
        "Other Special Charges": NaN,
        "Gain On Sale Of Security": 9403660.0,
        "Net Non Operating Interest Income Expense": 118330.0,
        "Interest Expense Non Operating": 26711.0,
        "Interest Income Non Operating": 145041.0,
        "Operating Income": -1319895.0,
        "Operating Expense": -1174476.0,
        "Other Operating Expenses": NaN,
        "Research And Development": 157894.0,
        "Selling General And Administration": 4568615.0,
        "Selling And Marketing Expense": 1189699.0,
        "General And Administrative Expense": 3378916.0,
        "Other Gand A": 3378916.0,
        "Gross Profit": -2494371.0,
        "Cost Of Revenue": 11568320.0,
        "Total Revenue": 9073949.0,
        "Operating Revenue": 9073949.0
    },
    "2025-03-31": {
        "Tax Effect Of Unusual Items": -1502867.73,
        "Tax Rate For Calcs": 0.21,
        "Normalized EBITDA": -1152060.0,
        "Total Unusual Items": -7156513.0,
        "Total Unusual Items Excluding Goodwill": -7156513.0,
        "Net Income From Continuing Operation Net Minority Interest": -10500716.0,
        "Reconciled Depreciation": 1882927.0,
        "Reconciled Cost Of Revenue": 8297084.0,
        "EBITDA": -8308573.0,
        "EBIT": -10191500.0,
        "Net Interest Income": 135491.0,
        "Interest Expense": 23455.0,
        "Interest Income": 158946.0,
        "Normalized Income": -4847070.73,
        "Net Income From Continuing And Discontinued Operation": -10500716.0,
        "Total Expenses": 11489106.0,
        "Total Operating Income As Reported": -4676752.0,
        "Diluted Average Shares": 29937159.0,
        "Basic Average Shares": 29937159.0,
        "Diluted EPS": -0.35,
        "Basic EPS": -0.35,
        "Diluted NI Availto Com Stockholders": -10558327.0,
        "Net Income Common Stockholders": -10558327.0,
        "Preferred Stock Dividends": 57611.0,
        "Net Income": -10500716.0,
        "Net Income Including Noncontrolling Interests": -10500716.0,
        "Net Income Continuous Operations": -10500716.0,
        "Tax Provision": 285761.0,
        "Pretax Income": -10214955.0,
        "Other Income Expense": -7156513.0,
        "Special Income Charges": NaN,
        "Other Special Charges": NaN,
        "Gain On Sale Of Security": -7156513.0,
        "Net Non Operating Interest Income Expense": 135491.0,
        "Interest Expense Non Operating": 23455.0,
        "Interest Income Non Operating": 158946.0,
        "Operating Income": -3193933.0,
        "Operating Expense": 3192022.0,
        "Other Operating Expenses": -1482819.0,
        "Research And Development": 191192.0,
        "Selling General And Administration": 4483649.0,
        "Selling And Marketing Expense": 1601808.0,
        "General And Administrative Expense": 2881841.0,
        "Other Gand A": 2881841.0,
        "Gross Profit": -1911.0,
        "Cost Of Revenue": 8297084.0,
        "Total Revenue": 8295173.0,
        "Operating Revenue": 8295173.0
    },
    "2025-06-30": {
        "Tax Effect Of Unusual Items": 725691.96,
        "Tax Rate For Calcs": 0.21,
        "Normalized EBITDA": -1646520.0,
        "Total Unusual Items": 3455676.0,
        "Total Unusual Items Excluding Goodwill": 3455676.0,
        "Net Income From Continuing Operation Net Minority Interest": -87471.0,
        "Reconciled Depreciation": 1872556.0,
        "Reconciled Cost Of Revenue": 10552823.0,
        "EBITDA": 1809156.0,
        "EBIT": -63400.0,
        "Net Interest Income": 118269.0,
        "Interest Expense": 22257.0,
        "Interest Income": 140526.0,
        "Normalized Income": -2817455.04,
        "Net Income From Continuing And Discontinued Operation": -87471.0,
        "Total Expenses": 14105335.0,
        "Total Operating Income As Reported": -5130837.0,
        "Diluted Average Shares": 29937159.0,
        "Basic Average Shares": 29937159.0,
        "Diluted EPS": 0.0,
        "Basic EPS": 0.0,
        "Diluted NI Availto Com Stockholders": -145082.0,
        "Net Income Common Stockholders": -145082.0,
        "Preferred Stock Dividends": 57611.0,
        "Net Income": -87471.0,
        "Net Income Including Noncontrolling Interests": -87471.0,
        "Net Income Continuous Operations": -87471.0,
        "Tax Provision": 1814.0,
        "Pretax Income": -85657.0,
        "Other Income Expense": 3455676.0,
        "Special Income Charges": 1900000.0,
        "Other Special Charges": -1900000.0,
        "Gain On Sale Of Security": 1555676.0,
        "Net Non Operating Interest Income Expense": 118269.0,
        "Interest Expense Non Operating": 22257.0,
        "Interest Income Non Operating": 140526.0,
        "Operating Income": -3659602.0,
        "Operating Expense": 3552512.0,
        "Other Operating Expenses": -1471235.0,
        "Research And Development": 160049.0,
        "Selling General And Administration": 4863698.0,
        "Selling And Marketing Expense": 1661743.0,
        "General And Administrative Expense": 3201955.0,
        "Other Gand A": 3201955.0,
        "Gross Profit": -107090.0,
        "Cost Of Revenue": 10552823.0,
        "Total Revenue": 10445733.0,
        "Operating Revenue": 10445733.0
    }
}