{
    "2023-03-31": {
        "Tax Effect Of Unusual Items": NaN,
        "Tax Rate For Calcs": NaN,
        "Normalized EBITDA": NaN,
        "Total Unusual Items": NaN,
        "Total Unusual Items Excluding Goodwill": NaN,
        "Net Income From Continuing Operation Net Minority Interest": NaN,
        "Reconciled Depreciation": 0.0,
        "EBITDA": NaN,
        "EBIT": NaN,
        "Net Interest Income": NaN,
        "Interest Expense": NaN,
        "Interest Income": NaN,
        "Normalized Income": NaN,
        "Net Income From Continuing And Discontinued Operation": NaN,
        "Total Expenses": NaN,
        "Total Operating Income As Reported": NaN,
        "Diluted Average Shares": NaN,
        "Basic Average Shares": NaN,
        "Diluted EPS": NaN,
        "Basic EPS": NaN,
        "Diluted NI Availto Com Stockholders": NaN,
        "Net Income Common Stockholders": NaN,
        "Net Income": NaN,
        "Net Income Including Noncontrolling Interests": NaN,
        "Net Income Continuous Operations": NaN,
        "Tax Provision": NaN,
        "Pretax Income": NaN,
        "Other Income Expense": NaN,
        "Other Non Operating Income Expenses": NaN,
        "Gain On Sale Of Security": NaN,
        "Net Non Operating Interest Income Expense": NaN,
        "Interest Expense Non Operating": NaN,
        "Interest Income Non Operating": NaN,
        "Operating Income": NaN,
        "Operating Expense": NaN,
        "Research And Development": NaN,
        "Selling General And Administration": NaN,
        "General And Administrative Expense": NaN,
        "Other Gand A": NaN,
        "Total Revenue": NaN,
        "Operating Revenue": NaN
    },
    "2022-12-31": {
        "Tax Effect Of Unusual Items": -96965.4,
        "Tax Rate For Calcs": 0.21,
        "Normalized EBITDA": -7312270.0,
        "Total Unusual Items": -461740.0,
        "Total Unusual Items Excluding Goodwill": -461740.0,
        "Net Income From Continuing Operation Net Minority Interest": -8118272.0,
        "EBITDA": -7774010.0,
        "EBIT": -7774010.0,
        "Net Interest Income": 125841.0,
        "Interest Expense": NaN,
        "Interest Income": 125841.0,
        "Normalized Income": -7753497.4,
        "Net Income From Continuing And Discontinued Operation": -8118272.0,
        "Total Expenses": 7774010.0,
        "Total Operating Income As Reported": -7774010.0,
        "Diluted Average Shares": NaN,
        "Basic Average Shares": NaN,
        "Diluted EPS": NaN,
        "Basic EPS": NaN,
        "Diluted NI Availto Com Stockholders": -8118272.0,
        "Net Income Common Stockholders": -8118272.0,
        "Net Income": -8118272.0,
        "Net Income Including Noncontrolling Interests": -8118272.0,
        "Net Income Continuous Operations": -8118272.0,
        "Tax Provision": 8363.0,
        "Pretax Income": -8109909.0,
        "Other Income Expense": -461740.0,
        "Other Non Operating Income Expenses": NaN,
        "Gain On Sale Of Security": -461740.0,
        "Net Non Operating Interest Income Expense": 125841.0,
        "Interest Expense Non Operating": NaN,
        "Interest Income Non Operating": 125841.0,
        "Operating Income": -7774010.0,
        "Operating Expense": 7774010.0,
        "Research And Development": 6297486.0,
        "Selling General And Administration": 1476524.0,
        "General And Administrative Expense": 1476524.0,
        "Other Gand A": 1476524.0,
        "Total Revenue": 0.0,
        "Operating Revenue": 0.0
    },
    "2022-09-30": {
        "Tax Effect Of Unusual Items": NaN,
        "Tax Rate For Calcs": NaN,
        "Normalized EBITDA": NaN,
        "Total Unusual Items": NaN,
        "Total Unusual Items Excluding Goodwill": NaN,
        "Net Income From Continuing Operation Net Minority Interest": NaN,
        "Reconciled Depreciation": NaN,
        "EBITDA": NaN,
        "EBIT": NaN,
        "Net Interest Income": NaN,
        "Interest Expense": 0.0,
        "Interest Income": NaN,
        "Normalized Income": NaN,
        "Net Income From Continuing And Discontinued Operation": NaN,
        "Total Expenses": NaN,
        "Total Operating Income As Reported": NaN,
        "Diluted Average Shares": 19269989.0,
        "Basic Average Shares": 19269989.0,
        "Diluted EPS": -0.18,
        "Basic EPS": -0.18,
        "Diluted NI Availto Com Stockholders": NaN,
        "Net Income Common Stockholders": NaN,
        "Net Income": NaN,
        "Net Income Including Noncontrolling Interests": NaN,
        "Net Income Continuous Operations": NaN,
        "Tax Provision": NaN,
        "Pretax Income": NaN,
        "Other Income Expense": NaN,
        "Other Non Operating Income Expenses": -3641.0,
        "Gain On Sale Of Security": NaN,
        "Net Non Operating Interest Income Expense": NaN,
        "Interest Expense Non Operating": 0.0,
        "Interest Income Non Operating": NaN,
        "Operating Income": NaN,
        "Operating Expense": NaN,
        "Research And Development": NaN,
        "Selling General And Administration": NaN,
        "General And Administrative Expense": NaN,
        "Other Gand A": NaN,
        "Total Revenue": NaN,
        "Operating Revenue": NaN
    },
    "2022-06-30": {
        "Tax Effect Of Unusual Items": 71208.4,
        "Tax Rate For Calcs": 0.4,
        "Normalized EBITDA": -5697509.0,
        "Total Unusual Items": 178021.0,
        "Total Unusual Items Excluding Goodwill": 178021.0,
        "Net Income From Continuing Operation Net Minority Interest": -5340704.0,
        "EBITDA": -5519488.0,
        "EBIT": -5519488.0,
        "Net Interest Income": 7684.0,
        "Interest Expense": NaN,
        "Interest Income": 7684.0,
        "Normalized Income": -5447516.6,
        "Net Income From Continuing And Discontinued Operation": -5340704.0,
        "Total Expenses": 5519488.0,
        "Total Operating Income As Reported": -5519488.0,
        "Diluted Average Shares": 18466586.0,
        "Basic Average Shares": 18466586.0,
        "Diluted EPS": -0.29,
        "Basic EPS": -0.29,
        "Diluted NI Availto Com Stockholders": -5340704.0,
        "Net Income Common Stockholders": -5340704.0,
        "Net Income": -5340704.0,
        "Net Income Including Noncontrolling Interests": -5340704.0,
        "Net Income Continuous Operations": -5340704.0,
        "Tax Provision": 6921.0,
        "Pretax Income": -5333783.0,
        "Other Income Expense": 178021.0,
        "Other Non Operating Income Expenses": NaN,
        "Gain On Sale Of Security": 178021.0,
        "Net Non Operating Interest Income Expense": 7684.0,
        "Interest Expense Non Operating": NaN,
        "Interest Income Non Operating": 7684.0,
        "Operating Income": -5519488.0,
        "Operating Expense": 5519488.0,
        "Research And Development": 4514389.0,
        "Selling General And Administration": 1005099.0,
        "General And Administrative Expense": 1005099.0,
        "Other Gand A": 1005099.0,
        "Total Revenue": 0.0,
        "Operating Revenue": 0.0
    },
    "2022-03-31": {
        "Diluted EPS": -0.4,
        "Total Revenue": NaN,
        "Gross Profit": NaN,
        "Operating Income": -7,
        "EBIT": -7,
        "Net Income": -7
    },
    "2021-12-31": {
        "Diluted EPS": -0.24,
        "Total Revenue": NaN,
        "Gross Profit": NaN,
        "Operating Income": -4,
        "EBIT": -4,
        "Net Income": -4
    },
    "2021-09-30": {
        "Diluted EPS": -0.12,
        "Total Revenue": NaN,
        "Gross Profit": NaN,
        "Operating Income": -2,
        "EBIT": -2,
        "Net Income": -2
    },
    "2021-06-30": {
        "Diluted EPS": -0.12,
        "Total Revenue": NaN,
        "Gross Profit": NaN,
        "Operating Income": -2,
        "EBIT": -2,
        "Net Income": -2
    },
    "2021-03-31": {
        "Diluted EPS": -0.1,
        "Total Revenue": NaN,
        "Gross Profit": NaN,
        "Operating Income": -2,
        "EBIT": -2,
        "Net Income": -1
    },
    "2020-12-31": {
        "Diluted EPS": -0.83,
        "Total Revenue": NaN,
        "Gross Profit": NaN,
        "Operating Income": -1,
        "EBIT": -1,
        "Net Income": -3
    },
    "2020-11-30": {
        "Diluted EPS": -0.13,
        "Total Revenue": NaN,
        "Gross Profit": NaN,
        "Operating Income": 0,
        "EBIT": 0,
        "Net Income": 0
    },
    "2020-09-30": {
        "Diluted EPS": -0.24,
        "Total Revenue": NaN,
        "Gross Profit": NaN,
        "Operating Income": -1,
        "EBIT": -1,
        "Net Income": -1
    },
    "2020-08-31": {
        "Diluted EPS": -0.19,
        "Total Revenue": NaN,
        "Gross Profit": NaN,
        "Operating Income": -1,
        "EBIT": -1,
        "Net Income": -1
    },
    "2020-06-30": {
        "Diluted EPS": -0.31,
        "Total Revenue": NaN,
        "Gross Profit": NaN,
        "Operating Income": -1,
        "EBIT": -1,
        "Net Income": -1
    },
    "2020-05-31": {
        "Diluted EPS": -0.09,
        "Total Revenue": NaN,
        "Gross Profit": NaN,
        "Operating Income": 0,
        "EBIT": 0,
        "Net Income": 0
    },
    "2020-03-31": {
        "Diluted EPS": -0.27,
        "Total Revenue": NaN,
        "Gross Profit": NaN,
        "Operating Income": -1,
        "EBIT": -1,
        "Net Income": -1
    },
    "2020-02-29": {
        "Diluted EPS": 0.0,
        "Total Revenue": NaN,
        "Gross Profit": NaN,
        "Operating Income": NaN,
        "EBIT": NaN,
        "Net Income": NaN
    },
    "2019-12-31": {
        "Diluted EPS": -0.23,
        "Total Revenue": NaN,
        "Gross Profit": NaN,
        "Operating Income": 0,
        "EBIT": 0,
        "Net Income": -2
    },
    "2019-11-30": {
        "Diluted EPS": -0.05,
        "Total Revenue": NaN,
        "Gross Profit": NaN,
        "Operating Income": 0,
        "EBIT": 0,
        "Net Income": 0
    },
    "2019-08-31": {
        "Diluted EPS": -0.02,
        "Total Revenue": NaN,
        "Gross Profit": NaN,
        "Operating Income": 0,
        "EBIT": 0,
        "Net Income": 0
    },
    "2019-05-31": {
        "Diluted EPS": -0.01,
        "Total Revenue": NaN,
        "Gross Profit": NaN,
        "Operating Income": 0,
        "EBIT": 0,
        "Net Income": 0
    },
    "2019-02-28": {
        "Diluted EPS": 0.0,
        "Total Revenue": NaN,
        "Gross Profit": NaN,
        "Operating Income": NaN,
        "EBIT": NaN,
        "Net Income": NaN
    },
    "2018-12-31": {
        "Diluted EPS": 0.0,
        "Total Revenue": NaN,
        "Gross Profit": NaN,
        "Operating Income": 0,
        "EBIT": 0,
        "Net Income": 0
    },
    "2018-11-30": {
        "Diluted EPS": -0.02,
        "Total Revenue": NaN,
        "Gross Profit": NaN,
        "Operating Income": 0,
        "EBIT": 0,
        "Net Income": 0
    },
    "2018-08-31": {
        "Diluted EPS": 0.0,
        "Total Revenue": NaN,
        "Gross Profit": NaN,
        "Operating Income": 0,
        "EBIT": 0,
        "Net Income": 0
    },
    "2018-06-30": {
        "Diluted EPS": 0.0,
        "Total Revenue": NaN,
        "Gross Profit": NaN,
        "Operating Income": 0,
        "EBIT": 0,
        "Net Income": 0
    },
    "2018-05-31": {
        "Diluted EPS": -0.01,
        "Total Revenue": NaN,
        "Gross Profit": NaN,
        "Operating Income": 0,
        "EBIT": 0,
        "Net Income": 0
    },
    "2018-03-31": {
        "Diluted EPS": 0.0,
        "Total Revenue": NaN,
        "Gross Profit": NaN,
        "Operating Income": 0,
        "EBIT": 0,
        "Net Income": 0
    },
    "2023-06-30": {
        "Tax Effect Of Unusual Items": NaN,
        "Tax Rate For Calcs": NaN,
        "Normalized EBITDA": NaN,
        "Total Unusual Items": NaN,
        "Total Unusual Items Excluding Goodwill": NaN,
        "Net Income From Continuing Operation Net Minority Interest": NaN,
        "Reconciled Depreciation": NaN,
        "EBITDA": NaN,
        "EBIT": NaN,
        "Net Interest Income": NaN,
        "Interest Expense": 12759.0,
        "Interest Income": NaN,
        "Normalized Income": NaN,
        "Net Income From Continuing And Discontinued Operation": NaN,
        "Total Expenses": NaN,
        "Total Operating Income As Reported": NaN,
        "Diluted Average Shares": 22434781.0,
        "Basic Average Shares": 22434781.0,
        "Diluted EPS": -0.52,
        "Basic EPS": -0.52,
        "Diluted NI Availto Com Stockholders": NaN,
        "Net Income Common Stockholders": NaN,
        "Net Income": NaN,
        "Net Income Including Noncontrolling Interests": NaN,
        "Net Income Continuous Operations": NaN,
        "Tax Provision": NaN,
        "Pretax Income": NaN,
        "Other Income Expense": NaN,
        "Other Non Operating Income Expenses": -19.0,
        "Gain On Sale Of Security": NaN,
        "Net Non Operating Interest Income Expense": NaN,
        "Interest Expense Non Operating": 12759.0,
        "Interest Income Non Operating": NaN,
        "Operating Income": NaN,
        "Operating Expense": NaN,
        "Research And Development": NaN,
        "Selling General And Administration": NaN,
        "General And Administrative Expense": NaN,
        "Other Gand A": NaN,
        "Total Revenue": NaN,
        "Operating Revenue": NaN
    },
    "2023-09-30": {
        "Tax Effect Of Unusual Items": NaN,
        "Tax Rate For Calcs": NaN,
        "Normalized EBITDA": NaN,
        "Total Unusual Items": NaN,
        "Total Unusual Items Excluding Goodwill": NaN,
        "Net Income From Continuing Operation Net Minority Interest": NaN,
        "Reconciled Depreciation": NaN,
        "EBITDA": NaN,
        "EBIT": NaN,
        "Net Interest Income": NaN,
        "Interest Expense": NaN,
        "Interest Income": NaN,
        "Normalized Income": NaN,
        "Net Income From Continuing And Discontinued Operation": NaN,
        "Total Expenses": NaN,
        "Total Operating Income As Reported": NaN,
        "Diluted Average Shares": 24033665.0,
        "Basic Average Shares": 24033665.0,
        "Diluted EPS": -0.44,
        "Basic EPS": -0.44,
        "Diluted NI Availto Com Stockholders": NaN,
        "Net Income Common Stockholders": NaN,
        "Net Income": NaN,
        "Net Income Including Noncontrolling Interests": NaN,
        "Net Income Continuous Operations": NaN,
        "Tax Provision": NaN,
        "Pretax Income": NaN,
        "Other Income Expense": NaN,
        "Other Non Operating Income Expenses": NaN,
        "Gain On Sale Of Security": NaN,
        "Net Non Operating Interest Income Expense": NaN,
        "Interest Expense Non Operating": NaN,
        "Interest Income Non Operating": NaN,
        "Operating Income": NaN,
        "Operating Expense": NaN,
        "Research And Development": NaN,
        "Selling General And Administration": NaN,
        "General And Administrative Expense": NaN,
        "Other Gand A": NaN,
        "Total Revenue": NaN,
        "Operating Revenue": NaN
    },
    "2023-12-31": {
        "Tax Effect Of Unusual Items": 31.439661,
        "Tax Rate For Calcs": 0.000471,
        "Normalized EBITDA": -10075903.0,
        "Total Unusual Items": 66756.0,
        "Total Unusual Items Excluding Goodwill": 66756.0,
        "Net Income From Continuing Operation Net Minority Interest": -9724403.0,
        "Reconciled Depreciation": NaN,
        "EBITDA": -10009147.0,
        "EBIT": -10009147.0,
        "Net Interest Income": 177524.0,
        "Interest Expense": NaN,
        "Interest Income": 157110.0,
        "Normalized Income": -9791127.560339,
        "Net Income From Continuing And Discontinued Operation": -9724403.0,
        "Total Expenses": 9988485.0,
        "Total Operating Income As Reported": -9988485.0,
        "Diluted Average Shares": NaN,
        "Basic Average Shares": NaN,
        "Diluted EPS": NaN,
        "Basic EPS": NaN,
        "Diluted NI Availto Com Stockholders": -9724403.0,
        "Net Income Common Stockholders": -9724403.0,
        "Net Income": -9724403.0,
        "Net Income Including Noncontrolling Interests": -9724403.0,
        "Net Income Continuous Operations": -9724403.0,
        "Tax Provision": -4582.0,
        "Pretax Income": -9728985.0,
        "Other Income Expense": 81976.0,
        "Other Non Operating Income Expenses": NaN,
        "Gain On Sale Of Security": 66756.0,
        "Net Non Operating Interest Income Expense": 177524.0,
        "Interest Expense Non Operating": NaN,
        "Interest Income Non Operating": 157110.0,
        "Operating Income": -9988485.0,
        "Operating Expense": 9988485.0,
        "Research And Development": 8476295.0,
        "Selling General And Administration": 1512190.0,
        "General And Administrative Expense": 1512190.0,
        "Other Gand A": 1512190.0,
        "Total Revenue": 0.0,
        "Operating Revenue": 0.0
    },
    "2024-03-31": {
        "Tax Effect Of Unusual Items": NaN,
        "Tax Rate For Calcs": NaN,
        "Normalized EBITDA": NaN,
        "Total Unusual Items": NaN,
        "Total Unusual Items Excluding Goodwill": NaN,
        "Net Income From Continuing Operation Net Minority Interest": NaN,
        "Reconciled Depreciation": 0.0,
        "EBITDA": NaN,
        "EBIT": NaN,
        "Net Interest Income": NaN,
        "Interest Expense": NaN,
        "Interest Income": NaN,
        "Normalized Income": NaN,
        "Net Income From Continuing And Discontinued Operation": NaN,
        "Total Expenses": NaN,
        "Total Operating Income As Reported": NaN,
        "Diluted Average Shares": NaN,
        "Basic Average Shares": NaN,
        "Diluted EPS": NaN,
        "Basic EPS": NaN,
        "Diluted NI Availto Com Stockholders": NaN,
        "Net Income Common Stockholders": NaN,
        "Net Income": NaN,
        "Net Income Including Noncontrolling Interests": NaN,
        "Net Income Continuous Operations": NaN,
        "Tax Provision": NaN,
        "Pretax Income": NaN,
        "Other Income Expense": NaN,
        "Other Non Operating Income Expenses": NaN,
        "Gain On Sale Of Security": NaN,
        "Net Non Operating Interest Income Expense": NaN,
        "Interest Expense Non Operating": NaN,
        "Interest Income Non Operating": NaN,
        "Operating Income": NaN,
        "Operating Expense": NaN,
        "Research And Development": NaN,
        "Selling General And Administration": NaN,
        "General And Administrative Expense": NaN,
        "Other Gand A": NaN,
        "Total Revenue": NaN,
        "Operating Revenue": NaN
    },
    "2024-06-30": {
        "Tax Effect Of Unusual Items": NaN,
        "Tax Rate For Calcs": NaN,
        "Normalized EBITDA": NaN,
        "Total Unusual Items": NaN,
        "Total Unusual Items Excluding Goodwill": NaN,
        "Net Income From Continuing Operation Net Minority Interest": NaN,
        "Reconciled Depreciation": NaN,
        "EBITDA": NaN,
        "EBIT": NaN,
        "Net Interest Income": NaN,
        "Interest Expense": NaN,
        "Interest Income": NaN,
        "Normalized Income": NaN,
        "Net Income From Continuing And Discontinued Operation": NaN,
        "Total Expenses": NaN,
        "Total Operating Income As Reported": NaN,
        "Diluted Average Shares": 30555012.0,
        "Basic Average Shares": 30555012.0,
        "Diluted EPS": -0.26,
        "Basic EPS": -0.26,
        "Diluted NI Availto Com Stockholders": NaN,
        "Net Income Common Stockholders": NaN,
        "Net Income": NaN,
        "Net Income Including Noncontrolling Interests": NaN,
        "Net Income Continuous Operations": NaN,
        "Tax Provision": NaN,
        "Pretax Income": NaN,
        "Other Income Expense": NaN,
        "Other Non Operating Income Expenses": NaN,
        "Gain On Sale Of Security": NaN,
        "Net Non Operating Interest Income Expense": NaN,
        "Interest Expense Non Operating": NaN,
        "Interest Income Non Operating": NaN,
        "Operating Income": NaN,
        "Operating Expense": NaN,
        "Research And Development": NaN,
        "Selling General And Administration": NaN,
        "General And Administrative Expense": NaN,
        "Other Gand A": NaN,
        "Total Revenue": NaN,
        "Operating Revenue": NaN
    },
    "2024-09-30": {
        "Tax Effect Of Unusual Items": 0.0,
        "Tax Rate For Calcs": 0.0,
        "Normalized EBITDA": -8432973.0,
        "Total Unusual Items": 72321.0,
        "Total Unusual Items Excluding Goodwill": 72321.0,
        "Net Income From Continuing Operation Net Minority Interest": -8365798.0,
        "Reconciled Depreciation": NaN,
        "EBITDA": -8360652.0,
        "EBIT": -8360652.0,
        "Net Interest Income": 48102.0,
        "Interest Expense": 5146.0,
        "Interest Income": 53248.0,
        "Normalized Income": -8438119.0,
        "Net Income From Continuing And Discontinued Operation": -8365798.0,
        "Total Expenses": 8462534.0,
        "Total Operating Income As Reported": -8462534.0,
        "Diluted Average Shares": 33804693.0,
        "Basic Average Shares": 33804693.0,
        "Diluted EPS": -0.25,
        "Basic EPS": -0.25,
        "Diluted NI Availto Com Stockholders": -8365798.0,
        "Net Income Common Stockholders": -8365798.0,
        "Net Income": -8365798.0,
        "Net Income Including Noncontrolling Interests": -8365798.0,
        "Net Income Continuous Operations": -8365798.0,
        "Tax Provision": 0.0,
        "Pretax Income": -8365798.0,
        "Other Income Expense": 48634.0,
        "Other Non Operating Income Expenses": -23687.0,
        "Gain On Sale Of Security": 72321.0,
        "Net Non Operating Interest Income Expense": 48102.0,
        "Interest Expense Non Operating": 5146.0,
        "Interest Income Non Operating": 53248.0,
        "Operating Income": -8462534.0,
        "Operating Expense": 8462534.0,
        "Research And Development": 6858285.0,
        "Selling General And Administration": 1604249.0,
        "General And Administrative Expense": 1604249.0,
        "Other Gand A": 1604249.0,
        "Total Revenue": 0.0,
        "Operating Revenue": 0.0
    },
    "2024-12-31": {
        "Tax Effect Of Unusual Items": -2336.46,
        "Tax Rate For Calcs": 0.21,
        "Normalized EBITDA": -6238907.0,
        "Total Unusual Items": -11126.0,
        "Total Unusual Items Excluding Goodwill": -11126.0,
        "Net Income From Continuing Operation Net Minority Interest": -6259477.0,
        "Reconciled Depreciation": NaN,
        "EBITDA": -6250033.0,
        "EBIT": -6250033.0,
        "Net Interest Income": 42702.0,
        "Interest Expense": 4711.0,
        "Interest Income": 47413.0,
        "Normalized Income": -6250687.46,
        "Net Income From Continuing And Discontinued Operation": -6259477.0,
        "Total Expenses": 6284606.0,
        "Total Operating Income As Reported": -6284606.0,
        "Diluted Average Shares": NaN,
        "Basic Average Shares": NaN,
        "Diluted EPS": NaN,
        "Basic EPS": NaN,
        "Diluted NI Availto Com Stockholders": -6259477.0,
        "Net Income Common Stockholders": -6259477.0,
        "Net Income": -6259477.0,
        "Net Income Including Noncontrolling Interests": -6259477.0,
        "Net Income Continuous Operations": -6259477.0,
        "Tax Provision": 4733.0,
        "Pretax Income": -6254744.0,
        "Other Income Expense": -12840.0,
        "Other Non Operating Income Expenses": -1714.0,
        "Gain On Sale Of Security": -11126.0,
        "Net Non Operating Interest Income Expense": 42702.0,
        "Interest Expense Non Operating": 4711.0,
        "Interest Income Non Operating": 47413.0,
        "Operating Income": -6284606.0,
        "Operating Expense": 6284606.0,
        "Research And Development": 4680871.0,
        "Selling General And Administration": 1603735.0,
        "General And Administrative Expense": 1603735.0,
        "Other Gand A": 1603735.0,
        "Total Revenue": 0.0,
        "Operating Revenue": 0.0
    },
    "2025-03-31": {
        "Tax Effect Of Unusual Items": 12850.74,
        "Tax Rate For Calcs": 0.21,
        "Normalized EBITDA": -6477201.0,
        "Total Unusual Items": 61194.0,
        "Total Unusual Items Excluding Goodwill": 61194.0,
        "Net Income From Continuing Operation Net Minority Interest": -6432840.0,
        "Reconciled Depreciation": NaN,
        "EBITDA": -6416007.0,
        "EBIT": -6416007.0,
        "Net Interest Income": 74491.0,
        "Interest Expense": 11620.0,
        "Interest Income": 86111.0,
        "Normalized Income": -6481183.26,
        "Net Income From Continuing And Discontinued Operation": -6432840.0,
        "Total Expenses": 6538167.0,
        "Total Operating Income As Reported": -6538167.0,
        "Diluted Average Shares": 48644339.0,
        "Basic Average Shares": 48644339.0,
        "Diluted EPS": -0.13,
        "Basic EPS": -0.13,
        "Diluted NI Availto Com Stockholders": -6432840.0,
        "Net Income Common Stockholders": -6432840.0,
        "Net Income": -6432840.0,
        "Net Income Including Noncontrolling Interests": -6432840.0,
        "Net Income Continuous Operations": -6432840.0,
        "Tax Provision": 5213.0,
        "Pretax Income": -6427627.0,
        "Other Income Expense": 36049.0,
        "Other Non Operating Income Expenses": -25145.0,
        "Gain On Sale Of Security": 61194.0,
        "Net Non Operating Interest Income Expense": 74491.0,
        "Interest Expense Non Operating": 11620.0,
        "Interest Income Non Operating": 86111.0,
        "Operating Income": -6538167.0,
        "Operating Expense": 6538167.0,
        "Research And Development": 4113537.0,
        "Selling General And Administration": 2424630.0,
        "General And Administrative Expense": 2424630.0,
        "Other Gand A": 2424630.0,
        "Total Revenue": 0.0,
        "Operating Revenue": 0.0
    },
    "2025-06-30": {
        "Tax Effect Of Unusual Items": 2336.46,
        "Tax Rate For Calcs": 0.21,
        "Normalized EBITDA": -6051985.0,
        "Total Unusual Items": 11126.0,
        "Total Unusual Items Excluding Goodwill": 11126.0,
        "Net Income From Continuing Operation Net Minority Interest": -6053610.0,
        "Reconciled Depreciation": NaN,
        "EBITDA": -6040859.0,
        "EBIT": -6040859.0,
        "Net Interest Income": 18050.0,
        "Interest Expense": 4797.0,
        "Interest Income": 22847.0,
        "Normalized Income": -6062399.54,
        "Net Income From Continuing And Discontinued Operation": -6053610.0,
        "Total Expenses": 6072982.0,
        "Total Operating Income As Reported": -6072982.0,
        "Diluted Average Shares": 49847872.0,
        "Basic Average Shares": 49847872.0,
        "Diluted EPS": -0.12,
        "Basic EPS": -0.12,
        "Diluted NI Availto Com Stockholders": -6053610.0,
        "Net Income Common Stockholders": -6053610.0,
        "Net Income": -6053610.0,
        "Net Income Including Noncontrolling Interests": -6053610.0,
        "Net Income Continuous Operations": -6053610.0,
        "Tax Provision": 7954.0,
        "Pretax Income": -6045656.0,
        "Other Income Expense": 9276.0,
        "Other Non Operating Income Expenses": -1850.0,
        "Gain On Sale Of Security": 11126.0,
        "Net Non Operating Interest Income Expense": 18050.0,
        "Interest Expense Non Operating": 4797.0,
        "Interest Income Non Operating": 22847.0,
        "Operating Income": -6072982.0,
        "Operating Expense": 6072982.0,
        "Research And Development": 3724755.0,
        "Selling General And Administration": 2348227.0,
        "General And Administrative Expense": 2348227.0,
        "Other Gand A": 2348227.0,
        "Total Revenue": 0.0,
        "Operating Revenue": 0.0
    },
    "2025-09-30": {
        "Tax Effect Of Unusual Items": -5841.36,
        "Tax Rate For Calcs": 0.21,
        "Normalized EBITDA": -3977512.0,
        "Total Unusual Items": -27816.0,
        "Total Unusual Items Excluding Goodwill": -27816.0,
        "Net Income From Continuing Operation Net Minority Interest": -4010773.0,
        "Reconciled Depreciation": NaN,
        "EBITDA": -4005328.0,
        "EBIT": -4005328.0,
        "Net Interest Income": 56498.0,
        "Interest Expense": 2605.0,
        "Interest Income": 59103.0,
        "Normalized Income": -3988798.36,
        "Net Income From Continuing And Discontinued Operation": -4010773.0,
        "Total Expenses": 4029841.0,
        "Total Operating Income As Reported": -4029841.0,
        "Diluted Average Shares": 72685740.0,
        "Basic Average Shares": 72685740.0,
        "Diluted EPS": -0.06,
        "Basic EPS": -0.06,
        "Diluted NI Availto Com Stockholders": -4010773.0,
        "Net Income Common Stockholders": -4010773.0,
        "Net Income": -4010773.0,
        "Net Income Including Noncontrolling Interests": -4010773.0,
        "Net Income Continuous Operations": -4010773.0,
        "Tax Provision": 2840.0,
        "Pretax Income": -4007933.0,
        "Other Income Expense": -34590.0,
        "Other Non Operating Income Expenses": -6774.0,
        "Gain On Sale Of Security": -27816.0,
        "Net Non Operating Interest Income Expense": 56498.0,
        "Interest Expense Non Operating": 2605.0,
        "Interest Income Non Operating": 59103.0,
        "Operating Income": -4029841.0,
        "Operating Expense": 4029841.0,
        "Research And Development": 2131444.0,
        "Selling General And Administration": 1898397.0,
        "General And Administrative Expense": 1898397.0,
        "Other Gand A": 1898397.0,
        "Total Revenue": 0.0,
        "Operating Revenue": 0.0
    }
}