{
    "2023-03-31": {
        "Tax Effect Of Unusual Items": 0.0,
        "Tax Rate For Calcs": 0.0,
        "Normalized EBITDA": -2983000.0,
        "Net Income From Continuing Operation Net Minority Interest": -2883000.0,
        "Reconciled Depreciation": 39000.0,
        "Reconciled Cost Of Revenue": 0.0,
        "EBITDA": -2983000.0,
        "EBIT": -3022000.0,
        "Net Interest Income": 139000.0,
        "Interest Income": 139000.0,
        "Normalized Income": -2883000.0,
        "Net Income From Continuing And Discontinued Operation": -2883000.0,
        "Total Expenses": 3022000.0,
        "Total Operating Income As Reported": -3022000.0,
        "Diluted Average Shares": 2004847.0,
        "Basic Average Shares": 2004847.0,
        "Diluted EPS": -1.44,
        "Basic EPS": -1.44,
        "Diluted NI Availto Com Stockholders": -2883000.0,
        "Net Income Common Stockholders": -2883000.0,
        "Net Income": -2883000.0,
        "Net Income Including Noncontrolling Interests": -2883000.0,
        "Net Income Continuous Operations": -2883000.0,
        "Pretax Income": -2883000.0,
        "Net Non Operating Interest Income Expense": 139000.0,
        "Interest Income Non Operating": 139000.0,
        "Operating Income": -3022000.0,
        "Operating Expense": 3022000.0,
        "Research And Development": 1844000.0,
        "Selling General And Administration": 1178000.0,
        "General And Administrative Expense": 1178000.0,
        "Other Gand A": 1178000.0,
        "Gross Profit": 0.0,
        "Cost Of Revenue": 0.0,
        "Total Revenue": 0.0,
        "Operating Revenue": 0.0
    },
    "2022-12-31": {
        "Tax Effect Of Unusual Items": 0.0,
        "Tax Rate For Calcs": 0.0,
        "Normalized EBITDA": -2525000.0,
        "Net Income From Continuing Operation Net Minority Interest": -2458000.0,
        "Reconciled Depreciation": 35000.0,
        "Reconciled Cost Of Revenue": 0.0,
        "EBITDA": -2525000.0,
        "EBIT": -2560000.0,
        "Net Interest Income": 102000.0,
        "Interest Income": NaN,
        "Normalized Income": -2458000.0,
        "Net Income From Continuing And Discontinued Operation": -2458000.0,
        "Total Expenses": 2560000.0,
        "Total Operating Income As Reported": -2560000.0,
        "Diluted Average Shares": 1987005.0,
        "Basic Average Shares": 1987005.0,
        "Diluted EPS": -1.2,
        "Basic EPS": -1.2,
        "Diluted NI Availto Com Stockholders": -2458000.0,
        "Net Income Common Stockholders": -2458000.0,
        "Net Income": -2458000.0,
        "Net Income Including Noncontrolling Interests": -2458000.0,
        "Net Income Continuous Operations": -2458000.0,
        "Pretax Income": -2458000.0,
        "Net Non Operating Interest Income Expense": 102000.0,
        "Interest Income Non Operating": NaN,
        "Operating Income": -2560000.0,
        "Operating Expense": 2560000.0,
        "Research And Development": -4235000.0,
        "Selling General And Administration": 6645000.0,
        "General And Administrative Expense": 6252000.0,
        "Other Gand A": -1612000.0,
        "Gross Profit": 0.0,
        "Cost Of Revenue": 0.0,
        "Total Revenue": 0.0,
        "Operating Revenue": 0.0
    },
    "2022-09-30": {
        "Tax Effect Of Unusual Items": NaN,
        "Tax Rate For Calcs": NaN,
        "Normalized EBITDA": NaN,
        "Net Income From Continuing Operation Net Minority Interest": NaN,
        "Reconciled Depreciation": NaN,
        "Reconciled Cost Of Revenue": NaN,
        "EBITDA": NaN,
        "EBIT": NaN,
        "Net Interest Income": NaN,
        "Interest Income": 33000.0,
        "Normalized Income": NaN,
        "Net Income From Continuing And Discontinued Operation": NaN,
        "Total Expenses": NaN,
        "Total Operating Income As Reported": NaN,
        "Diluted Average Shares": NaN,
        "Basic Average Shares": NaN,
        "Diluted EPS": NaN,
        "Basic EPS": NaN,
        "Diluted NI Availto Com Stockholders": NaN,
        "Net Income Common Stockholders": NaN,
        "Net Income": NaN,
        "Net Income Including Noncontrolling Interests": NaN,
        "Net Income Continuous Operations": NaN,
        "Pretax Income": NaN,
        "Net Non Operating Interest Income Expense": NaN,
        "Interest Income Non Operating": 33000.0,
        "Operating Income": NaN,
        "Operating Expense": NaN,
        "Research And Development": NaN,
        "Selling General And Administration": NaN,
        "General And Administrative Expense": NaN,
        "Other Gand A": NaN,
        "Gross Profit": NaN,
        "Cost Of Revenue": NaN,
        "Total Revenue": NaN,
        "Operating Revenue": NaN
    },
    "2022-06-30": {
        "Tax Effect Of Unusual Items": 0.0,
        "Tax Rate For Calcs": 0.0,
        "Normalized EBITDA": -2961000.0,
        "Net Income From Continuing Operation Net Minority Interest": -2902000.0,
        "Reconciled Depreciation": 37000.0,
        "Reconciled Cost Of Revenue": 0.0,
        "EBITDA": -2961000.0,
        "EBIT": -2998000.0,
        "Net Interest Income": 96000.0,
        "Interest Income": 96000.0,
        "Normalized Income": -2902000.0,
        "Net Income From Continuing And Discontinued Operation": -2902000.0,
        "Total Expenses": 2998000.0,
        "Total Operating Income As Reported": -2998000.0,
        "Diluted Average Shares": 15671472.0,
        "Basic Average Shares": 15671472.0,
        "Diluted EPS": -0.19,
        "Basic EPS": -0.19,
        "Diluted NI Availto Com Stockholders": -2902000.0,
        "Net Income Common Stockholders": -2902000.0,
        "Net Income": -2902000.0,
        "Net Income Including Noncontrolling Interests": -2902000.0,
        "Net Income Continuous Operations": -2902000.0,
        "Pretax Income": -2902000.0,
        "Net Non Operating Interest Income Expense": 96000.0,
        "Total Other Finance Cost": NaN,
        "Interest Income Non Operating": 96000.0,
        "Operating Income": -2998000.0,
        "Operating Expense": 2998000.0,
        "Research And Development": 1683000.0,
        "Selling General And Administration": 1315000.0,
        "General And Administrative Expense": 1315000.0,
        "Other Gand A": 1315000.0,
        "Gross Profit": 0.0,
        "Cost Of Revenue": 0.0,
        "Total Revenue": 0.0,
        "Operating Revenue": 0.0
    },
    "2022-03-31": {
        "Diluted EPS": -0.26,
        "Total Revenue": 0,
        "Gross Profit": 0,
        "Operating Income": -2,
        "EBIT": -2,
        "Net Income": -2
    },
    "2021-12-31": {
        "Diluted EPS": -0.28,
        "Total Revenue": 0,
        "Gross Profit": 0,
        "Operating Income": -3,
        "EBIT": -3,
        "Net Income": -2
    },
    "2021-09-30": {
        "Diluted EPS": -0.28,
        "Total Revenue": NaN,
        "Gross Profit": NaN,
        "Operating Income": -2,
        "EBIT": -2,
        "Net Income": -3
    },
    "2021-06-30": {
        "Diluted EPS": -0.24,
        "Total Revenue": 0,
        "Gross Profit": 0,
        "Operating Income": -2,
        "EBIT": -2,
        "Net Income": -2
    },
    "2021-03-31": {
        "Diluted EPS": -0.32,
        "Total Revenue": NaN,
        "Gross Profit": NaN,
        "Operating Income": -3,
        "EBIT": -3,
        "Net Income": -3
    },
    "2020-12-31": {
        "Diluted EPS": 0.0,
        "Total Revenue": NaN,
        "Gross Profit": NaN,
        "Operating Income": NaN,
        "EBIT": NaN,
        "Net Income": NaN
    },
    "2023-06-30": {
        "Tax Effect Of Unusual Items": 0.0,
        "Tax Rate For Calcs": 0.0,
        "Normalized EBITDA": -2922000.0,
        "Net Income From Continuing Operation Net Minority Interest": -2952000.0,
        "Reconciled Depreciation": 41000.0,
        "Reconciled Cost Of Revenue": 0.0,
        "EBITDA": -2922000.0,
        "EBIT": -2963000.0,
        "Net Interest Income": 11000.0,
        "Interest Income": 11000.0,
        "Normalized Income": -2952000.0,
        "Net Income From Continuing And Discontinued Operation": -2952000.0,
        "Total Expenses": 2963000.0,
        "Total Operating Income As Reported": -2963000.0,
        "Diluted Average Shares": 2361493.0,
        "Basic Average Shares": 2361493.0,
        "Diluted EPS": -1.28,
        "Basic EPS": -1.28,
        "Diluted NI Availto Com Stockholders": -2952000.0,
        "Net Income Common Stockholders": -2952000.0,
        "Net Income": -2952000.0,
        "Net Income Including Noncontrolling Interests": -2952000.0,
        "Net Income Continuous Operations": -2952000.0,
        "Pretax Income": -2952000.0,
        "Net Non Operating Interest Income Expense": 11000.0,
        "Interest Income Non Operating": 11000.0,
        "Operating Income": -2963000.0,
        "Operating Expense": 2963000.0,
        "Research And Development": 1838000.0,
        "Selling General And Administration": 1125000.0,
        "General And Administrative Expense": 1125000.0,
        "Other Gand A": 1125000.0,
        "Gross Profit": 0.0,
        "Cost Of Revenue": 0.0,
        "Total Revenue": 0.0,
        "Operating Revenue": 0.0
    },
    "2023-09-30": {
        "Tax Effect Of Unusual Items": 0.0,
        "Tax Rate For Calcs": 0.0,
        "Normalized EBITDA": -2776000.0,
        "Net Income From Continuing Operation Net Minority Interest": -2788000.0,
        "Reconciled Depreciation": 45000.0,
        "Reconciled Cost Of Revenue": 61000.0,
        "EBITDA": -2776000.0,
        "EBIT": -2821000.0,
        "Net Interest Income": 33000.0,
        "Interest Income": 33000.0,
        "Normalized Income": -2788000.0,
        "Net Income From Continuing And Discontinued Operation": -2788000.0,
        "Total Expenses": 2963000.0,
        "Total Operating Income As Reported": -2821000.0,
        "Diluted Average Shares": 2998278.0,
        "Basic Average Shares": 2998278.0,
        "Diluted EPS": -0.93,
        "Basic EPS": -0.93,
        "Diluted NI Availto Com Stockholders": -2788000.0,
        "Net Income Common Stockholders": -2788000.0,
        "Net Income": -2788000.0,
        "Net Income Including Noncontrolling Interests": -2788000.0,
        "Net Income Continuous Operations": -2788000.0,
        "Pretax Income": -2788000.0,
        "Net Non Operating Interest Income Expense": 33000.0,
        "Interest Income Non Operating": 33000.0,
        "Operating Income": -2821000.0,
        "Operating Expense": 2902000.0,
        "Research And Development": 1852000.0,
        "Selling General And Administration": 1050000.0,
        "General And Administrative Expense": 1050000.0,
        "Other Gand A": 1050000.0,
        "Gross Profit": 81000.0,
        "Cost Of Revenue": 61000.0,
        "Total Revenue": 142000.0,
        "Operating Revenue": 142000.0
    },
    "2023-12-31": {
        "Tax Effect Of Unusual Items": 0.0,
        "Tax Rate For Calcs": 0.0,
        "Normalized EBITDA": -2551000.0,
        "Net Income From Continuing Operation Net Minority Interest": -2525000.0,
        "Reconciled Depreciation": 46000.0,
        "Reconciled Cost Of Revenue": 0.0,
        "EBITDA": -2551000.0,
        "EBIT": -2597000.0,
        "Net Interest Income": 72000.0,
        "Interest Income": NaN,
        "Normalized Income": -2525000.0,
        "Net Income From Continuing And Discontinued Operation": -2525000.0,
        "Total Expenses": 2597000.0,
        "Total Operating Income As Reported": -2597000.0,
        "Diluted Average Shares": 2998278.0,
        "Basic Average Shares": 2998278.0,
        "Diluted EPS": -0.84,
        "Basic EPS": -0.84,
        "Diluted NI Availto Com Stockholders": -2525000.0,
        "Net Income Common Stockholders": -2525000.0,
        "Net Income": -2525000.0,
        "Net Income Including Noncontrolling Interests": -2525000.0,
        "Net Income Continuous Operations": -2525000.0,
        "Pretax Income": -2525000.0,
        "Net Non Operating Interest Income Expense": 72000.0,
        "Interest Income Non Operating": NaN,
        "Operating Income": -2597000.0,
        "Operating Expense": 2597000.0,
        "Research And Development": 1611000.0,
        "Selling General And Administration": 966000.0,
        "General And Administrative Expense": 509000.0,
        "Other Gand A": -1657000.0,
        "Gross Profit": 0.0,
        "Cost Of Revenue": 0.0,
        "Total Revenue": 0.0,
        "Operating Revenue": 0.0
    }
}