{
    "2023-03-31": {
        "Tax Effect Of Unusual Items": NaN,
        "Tax Rate For Calcs": NaN,
        "Normalized EBITDA": NaN,
        "Total Unusual Items": NaN,
        "Total Unusual Items Excluding Goodwill": NaN,
        "Net Income From Continuing Operation Net Minority Interest": NaN,
        "Reconciled Depreciation": NaN,
        "Reconciled Cost Of Revenue": NaN,
        "EBITDA": NaN,
        "EBIT": NaN,
        "Net Interest Income": NaN,
        "Interest Expense": NaN,
        "Normalized Income": NaN,
        "Net Income From Continuing And Discontinued Operation": NaN,
        "Total Expenses": NaN,
        "Total Operating Income As Reported": NaN,
        "Diluted Average Shares": NaN,
        "Basic Average Shares": NaN,
        "Diluted EPS": NaN,
        "Basic EPS": NaN,
        "Diluted NI Availto Com Stockholders": NaN,
        "Net Income Common Stockholders": NaN,
        "Net Income": NaN,
        "Net Income Including Noncontrolling Interests": NaN,
        "Net Income Continuous Operations": NaN,
        "Tax Provision": NaN,
        "Pretax Income": NaN,
        "Other Income Expense": NaN,
        "Other Non Operating Income Expenses": NaN,
        "Special Income Charges": NaN,
        "Other Special Charges": NaN,
        "Impairment Of Capital Assets": NaN,
        "Restructuring And Mergern Acquisition": NaN,
        "Gain On Sale Of Security": 168000.0,
        "Net Non Operating Interest Income Expense": NaN,
        "Interest Expense Non Operating": NaN,
        "Operating Income": NaN,
        "Operating Expense": NaN,
        "Depreciation Amortization Depletion Income Statement": NaN,
        "Depreciation And Amortization In Income Statement": NaN,
        "Research And Development": NaN,
        "Selling General And Administration": NaN,
        "Selling And Marketing Expense": NaN,
        "General And Administrative Expense": NaN,
        "Other Gand A": NaN,
        "Salaries And Wages": NaN,
        "Gross Profit": NaN,
        "Cost Of Revenue": NaN,
        "Total Revenue": NaN,
        "Operating Revenue": NaN
    },
    "2022-12-31": {
        "Tax Effect Of Unusual Items": NaN,
        "Tax Rate For Calcs": NaN,
        "Normalized EBITDA": NaN,
        "Total Unusual Items": 2265148.0,
        "Total Unusual Items Excluding Goodwill": 2265148.0,
        "Net Income From Continuing Operation Net Minority Interest": NaN,
        "Reconciled Depreciation": NaN,
        "Reconciled Cost Of Revenue": NaN,
        "EBITDA": NaN,
        "EBIT": NaN,
        "Net Interest Income": NaN,
        "Interest Expense": NaN,
        "Normalized Income": NaN,
        "Net Income From Continuing And Discontinued Operation": NaN,
        "Total Expenses": NaN,
        "Total Operating Income As Reported": NaN,
        "Diluted Average Shares": NaN,
        "Basic Average Shares": NaN,
        "Diluted EPS": NaN,
        "Basic EPS": NaN,
        "Diluted NI Availto Com Stockholders": NaN,
        "Net Income Common Stockholders": NaN,
        "Net Income": NaN,
        "Net Income Including Noncontrolling Interests": NaN,
        "Net Income Continuous Operations": NaN,
        "Tax Provision": NaN,
        "Pretax Income": NaN,
        "Other Income Expense": NaN,
        "Other Non Operating Income Expenses": NaN,
        "Special Income Charges": NaN,
        "Other Special Charges": NaN,
        "Gain On Sale Of Security": 2265148.0,
        "Net Non Operating Interest Income Expense": NaN,
        "Interest Expense Non Operating": NaN,
        "Operating Income": NaN,
        "Operating Expense": NaN,
        "Depreciation Amortization Depletion Income Statement": NaN,
        "Depreciation And Amortization In Income Statement": NaN,
        "Research And Development": NaN,
        "Selling General And Administration": NaN,
        "Selling And Marketing Expense": NaN,
        "General And Administrative Expense": NaN,
        "Other Gand A": NaN,
        "Salaries And Wages": NaN,
        "Gross Profit": NaN,
        "Cost Of Revenue": NaN,
        "Total Revenue": NaN,
        "Operating Revenue": NaN
    },
    "2022-09-30": {
        "Tax Effect Of Unusual Items": NaN,
        "Tax Rate For Calcs": NaN,
        "Normalized EBITDA": NaN,
        "Total Unusual Items": NaN,
        "Total Unusual Items Excluding Goodwill": NaN,
        "Net Income From Continuing Operation Net Minority Interest": NaN,
        "Reconciled Depreciation": NaN,
        "Reconciled Cost Of Revenue": NaN,
        "EBITDA": NaN,
        "EBIT": NaN,
        "Net Interest Income": NaN,
        "Interest Expense": NaN,
        "Interest Income": 1632000.0,
        "Normalized Income": NaN,
        "Net Income From Continuing And Discontinued Operation": NaN,
        "Total Expenses": NaN,
        "Total Operating Income As Reported": NaN,
        "Diluted Average Shares": 4710495.0,
        "Basic Average Shares": 4710495.0,
        "Diluted EPS": -3.37,
        "Basic EPS": -3.37,
        "Diluted NI Availto Com Stockholders": NaN,
        "Net Income Common Stockholders": NaN,
        "Net Income": NaN,
        "Net Income Including Noncontrolling Interests": NaN,
        "Net Income Continuous Operations": NaN,
        "Tax Provision": NaN,
        "Pretax Income": NaN,
        "Other Income Expense": NaN,
        "Other Non Operating Income Expenses": NaN,
        "Special Income Charges": -8105000.0,
        "Other Special Charges": 8105000.0,
        "Gain On Sale Of Security": NaN,
        "Net Non Operating Interest Income Expense": NaN,
        "Interest Expense Non Operating": NaN,
        "Interest Income Non Operating": 1632000.0,
        "Operating Income": NaN,
        "Operating Expense": NaN,
        "Depreciation Amortization Depletion Income Statement": NaN,
        "Depreciation And Amortization In Income Statement": NaN,
        "Research And Development": NaN,
        "Selling General And Administration": NaN,
        "Selling And Marketing Expense": NaN,
        "General And Administrative Expense": NaN,
        "Other Gand A": NaN,
        "Salaries And Wages": NaN,
        "Gross Profit": NaN,
        "Cost Of Revenue": NaN,
        "Total Revenue": NaN,
        "Operating Revenue": NaN
    },
    "2022-06-30": {
        "Tax Effect Of Unusual Items": 10549597.6,
        "Tax Rate For Calcs": 0.4,
        "Normalized EBITDA": -6466565.0,
        "Total Unusual Items": 26373994.0,
        "Total Unusual Items Excluding Goodwill": 26373994.0,
        "Net Income From Continuing Operation Net Minority Interest": 10410085.0,
        "Reconciled Depreciation": 2126607.0,
        "Reconciled Cost Of Revenue": 4142878.0,
        "EBITDA": 19907429.0,
        "EBIT": 17780822.0,
        "Net Interest Income": -7448180.0,
        "Interest Expense": 7448180.0,
        "Normalized Income": -5414311.4,
        "Net Income From Continuing And Discontinued Operation": 10410085.0,
        "Total Expenses": 15744643.0,
        "Total Operating Income As Reported": -8779065.0,
        "Diluted Average Shares": 4297746.0,
        "Basic Average Shares": 4297746.0,
        "Diluted EPS": 2.8,
        "Basic EPS": 2.8,
        "Diluted NI Availto Com Stockholders": 10410085.0,
        "Net Income Common Stockholders": 10410085.0,
        "Net Income": 10410085.0,
        "Net Income Including Noncontrolling Interests": 10410085.0,
        "Net Income Continuous Operations": 10410085.0,
        "Tax Provision": -77443.0,
        "Pretax Income": 10332642.0,
        "Other Income Expense": 26559887.0,
        "Other Non Operating Income Expenses": 185893.0,
        "Special Income Charges": NaN,
        "Gain On Sale Of Security": 26373994.0,
        "Net Non Operating Interest Income Expense": -7448180.0,
        "Interest Expense Non Operating": 7448180.0,
        "Operating Income": -8779065.0,
        "Operating Expense": 11601765.0,
        "Depreciation Amortization Depletion Income Statement": 2126607.0,
        "Depreciation And Amortization In Income Statement": 2126607.0,
        "Amortization": 2092267.0,
        "Amortization Of Intangibles Income Statement": 2092267.0,
        "Depreciation Income Statement": 34340.0,
        "Research And Development": 1919944.0,
        "Selling General And Administration": 7555214.0,
        "Selling And Marketing Expense": 526852.0,
        "General And Administrative Expense": 7028362.0,
        "Other Gand A": 2521402.0,
        "Salaries And Wages": 4506960.0,
        "Gross Profit": 2822700.0,
        "Cost Of Revenue": 4142878.0,
        "Total Revenue": 6965578.0,
        "Operating Revenue": 6965578.0
    },
    "2022-03-31": {
        "Diluted EPS": -0.72,
        "Total Revenue": 4,
        "Gross Profit": 1,
        "Operating Income": -7,
        "EBIT": -7,
        "Net Income": -29
    },
    "2021-12-31": {
        "Diluted EPS": -0.35,
        "Total Revenue": 7,
        "Gross Profit": 2,
        "Operating Income": -17,
        "EBIT": -17,
        "Net Income": -16
    },
    "2021-09-30": {
        "Diluted EPS": -0.14,
        "Total Revenue": 8,
        "Gross Profit": 6,
        "Operating Income": -3,
        "EBIT": -2,
        "Net Income": -6
    },
    "2021-06-30": {
        "Diluted EPS": 0.0,
        "Total Revenue": 6,
        "Gross Profit": 5,
        "Operating Income": 0,
        "EBIT": 0,
        "Net Income": 0
    },
    "2021-03-31": {
        "Diluted EPS": -0.38,
        "Total Revenue": 5,
        "Gross Profit": 3,
        "Operating Income": -9,
        "EBIT": -9,
        "Net Income": -13
    },
    "2020-12-31": {
        "Diluted EPS": -0.14,
        "Total Revenue": 3,
        "Gross Profit": 2,
        "Operating Income": -3,
        "EBIT": -3,
        "Net Income": -4
    },
    "2020-09-30": {
        "Diluted EPS": -0.02,
        "Total Revenue": 3,
        "Gross Profit": 1,
        "Operating Income": 0,
        "EBIT": 0,
        "Net Income": 0
    },
    "2020-06-30": {
        "Diluted EPS": 0.17,
        "Total Revenue": 2,
        "Gross Profit": 1,
        "Operating Income": 0,
        "EBIT": 0,
        "Net Income": 5
    },
    "2020-03-31": {
        "Diluted EPS": -0.18,
        "Total Revenue": 0,
        "Gross Profit": 0,
        "Operating Income": -1,
        "EBIT": -1,
        "Net Income": -5
    },
    "2019-12-31": {
        "Diluted EPS": -0.11,
        "Total Revenue": -9,
        "Gross Profit": -10,
        "Operating Income": -5,
        "EBIT": -5,
        "Net Income": -3
    },
    "2019-09-30": {
        "Diluted EPS": 0.06,
        "Total Revenue": 15,
        "Gross Profit": 8,
        "Operating Income": 1,
        "EBIT": 1,
        "Net Income": 1
    },
    "2019-06-30": {
        "Diluted EPS": -0.06,
        "Total Revenue": 3,
        "Gross Profit": 0,
        "Operating Income": -1,
        "EBIT": -1,
        "Net Income": -1
    },
    "2019-03-31": {
        "Diluted EPS": -0.06,
        "Total Revenue": 1,
        "Gross Profit": 0,
        "Operating Income": 0,
        "EBIT": 0,
        "Net Income": -1
    },
    "2018-12-31": {
        "Diluted EPS": 0.0,
        "Total Revenue": 1,
        "Gross Profit": 0,
        "Operating Income": 0,
        "EBIT": 0,
        "Net Income": 0
    },
    "2018-09-30": {
        "Diluted EPS": 0.0,
        "Total Revenue": 0,
        "Gross Profit": 0,
        "Operating Income": -1,
        "EBIT": -1,
        "Net Income": -1
    },
    "2018-06-30": {
        "Diluted EPS": 0.0,
        "Total Revenue": 0,
        "Gross Profit": 0,
        "Operating Income": 0,
        "EBIT": 0,
        "Net Income": 0
    },
    "2018-03-31": {
        "Diluted EPS": 0.0,
        "Total Revenue": NaN,
        "Gross Profit": NaN,
        "Operating Income": 0,
        "EBIT": 0,
        "Net Income": 0
    },
    "2017-12-31": {
        "Diluted EPS": 0.0,
        "Total Revenue": NaN,
        "Gross Profit": NaN,
        "Operating Income": NaN,
        "EBIT": NaN,
        "Net Income": 0
    },
    "2017-09-30": {
        "Diluted EPS": 0.0,
        "Total Revenue": NaN,
        "Gross Profit": NaN,
        "Operating Income": NaN,
        "EBIT": NaN,
        "Net Income": 0
    },
    "2017-06-30": {
        "Diluted EPS": 0.0,
        "Total Revenue": NaN,
        "Gross Profit": NaN,
        "Operating Income": NaN,
        "EBIT": NaN,
        "Net Income": 0
    },
    "2017-03-31": {
        "Diluted EPS": 0.0,
        "Total Revenue": 0,
        "Gross Profit": 0,
        "Operating Income": 0,
        "EBIT": 0,
        "Net Income": 0
    },
    "2016-12-31": {
        "Diluted EPS": 0.06,
        "Total Revenue": 1,
        "Gross Profit": 0,
        "Operating Income": 0,
        "EBIT": 0,
        "Net Income": 0
    },
    "2016-09-30": {
        "Diluted EPS": -0.06,
        "Total Revenue": 0,
        "Gross Profit": 0,
        "Operating Income": 0,
        "EBIT": 0,
        "Net Income": 0
    },
    "2016-06-30": {
        "Diluted EPS": 0.0,
        "Total Revenue": 1,
        "Gross Profit": 0,
        "Operating Income": 0,
        "EBIT": 0,
        "Net Income": 0
    },
    "2016-03-31": {
        "Diluted EPS": 0.0,
        "Total Revenue": 0,
        "Gross Profit": 0,
        "Operating Income": 0,
        "EBIT": 0,
        "Net Income": 0
    },
    "2015-12-31": {
        "Diluted EPS": 0.0,
        "Total Revenue": 1,
        "Gross Profit": 0,
        "Operating Income": 0,
        "EBIT": 0,
        "Net Income": 0
    },
    "2015-09-30": {
        "Diluted EPS": 0.0,
        "Total Revenue": 0,
        "Gross Profit": 0,
        "Operating Income": 0,
        "EBIT": 0,
        "Net Income": 0
    },
    "2015-06-30": {
        "Diluted EPS": 0.06,
        "Total Revenue": 0,
        "Gross Profit": 0,
        "Operating Income": 0,
        "EBIT": 0,
        "Net Income": 0
    },
    "2015-03-31": {
        "Diluted EPS": 0.06,
        "Total Revenue": 0,
        "Gross Profit": 0,
        "Operating Income": 0,
        "EBIT": 0,
        "Net Income": 0
    },
    "2014-12-31": {
        "Diluted EPS": -0.06,
        "Total Revenue": 1,
        "Gross Profit": 0,
        "Operating Income": 0,
        "EBIT": 0,
        "Net Income": 0
    },
    "2014-09-30": {
        "Diluted EPS": 0.06,
        "Total Revenue": 0,
        "Gross Profit": 0,
        "Operating Income": 0,
        "EBIT": 0,
        "Net Income": 0
    },
    "2014-06-30": {
        "Diluted EPS": 0.0,
        "Total Revenue": 0,
        "Gross Profit": 0,
        "Operating Income": 0,
        "EBIT": 0,
        "Net Income": 0
    },
    "2014-03-31": {
        "Diluted EPS": 0.0,
        "Total Revenue": 1,
        "Gross Profit": 0,
        "Operating Income": 0,
        "EBIT": 0,
        "Net Income": 0
    },
    "2013-12-31": {
        "Diluted EPS": -0.18,
        "Total Revenue": 0,
        "Gross Profit": 0,
        "Operating Income": 0,
        "EBIT": 0,
        "Net Income": 0
    },
    "2013-09-30": {
        "Diluted EPS": 0.06,
        "Total Revenue": 1,
        "Gross Profit": 0,
        "Operating Income": 0,
        "EBIT": 0,
        "Net Income": 0
    },
    "2013-06-30": {
        "Diluted EPS": 0.0,
        "Total Revenue": 0,
        "Gross Profit": 0,
        "Operating Income": 0,
        "EBIT": 0,
        "Net Income": 0
    },
    "2013-03-31": {
        "Diluted EPS": 0.24,
        "Total Revenue": 1,
        "Gross Profit": 0,
        "Operating Income": 0,
        "EBIT": 0,
        "Net Income": 0
    },
    "2012-12-31": {
        "Diluted EPS": 0.12,
        "Total Revenue": 0,
        "Gross Profit": 0,
        "Operating Income": 0,
        "EBIT": 0,
        "Net Income": 0
    },
    "2012-09-30": {
        "Diluted EPS": 0.0,
        "Total Revenue": 0,
        "Gross Profit": 0,
        "Operating Income": 0,
        "EBIT": 0,
        "Net Income": 0
    },
    "2012-06-30": {
        "Diluted EPS": -0.06,
        "Total Revenue": 0,
        "Gross Profit": 0,
        "Operating Income": 0,
        "EBIT": 0,
        "Net Income": 0
    },
    "2012-03-31": {
        "Diluted EPS": 0.0,
        "Total Revenue": 0,
        "Gross Profit": 0,
        "Operating Income": 0,
        "EBIT": 0,
        "Net Income": 0
    },
    "2011-12-31": {
        "Diluted EPS": 0.0,
        "Total Revenue": 0,
        "Gross Profit": 0,
        "Operating Income": 0,
        "EBIT": 0,
        "Net Income": 0
    },
    "2011-09-30": {
        "Diluted EPS": 0.24,
        "Total Revenue": 0,
        "Gross Profit": 0,
        "Operating Income": 0,
        "EBIT": 0,
        "Net Income": 0
    },
    "2011-06-30": {
        "Diluted EPS": -0.06,
        "Total Revenue": NaN,
        "Gross Profit": NaN,
        "Operating Income": 0,
        "EBIT": 0,
        "Net Income": 0
    },
    "2011-03-31": {
        "Diluted EPS": -0.06,
        "Total Revenue": NaN,
        "Gross Profit": NaN,
        "Operating Income": 0,
        "EBIT": 0,
        "Net Income": 0
    },
    "2010-12-31": {
        "Diluted EPS": 0.0,
        "Total Revenue": 0,
        "Gross Profit": 0,
        "Operating Income": 0,
        "EBIT": 0,
        "Net Income": 0
    },
    "2010-09-30": {
        "Diluted EPS": -0.12,
        "Total Revenue": 0,
        "Gross Profit": 0,
        "Operating Income": 0,
        "EBIT": 0,
        "Net Income": 0
    },
    "2010-06-30": {
        "Diluted EPS": -0.12,
        "Total Revenue": 0,
        "Gross Profit": 0,
        "Operating Income": 0,
        "EBIT": 0,
        "Net Income": 0
    },
    "2010-03-31": {
        "Diluted EPS": -0.12,
        "Total Revenue": 0,
        "Gross Profit": 0,
        "Operating Income": 0,
        "EBIT": 0,
        "Net Income": 0
    },
    "2009-12-31": {
        "Diluted EPS": -0.06,
        "Total Revenue": 0,
        "Gross Profit": 0,
        "Operating Income": 0,
        "EBIT": 0,
        "Net Income": 0
    },
    "2009-09-30": {
        "Diluted EPS": 0.0,
        "Total Revenue": 0,
        "Gross Profit": 0,
        "Operating Income": 0,
        "EBIT": 0,
        "Net Income": 0
    },
    "2009-06-30": {
        "Diluted EPS": -0.06,
        "Total Revenue": 0,
        "Gross Profit": 0,
        "Operating Income": 0,
        "EBIT": 0,
        "Net Income": 0
    },
    "2009-03-31": {
        "Diluted EPS": -0.06,
        "Total Revenue": 0,
        "Gross Profit": 0,
        "Operating Income": 0,
        "EBIT": 0,
        "Net Income": 0
    },
    "2023-06-30": {
        "Tax Effect Of Unusual Items": NaN,
        "Tax Rate For Calcs": NaN,
        "Normalized EBITDA": NaN,
        "Total Unusual Items": -2610000.0,
        "Total Unusual Items Excluding Goodwill": -2610000.0,
        "Net Income From Continuing Operation Net Minority Interest": NaN,
        "Reconciled Depreciation": NaN,
        "Reconciled Cost Of Revenue": NaN,
        "EBITDA": NaN,
        "EBIT": NaN,
        "Net Interest Income": NaN,
        "Interest Expense": NaN,
        "Normalized Income": NaN,
        "Net Income From Continuing And Discontinued Operation": NaN,
        "Total Expenses": NaN,
        "Total Operating Income As Reported": NaN,
        "Diluted Average Shares": 5141710.0,
        "Basic Average Shares": 5141710.0,
        "Diluted EPS": -2.33,
        "Basic EPS": -2.33,
        "Diluted NI Availto Com Stockholders": NaN,
        "Net Income Common Stockholders": NaN,
        "Net Income": NaN,
        "Net Income Including Noncontrolling Interests": NaN,
        "Net Income Continuous Operations": NaN,
        "Tax Provision": NaN,
        "Pretax Income": NaN,
        "Other Income Expense": NaN,
        "Other Non Operating Income Expenses": NaN,
        "Special Income Charges": -2113000.0,
        "Other Special Charges": 2113000.0,
        "Impairment Of Capital Assets": 0.0,
        "Restructuring And Mergern Acquisition": 0.0,
        "Gain On Sale Of Security": -497000.0,
        "Net Non Operating Interest Income Expense": NaN,
        "Interest Expense Non Operating": NaN,
        "Operating Income": NaN,
        "Operating Expense": NaN,
        "Depreciation Amortization Depletion Income Statement": NaN,
        "Depreciation And Amortization In Income Statement": NaN,
        "Research And Development": NaN,
        "Selling General And Administration": NaN,
        "Selling And Marketing Expense": NaN,
        "General And Administrative Expense": NaN,
        "Other Gand A": NaN,
        "Salaries And Wages": NaN,
        "Gross Profit": NaN,
        "Cost Of Revenue": NaN,
        "Total Revenue": NaN,
        "Operating Revenue": NaN
    },
    "2023-09-30": {
        "Tax Effect Of Unusual Items": NaN,
        "Tax Rate For Calcs": NaN,
        "Normalized EBITDA": NaN,
        "Total Unusual Items": NaN,
        "Total Unusual Items Excluding Goodwill": NaN,
        "Net Income From Continuing Operation Net Minority Interest": NaN,
        "Reconciled Depreciation": NaN,
        "Reconciled Cost Of Revenue": NaN,
        "EBITDA": NaN,
        "EBIT": NaN,
        "Net Interest Income": NaN,
        "Interest Expense": NaN,
        "Normalized Income": NaN,
        "Net Income From Continuing And Discontinued Operation": NaN,
        "Total Expenses": NaN,
        "Total Operating Income As Reported": NaN,
        "Diluted Average Shares": 5231588.0,
        "Basic Average Shares": 5231588.0,
        "Diluted EPS": -0.6,
        "Basic EPS": -0.6,
        "Diluted NI Availto Com Stockholders": NaN,
        "Net Income Common Stockholders": NaN,
        "Net Income": NaN,
        "Net Income Including Noncontrolling Interests": NaN,
        "Net Income Continuous Operations": NaN,
        "Tax Provision": NaN,
        "Pretax Income": NaN,
        "Other Income Expense": NaN,
        "Other Non Operating Income Expenses": NaN,
        "Special Income Charges": NaN,
        "Other Special Charges": 1929000.0,
        "Impairment Of Capital Assets": 0.0,
        "Restructuring And Mergern Acquisition": NaN,
        "Gain On Sale Of Security": 6909000.0,
        "Net Non Operating Interest Income Expense": NaN,
        "Interest Expense Non Operating": NaN,
        "Operating Income": NaN,
        "Operating Expense": NaN,
        "Depreciation Amortization Depletion Income Statement": NaN,
        "Depreciation And Amortization In Income Statement": NaN,
        "Research And Development": NaN,
        "Selling General And Administration": NaN,
        "Selling And Marketing Expense": NaN,
        "General And Administrative Expense": NaN,
        "Other Gand A": NaN,
        "Salaries And Wages": NaN,
        "Gross Profit": NaN,
        "Cost Of Revenue": NaN,
        "Total Revenue": NaN,
        "Operating Revenue": NaN
    },
    "2023-12-31": {
        "Tax Effect Of Unusual Items": NaN,
        "Tax Rate For Calcs": NaN,
        "Normalized EBITDA": NaN,
        "Total Unusual Items": NaN,
        "Total Unusual Items Excluding Goodwill": NaN,
        "Net Income From Continuing Operation Net Minority Interest": NaN,
        "Reconciled Depreciation": NaN,
        "Reconciled Cost Of Revenue": NaN,
        "EBITDA": NaN,
        "EBIT": NaN,
        "Net Interest Income": NaN,
        "Interest Expense": NaN,
        "Normalized Income": NaN,
        "Net Income From Continuing And Discontinued Operation": NaN,
        "Total Expenses": NaN,
        "Total Operating Income As Reported": NaN,
        "Diluted Average Shares": NaN,
        "Basic Average Shares": NaN,
        "Diluted EPS": NaN,
        "Basic EPS": NaN,
        "Diluted NI Availto Com Stockholders": NaN,
        "Net Income Common Stockholders": NaN,
        "Net Income": NaN,
        "Net Income Including Noncontrolling Interests": NaN,
        "Net Income Discontinuous Operations": NaN,
        "Net Income Continuous Operations": NaN,
        "Tax Provision": NaN,
        "Pretax Income": NaN,
        "Other Income Expense": NaN,
        "Other Non Operating Income Expenses": NaN,
        "Special Income Charges": NaN,
        "Other Special Charges": -1518000.0,
        "Impairment Of Capital Assets": NaN,
        "Restructuring And Mergern Acquisition": NaN,
        "Gain On Sale Of Security": -36000.0,
        "Net Non Operating Interest Income Expense": NaN,
        "Interest Expense Non Operating": NaN,
        "Operating Income": NaN,
        "Operating Expense": NaN,
        "Depreciation Amortization Depletion Income Statement": NaN,
        "Depreciation And Amortization In Income Statement": NaN,
        "Research And Development": NaN,
        "Selling General And Administration": NaN,
        "Selling And Marketing Expense": NaN,
        "General And Administrative Expense": NaN,
        "Other Gand A": NaN,
        "Salaries And Wages": NaN,
        "Gross Profit": NaN,
        "Cost Of Revenue": NaN,
        "Total Revenue": NaN,
        "Operating Revenue": NaN
    },
    "2024-03-31": {
        "Tax Effect Of Unusual Items": NaN,
        "Tax Rate For Calcs": NaN,
        "Normalized EBITDA": NaN,
        "Total Unusual Items": NaN,
        "Total Unusual Items Excluding Goodwill": NaN,
        "Net Income From Continuing Operation Net Minority Interest": NaN,
        "Reconciled Depreciation": NaN,
        "Reconciled Cost Of Revenue": NaN,
        "EBITDA": NaN,
        "EBIT": NaN,
        "Net Interest Income": NaN,
        "Interest Expense": NaN,
        "Normalized Income": NaN,
        "Net Income From Continuing And Discontinued Operation": NaN,
        "Total Expenses": NaN,
        "Total Operating Income As Reported": NaN,
        "Diluted Average Shares": 5988424.0,
        "Basic Average Shares": 5988424.0,
        "Diluted EPS": -0.45,
        "Basic EPS": -0.45,
        "Diluted NI Availto Com Stockholders": NaN,
        "Net Income Common Stockholders": NaN,
        "Net Income": NaN,
        "Net Income Including Noncontrolling Interests": NaN,
        "Net Income Discontinuous Operations": NaN,
        "Net Income Continuous Operations": NaN,
        "Tax Provision": NaN,
        "Pretax Income": NaN,
        "Other Income Expense": NaN,
        "Other Non Operating Income Expenses": NaN,
        "Special Income Charges": NaN,
        "Other Special Charges": NaN,
        "Impairment Of Capital Assets": NaN,
        "Restructuring And Mergern Acquisition": NaN,
        "Gain On Sale Of Security": NaN,
        "Net Non Operating Interest Income Expense": NaN,
        "Interest Expense Non Operating": NaN,
        "Operating Income": NaN,
        "Operating Expense": NaN,
        "Depreciation Amortization Depletion Income Statement": NaN,
        "Depreciation And Amortization In Income Statement": NaN,
        "Research And Development": NaN,
        "Selling General And Administration": NaN,
        "Selling And Marketing Expense": NaN,
        "General And Administrative Expense": NaN,
        "Other Gand A": NaN,
        "Salaries And Wages": NaN,
        "Gross Profit": NaN,
        "Cost Of Revenue": NaN,
        "Total Revenue": NaN,
        "Operating Revenue": NaN
    },
    "2024-06-30": {
        "Tax Effect Of Unusual Items": NaN,
        "Tax Rate For Calcs": NaN,
        "Normalized EBITDA": NaN,
        "Total Unusual Items": NaN,
        "Total Unusual Items Excluding Goodwill": NaN,
        "Net Income From Continuing Operation Net Minority Interest": NaN,
        "Reconciled Depreciation": NaN,
        "Reconciled Cost Of Revenue": NaN,
        "EBITDA": NaN,
        "EBIT": NaN,
        "Net Interest Income": NaN,
        "Interest Expense": NaN,
        "Normalized Income": NaN,
        "Net Income From Continuing And Discontinued Operation": NaN,
        "Total Expenses": NaN,
        "Total Operating Income As Reported": NaN,
        "Diluted Average Shares": 183954.0,
        "Basic Average Shares": 183954.0,
        "Diluted EPS": -65.8,
        "Basic EPS": -65.8,
        "Diluted NI Availto Com Stockholders": NaN,
        "Net Income Common Stockholders": NaN,
        "Net Income": NaN,
        "Net Income Including Noncontrolling Interests": NaN,
        "Net Income Discontinuous Operations": 2337000.0,
        "Net Income Continuous Operations": NaN,
        "Tax Provision": NaN,
        "Pretax Income": NaN,
        "Other Income Expense": NaN,
        "Other Non Operating Income Expenses": NaN,
        "Special Income Charges": NaN,
        "Other Special Charges": NaN,
        "Impairment Of Capital Assets": 6675000.0,
        "Restructuring And Mergern Acquisition": NaN,
        "Gain On Sale Of Security": 14000.0,
        "Net Non Operating Interest Income Expense": NaN,
        "Interest Expense Non Operating": NaN,
        "Operating Income": NaN,
        "Operating Expense": NaN,
        "Depreciation Amortization Depletion Income Statement": NaN,
        "Depreciation And Amortization In Income Statement": NaN,
        "Research And Development": NaN,
        "Selling General And Administration": NaN,
        "Selling And Marketing Expense": NaN,
        "General And Administrative Expense": NaN,
        "Other Gand A": NaN,
        "Salaries And Wages": NaN,
        "Gross Profit": NaN,
        "Cost Of Revenue": NaN,
        "Total Revenue": NaN,
        "Operating Revenue": NaN
    },
    "2024-09-30": {
        "Tax Effect Of Unusual Items": -335580.0,
        "Tax Rate For Calcs": 0.21,
        "Normalized EBITDA": -3025000.0,
        "Total Unusual Items": -1598000.0,
        "Total Unusual Items Excluding Goodwill": -1598000.0,
        "Net Income From Continuing Operation Net Minority Interest": -6282000.0,
        "Reconciled Depreciation": 591000.0,
        "Reconciled Cost Of Revenue": 1679000.0,
        "EBITDA": -4623000.0,
        "EBIT": -5214000.0,
        "Net Interest Income": -618000.0,
        "Interest Expense": 618000.0,
        "Normalized Income": -5019580.0,
        "Net Income From Continuing And Discontinued Operation": -5174000.0,
        "Total Expenses": 6496000.0,
        "Total Operating Income As Reported": -3664000.0,
        "Diluted Average Shares": 194635.0,
        "Basic Average Shares": 194635.0,
        "Diluted EPS": -26.6,
        "Basic EPS": -26.6,
        "Diluted NI Availto Com Stockholders": -5174000.0,
        "Net Income Common Stockholders": -5174000.0,
        "Net Income": -5174000.0,
        "Net Income Including Noncontrolling Interests": -5174000.0,
        "Net Income Discontinuous Operations": 1108000.0,
        "Net Income Continuous Operations": -6282000.0,
        "Tax Provision": 450000.0,
        "Pretax Income": -5832000.0,
        "Other Income Expense": -1550000.0,
        "Other Non Operating Income Expenses": 48000.0,
        "Special Income Charges": -1598000.0,
        "Other Special Charges": 1598000.0,
        "Impairment Of Capital Assets": 0.0,
        "Restructuring And Mergern Acquisition": 0.0,
        "Gain On Sale Of Security": NaN,
        "Net Non Operating Interest Income Expense": -618000.0,
        "Interest Expense Non Operating": 618000.0,
        "Operating Income": -3664000.0,
        "Operating Expense": 4731000.0,
        "Depreciation Amortization Depletion Income Statement": 505000.0,
        "Depreciation And Amortization In Income Statement": 505000.0,
        "Research And Development": 815000.0,
        "Selling General And Administration": 3411000.0,
        "Selling And Marketing Expense": 29000.0,
        "General And Administrative Expense": 3382000.0,
        "Other Gand A": 954000.0,
        "Salaries And Wages": 2428000.0,
        "Gross Profit": 1067000.0,
        "Cost Of Revenue": 1765000.0,
        "Total Revenue": 2832000.0,
        "Operating Revenue": 2832000.0
    },
    "2024-12-31": {
        "Tax Effect Of Unusual Items": -37336.606498,
        "Tax Rate For Calcs": 0.010686,
        "Normalized EBITDA": -2313000.0,
        "Total Unusual Items": -3494000.0,
        "Total Unusual Items Excluding Goodwill": -3494000.0,
        "Net Income From Continuing Operation Net Minority Interest": -6851000.0,
        "Reconciled Depreciation": 438000.0,
        "Reconciled Cost Of Revenue": 8929000.0,
        "EBITDA": -5807000.0,
        "EBIT": -6245000.0,
        "Net Interest Income": -680000.0,
        "Interest Expense": 680000.0,
        "Normalized Income": -3394336.606498,
        "Net Income From Continuing And Discontinued Operation": -6851000.0,
        "Total Expenses": 17299000.0,
        "Total Operating Income As Reported": -5609000.0,
        "Diluted Average Shares": NaN,
        "Basic Average Shares": NaN,
        "Diluted EPS": NaN,
        "Basic EPS": NaN,
        "Diluted NI Availto Com Stockholders": -6851000.0,
        "Net Income Common Stockholders": -6851000.0,
        "Net Income": -6851000.0,
        "Net Income Including Noncontrolling Interests": -6851000.0,
        "Net Income Discontinuous Operations": NaN,
        "Net Income Continuous Operations": -6851000.0,
        "Tax Provision": -74000.0,
        "Pretax Income": -6925000.0,
        "Other Income Expense": -3664000.0,
        "Other Non Operating Income Expenses": -170000.0,
        "Special Income Charges": -3494000.0,
        "Other Special Charges": 466000.0,
        "Impairment Of Capital Assets": 3028000.0,
        "Restructuring And Mergern Acquisition": 0.0,
        "Gain On Sale Of Security": 0.0,
        "Net Non Operating Interest Income Expense": -680000.0,
        "Interest Expense Non Operating": 680000.0,
        "Operating Income": -2581000.0,
        "Operating Expense": 8370000.0,
        "Depreciation Amortization Depletion Income Statement": 438000.0,
        "Depreciation And Amortization In Income Statement": 438000.0,
        "Research And Development": 821000.0,
        "Selling General And Administration": 7111000.0,
        "Selling And Marketing Expense": 21000.0,
        "General And Administrative Expense": 7090000.0,
        "Other Gand A": 2842000.0,
        "Salaries And Wages": 4248000.0,
        "Gross Profit": 5789000.0,
        "Cost Of Revenue": 8929000.0,
        "Total Revenue": 14718000.0,
        "Operating Revenue": 14718000.0
    },
    "2025-03-31": {
        "Tax Effect Of Unusual Items": -84630.0,
        "Tax Rate For Calcs": 0.21,
        "Normalized EBITDA": -380000.0,
        "Total Unusual Items": -403000.0,
        "Total Unusual Items Excluding Goodwill": -403000.0,
        "Net Income From Continuing Operation Net Minority Interest": -2756000.0,
        "Reconciled Depreciation": 133000.0,
        "Reconciled Cost Of Revenue": 8418000.0,
        "EBITDA": -783000.0,
        "EBIT": -916000.0,
        "Net Interest Income": -1357000.0,
        "Interest Expense": 1357000.0,
        "Normalized Income": -2437630.0,
        "Net Income From Continuing And Discontinued Operation": -2756000.0,
        "Total Expenses": 15578000.0,
        "Total Operating Income As Reported": -848000.0,
        "Diluted Average Shares": 236150.0,
        "Basic Average Shares": 236150.0,
        "Diluted EPS": -11.55,
        "Basic EPS": -11.55,
        "Diluted NI Availto Com Stockholders": -2756000.0,
        "Net Income Common Stockholders": -2756000.0,
        "Net Income": -2756000.0,
        "Net Income Including Noncontrolling Interests": -2756000.0,
        "Net Income Discontinuous Operations": NaN,
        "Net Income Continuous Operations": -2756000.0,
        "Tax Provision": 483000.0,
        "Pretax Income": -2273000.0,
        "Other Income Expense": -471000.0,
        "Other Non Operating Income Expenses": -68000.0,
        "Special Income Charges": -403000.0,
        "Other Special Charges": NaN,
        "Impairment Of Capital Assets": NaN,
        "Restructuring And Mergern Acquisition": 403000.0,
        "Gain On Sale Of Security": NaN,
        "Net Non Operating Interest Income Expense": -1357000.0,
        "Interest Expense Non Operating": 1357000.0,
        "Operating Income": -445000.0,
        "Operating Expense": 7160000.0,
        "Depreciation Amortization Depletion Income Statement": 133000.0,
        "Depreciation And Amortization In Income Statement": 133000.0,
        "Research And Development": 449000.0,
        "Selling General And Administration": 6578000.0,
        "Selling And Marketing Expense": 33000.0,
        "General And Administrative Expense": 6545000.0,
        "Other Gand A": 2607000.0,
        "Salaries And Wages": 3938000.0,
        "Gross Profit": 6715000.0,
        "Cost Of Revenue": 8418000.0,
        "Total Revenue": 15133000.0,
        "Operating Revenue": 15133000.0
    },
    "2025-06-30": {
        "Tax Effect Of Unusual Items": -264390.0,
        "Tax Rate For Calcs": 0.21,
        "Normalized EBITDA": -1668000.0,
        "Total Unusual Items": -1259000.0,
        "Total Unusual Items Excluding Goodwill": -1259000.0,
        "Net Income From Continuing Operation Net Minority Interest": -3840000.0,
        "Reconciled Depreciation": 204000.0,
        "Reconciled Cost Of Revenue": 1519000.0,
        "EBITDA": -2927000.0,
        "EBIT": -3131000.0,
        "Net Interest Income": -545000.0,
        "Interest Expense": 545000.0,
        "Normalized Income": -2845390.0,
        "Net Income From Continuing And Discontinued Operation": -8408000.0,
        "Total Expenses": 4810000.0,
        "Total Operating Income As Reported": -3286000.0,
        "Diluted Average Shares": 301768.0,
        "Basic Average Shares": 301768.0,
        "Diluted EPS": -28.0,
        "Basic EPS": -28.0,
        "Diluted NI Availto Com Stockholders": -8408000.0,
        "Net Income Common Stockholders": -8408000.0,
        "Net Income": -8408000.0,
        "Net Income Including Noncontrolling Interests": -8408000.0,
        "Net Income Discontinuous Operations": -4568000.0,
        "Net Income Continuous Operations": -3840000.0,
        "Tax Provision": 164000.0,
        "Pretax Income": -3676000.0,
        "Other Income Expense": -1104000.0,
        "Other Non Operating Income Expenses": 155000.0,
        "Special Income Charges": -1259000.0,
        "Other Special Charges": NaN,
        "Impairment Of Capital Assets": 1088000.0,
        "Restructuring And Mergern Acquisition": 171000.0,
        "Gain On Sale Of Security": NaN,
        "Net Non Operating Interest Income Expense": -545000.0,
        "Interest Expense Non Operating": 545000.0,
        "Operating Income": -2027000.0,
        "Operating Expense": 3246000.0,
        "Depreciation Amortization Depletion Income Statement": 159000.0,
        "Depreciation And Amortization In Income Statement": 159000.0,
        "Research And Development": 129000.0,
        "Selling General And Administration": 2958000.0,
        "Selling And Marketing Expense": 2000.0,
        "General And Administrative Expense": 2956000.0,
        "Other Gand A": 2018000.0,
        "Salaries And Wages": 938000.0,
        "Gross Profit": 1219000.0,
        "Cost Of Revenue": 1564000.0,
        "Total Revenue": 2783000.0,
        "Operating Revenue": 2783000.0
    },
    "2025-09-30": {
        "Tax Effect Of Unusual Items": 0.0,
        "Tax Rate For Calcs": 0.0,
        "Normalized EBITDA": -1171000.0,
        "Total Unusual Items": -762000.0,
        "Total Unusual Items Excluding Goodwill": -762000.0,
        "Net Income From Continuing Operation Net Minority Interest": -1953000.0,
        "Reconciled Depreciation": -12000.0,
        "Reconciled Cost Of Revenue": 1393000.0,
        "EBITDA": -1933000.0,
        "EBIT": -1921000.0,
        "Net Interest Income": -32000.0,
        "Interest Expense": 32000.0,
        "Normalized Income": -1191000.0,
        "Net Income From Continuing And Discontinued Operation": -1953000.0,
        "Total Expenses": 3990000.0,
        "Total Operating Income As Reported": -1811000.0,
        "Diluted Average Shares": 851344.0,
        "Basic Average Shares": 815624.0,
        "Diluted EPS": -2.45,
        "Basic EPS": -2.45,
        "Diluted NI Availto Com Stockholders": -1953000.0,
        "Net Income Common Stockholders": -1953000.0,
        "Net Income": -1953000.0,
        "Net Income Including Noncontrolling Interests": -1953000.0,
        "Net Income Discontinuous Operations": 0.0,
        "Net Income Continuous Operations": -1953000.0,
        "Tax Provision": 0.0,
        "Pretax Income": -1953000.0,
        "Other Income Expense": -717000.0,
        "Other Non Operating Income Expenses": 45000.0,
        "Special Income Charges": -762000.0,
        "Other Special Charges": 155000.0,
        "Impairment Of Capital Assets": -330000.0,
        "Restructuring And Mergern Acquisition": 937000.0,
        "Gain On Sale Of Security": NaN,
        "Net Non Operating Interest Income Expense": -32000.0,
        "Interest Expense Non Operating": 32000.0,
        "Operating Income": -1204000.0,
        "Operating Expense": 2597000.0,
        "Depreciation Amortization Depletion Income Statement": -12000.0,
        "Depreciation And Amortization In Income Statement": -12000.0,
        "Research And Development": -216000.0,
        "Selling General And Administration": 2825000.0,
        "Selling And Marketing Expense": 17000.0,
        "General And Administrative Expense": 2808000.0,
        "Other Gand A": 1435000.0,
        "Salaries And Wages": 1373000.0,
        "Gross Profit": 1393000.0,
        "Cost Of Revenue": 1393000.0,
        "Total Revenue": 2786000.0,
        "Operating Revenue": 2786000.0
    }
}