{
    "2023-03-31": {
        "Tax Effect Of Unusual Items": NaN,
        "Tax Rate For Calcs": NaN,
        "Normalized EBITDA": NaN,
        "Net Income From Continuing Operation Net Minority Interest": NaN,
        "Reconciled Depreciation": NaN,
        "Reconciled Cost Of Revenue": NaN,
        "EBITDA": NaN,
        "EBIT": NaN,
        "Net Interest Income": NaN,
        "Interest Expense": NaN,
        "Interest Income": NaN,
        "Normalized Income": NaN,
        "Net Income From Continuing And Discontinued Operation": NaN,
        "Total Expenses": NaN,
        "Total Operating Income As Reported": NaN,
        "Diluted Average Shares": NaN,
        "Basic Average Shares": NaN,
        "Diluted EPS": NaN,
        "Basic EPS": NaN,
        "Diluted NI Availto Com Stockholders": NaN,
        "Net Income Common Stockholders": NaN,
        "Net Income": NaN,
        "Net Income Including Noncontrolling Interests": NaN,
        "Net Income Continuous Operations": NaN,
        "Tax Provision": 0.0,
        "Pretax Income": NaN,
        "Other Income Expense": NaN,
        "Other Non Operating Income Expenses": NaN,
        "Net Non Operating Interest Income Expense": NaN,
        "Interest Expense Non Operating": NaN,
        "Interest Income Non Operating": NaN,
        "Operating Income": NaN,
        "Operating Expense": NaN,
        "Other Operating Expenses": NaN,
        "Research And Development": NaN,
        "Selling General And Administration": NaN,
        "General And Administrative Expense": NaN,
        "Other Gand A": NaN,
        "Gross Profit": NaN,
        "Cost Of Revenue": NaN,
        "Total Revenue": NaN,
        "Operating Revenue": NaN
    },
    "2022-12-31": {
        "Tax Effect Of Unusual Items": NaN,
        "Tax Rate For Calcs": NaN,
        "Normalized EBITDA": NaN,
        "Total Unusual Items": 0.0,
        "Total Unusual Items Excluding Goodwill": 0.0,
        "Net Income From Continuing Operation Net Minority Interest": NaN,
        "Reconciled Depreciation": NaN,
        "Reconciled Cost Of Revenue": NaN,
        "EBITDA": NaN,
        "EBIT": NaN,
        "Net Interest Income": NaN,
        "Interest Expense": NaN,
        "Interest Income": NaN,
        "Normalized Income": NaN,
        "Net Income From Continuing And Discontinued Operation": NaN,
        "Total Expenses": NaN,
        "Total Operating Income As Reported": NaN,
        "Diluted Average Shares": NaN,
        "Basic Average Shares": NaN,
        "Diluted EPS": NaN,
        "Basic EPS": NaN,
        "Diluted NI Availto Com Stockholders": NaN,
        "Net Income Common Stockholders": NaN,
        "Net Income": NaN,
        "Net Income Including Noncontrolling Interests": NaN,
        "Net Income Continuous Operations": NaN,
        "Tax Provision": NaN,
        "Pretax Income": NaN,
        "Other Income Expense": NaN,
        "Other Non Operating Income Expenses": NaN,
        "Special Income Charges": 0.0,
        "Net Non Operating Interest Income Expense": NaN,
        "Interest Expense Non Operating": NaN,
        "Interest Income Non Operating": NaN,
        "Operating Income": NaN,
        "Operating Expense": NaN,
        "Other Operating Expenses": NaN,
        "Research And Development": NaN,
        "Selling General And Administration": NaN,
        "General And Administrative Expense": NaN,
        "Other Gand A": NaN,
        "Gross Profit": NaN,
        "Cost Of Revenue": NaN,
        "Total Revenue": NaN,
        "Operating Revenue": NaN
    },
    "2022-09-30": {
        "Tax Effect Of Unusual Items": NaN,
        "Tax Rate For Calcs": NaN,
        "Normalized EBITDA": NaN,
        "Total Unusual Items": 0.0,
        "Total Unusual Items Excluding Goodwill": 0.0,
        "Net Income From Continuing Operation Net Minority Interest": NaN,
        "Reconciled Depreciation": NaN,
        "Reconciled Cost Of Revenue": NaN,
        "EBITDA": NaN,
        "EBIT": NaN,
        "Net Interest Income": NaN,
        "Interest Expense": NaN,
        "Interest Income": NaN,
        "Normalized Income": NaN,
        "Net Income From Continuing And Discontinued Operation": NaN,
        "Total Expenses": NaN,
        "Total Operating Income As Reported": NaN,
        "Diluted Average Shares": NaN,
        "Basic Average Shares": NaN,
        "Diluted EPS": NaN,
        "Basic EPS": NaN,
        "Diluted NI Availto Com Stockholders": NaN,
        "Net Income Common Stockholders": NaN,
        "Net Income": NaN,
        "Net Income Including Noncontrolling Interests": NaN,
        "Net Income Continuous Operations": NaN,
        "Tax Provision": NaN,
        "Pretax Income": NaN,
        "Other Income Expense": NaN,
        "Other Non Operating Income Expenses": NaN,
        "Special Income Charges": 0.0,
        "Net Non Operating Interest Income Expense": NaN,
        "Interest Expense Non Operating": NaN,
        "Interest Income Non Operating": NaN,
        "Operating Income": NaN,
        "Operating Expense": NaN,
        "Other Operating Expenses": NaN,
        "Research And Development": NaN,
        "Selling General And Administration": NaN,
        "General And Administrative Expense": NaN,
        "Other Gand A": NaN,
        "Gross Profit": NaN,
        "Cost Of Revenue": NaN,
        "Total Revenue": NaN,
        "Operating Revenue": NaN
    },
    "2022-06-30": {
        "Tax Effect Of Unusual Items": 0.0,
        "Tax Rate For Calcs": 0.0,
        "Normalized EBITDA": -62760000.0,
        "Total Unusual Items": NaN,
        "Total Unusual Items Excluding Goodwill": NaN,
        "Net Income From Continuing Operation Net Minority Interest": -65560000.0,
        "Reconciled Depreciation": 2786000.0,
        "Reconciled Cost Of Revenue": 14227000.0,
        "EBITDA": -62760000.0,
        "EBIT": -65546000.0,
        "Net Interest Income": 638000.0,
        "Interest Expense": 14000.0,
        "Interest Income": 652000.0,
        "Normalized Income": -65560000.0,
        "Net Income From Continuing And Discontinued Operation": -65560000.0,
        "Total Expenses": 73844000.0,
        "Total Operating Income As Reported": -66191000.0,
        "Diluted Average Shares": 172212390.0,
        "Basic Average Shares": 172212390.0,
        "Diluted EPS": -0.38,
        "Basic EPS": -0.38,
        "Diluted NI Availto Com Stockholders": -65560000.0,
        "Net Income Common Stockholders": -65560000.0,
        "Net Income": -65560000.0,
        "Net Income Including Noncontrolling Interests": -65560000.0,
        "Net Income Continuous Operations": -65560000.0,
        "Pretax Income": -65560000.0,
        "Other Income Expense": -7000.0,
        "Other Non Operating Income Expenses": -7000.0,
        "Special Income Charges": NaN,
        "Net Non Operating Interest Income Expense": 638000.0,
        "Interest Expense Non Operating": 14000.0,
        "Interest Income Non Operating": 652000.0,
        "Operating Income": -66191000.0,
        "Operating Expense": 59617000.0,
        "Other Operating Expenses": -21000.0,
        "Research And Development": 38439000.0,
        "Selling General And Administration": 21199000.0,
        "General And Administrative Expense": 21199000.0,
        "Other Gand A": 21199000.0,
        "Gross Profit": -6574000.0,
        "Cost Of Revenue": 14227000.0,
        "Total Revenue": 7653000.0,
        "Operating Revenue": 7653000.0
    },
    "2022-03-31": {
        "Diluted EPS": -0.33,
        "Total Revenue": 5,
        "Gross Profit": -2,
        "Operating Income": -56,
        "EBIT": -53,
        "Net Income": -56
    },
    "2021-12-31": {
        "Diluted EPS": -0.28,
        "Total Revenue": 3,
        "Gross Profit": 3,
        "Operating Income": -46,
        "EBIT": -44,
        "Net Income": -47
    },
    "2021-09-30": {
        "Diluted EPS": -0.28,
        "Total Revenue": 3,
        "Gross Profit": 3,
        "Operating Income": -46,
        "EBIT": -44,
        "Net Income": -47
    },
    "2021-06-30": {
        "Diluted EPS": -0.31,
        "Total Revenue": 3,
        "Gross Profit": 3,
        "Operating Income": -41,
        "EBIT": -39,
        "Net Income": -43
    },
    "2021-03-31": {
        "Diluted EPS": -1.33,
        "Total Revenue": 3,
        "Gross Profit": 3,
        "Operating Income": -30,
        "EBIT": -29,
        "Net Income": -31
    },
    "2020-12-31": {
        "Diluted EPS": -1.17,
        "Total Revenue": 3,
        "Gross Profit": 3,
        "Operating Income": -26,
        "EBIT": -24,
        "Net Income": -26
    },
    "2020-09-30": {
        "Diluted EPS": -1.09,
        "Total Revenue": 1,
        "Gross Profit": 1,
        "Operating Income": -22,
        "EBIT": -22,
        "Net Income": -24
    },
    "2020-06-30": {
        "Diluted EPS": -0.88,
        "Total Revenue": 0,
        "Gross Profit": 0,
        "Operating Income": -18,
        "EBIT": -17,
        "Net Income": -19
    },
    "2020-03-31": {
        "Diluted EPS": -0.85,
        "Total Revenue": 0,
        "Gross Profit": 0,
        "Operating Income": -18,
        "EBIT": -17,
        "Net Income": -18
    },
    "2019-12-31": {
        "Diluted EPS": 0.0,
        "Total Revenue": NaN,
        "Gross Profit": NaN,
        "Operating Income": NaN,
        "EBIT": NaN,
        "Net Income": NaN
    },
    "2023-06-30": {
        "Tax Effect Of Unusual Items": NaN,
        "Tax Rate For Calcs": NaN,
        "Normalized EBITDA": NaN,
        "Net Income From Continuing Operation Net Minority Interest": NaN,
        "Reconciled Depreciation": NaN,
        "Reconciled Cost Of Revenue": NaN,
        "EBITDA": NaN,
        "EBIT": NaN,
        "Net Interest Income": NaN,
        "Interest Expense": NaN,
        "Interest Income": NaN,
        "Normalized Income": NaN,
        "Net Income From Continuing And Discontinued Operation": NaN,
        "Total Expenses": NaN,
        "Total Operating Income As Reported": NaN,
        "Diluted Average Shares": NaN,
        "Basic Average Shares": NaN,
        "Diluted EPS": NaN,
        "Basic EPS": NaN,
        "Diluted NI Availto Com Stockholders": NaN,
        "Net Income Common Stockholders": NaN,
        "Net Income": NaN,
        "Net Income Including Noncontrolling Interests": NaN,
        "Net Income Continuous Operations": NaN,
        "Tax Provision": 0.0,
        "Pretax Income": NaN,
        "Other Income Expense": NaN,
        "Other Non Operating Income Expenses": NaN,
        "Net Non Operating Interest Income Expense": NaN,
        "Interest Expense Non Operating": NaN,
        "Interest Income Non Operating": NaN,
        "Operating Income": NaN,
        "Operating Expense": NaN,
        "Other Operating Expenses": -1000.0,
        "Research And Development": NaN,
        "Selling General And Administration": NaN,
        "General And Administrative Expense": NaN,
        "Other Gand A": NaN,
        "Gross Profit": NaN,
        "Cost Of Revenue": NaN,
        "Total Revenue": NaN,
        "Operating Revenue": NaN
    },
    "2023-09-30": {
        "Tax Effect Of Unusual Items": NaN,
        "Tax Rate For Calcs": NaN,
        "Normalized EBITDA": NaN,
        "Net Income From Continuing Operation Net Minority Interest": NaN,
        "Reconciled Depreciation": NaN,
        "Reconciled Cost Of Revenue": NaN,
        "EBITDA": NaN,
        "EBIT": NaN,
        "Net Interest Income": NaN,
        "Interest Expense": NaN,
        "Interest Income": NaN,
        "Normalized Income": NaN,
        "Net Income From Continuing And Discontinued Operation": NaN,
        "Total Expenses": NaN,
        "Total Operating Income As Reported": NaN,
        "Diluted Average Shares": NaN,
        "Basic Average Shares": NaN,
        "Diluted EPS": NaN,
        "Basic EPS": NaN,
        "Diluted NI Availto Com Stockholders": NaN,
        "Net Income Common Stockholders": NaN,
        "Net Income": NaN,
        "Net Income Including Noncontrolling Interests": NaN,
        "Net Income Continuous Operations": NaN,
        "Tax Provision": 0.0,
        "Pretax Income": NaN,
        "Other Income Expense": NaN,
        "Other Non Operating Income Expenses": NaN,
        "Net Non Operating Interest Income Expense": NaN,
        "Interest Expense Non Operating": NaN,
        "Interest Income Non Operating": NaN,
        "Operating Income": NaN,
        "Operating Expense": NaN,
        "Other Operating Expenses": -431000.0,
        "Research And Development": NaN,
        "Selling General And Administration": NaN,
        "General And Administrative Expense": NaN,
        "Other Gand A": NaN,
        "Gross Profit": NaN,
        "Cost Of Revenue": NaN,
        "Total Revenue": NaN,
        "Operating Revenue": NaN
    },
    "2023-12-31": {
        "Tax Effect Of Unusual Items": NaN,
        "Tax Rate For Calcs": NaN,
        "Normalized EBITDA": NaN,
        "Net Income From Continuing Operation Net Minority Interest": NaN,
        "Reconciled Depreciation": NaN,
        "Reconciled Cost Of Revenue": NaN,
        "EBITDA": NaN,
        "EBIT": NaN,
        "Net Interest Income": NaN,
        "Interest Expense": NaN,
        "Interest Income": NaN,
        "Normalized Income": NaN,
        "Net Income From Continuing And Discontinued Operation": NaN,
        "Total Expenses": NaN,
        "Total Operating Income As Reported": NaN,
        "Diluted Average Shares": NaN,
        "Basic Average Shares": NaN,
        "Diluted EPS": NaN,
        "Basic EPS": NaN,
        "Diluted NI Availto Com Stockholders": NaN,
        "Net Income Common Stockholders": NaN,
        "Net Income": NaN,
        "Net Income Including Noncontrolling Interests": NaN,
        "Net Income Continuous Operations": NaN,
        "Tax Provision": NaN,
        "Pretax Income": NaN,
        "Other Income Expense": NaN,
        "Other Non Operating Income Expenses": NaN,
        "Net Non Operating Interest Income Expense": NaN,
        "Interest Expense Non Operating": NaN,
        "Interest Income Non Operating": NaN,
        "Operating Income": NaN,
        "Operating Expense": NaN,
        "Other Operating Expenses": -267000.0,
        "Research And Development": NaN,
        "Selling General And Administration": NaN,
        "General And Administrative Expense": NaN,
        "Other Gand A": NaN,
        "Gross Profit": NaN,
        "Cost Of Revenue": NaN,
        "Total Revenue": NaN,
        "Operating Revenue": NaN
    },
    "2024-03-31": {
        "Tax Effect Of Unusual Items": 0.0,
        "Tax Rate For Calcs": 0.008453,
        "Normalized EBITDA": -84755000.0,
        "Net Income From Continuing Operation Net Minority Interest": -91373000.0,
        "Reconciled Depreciation": 7377000.0,
        "Reconciled Cost Of Revenue": 11166000.0,
        "EBITDA": -84755000.0,
        "EBIT": -92132000.0,
        "Net Interest Income": 4028000.0,
        "Interest Expense": 20000.0,
        "Interest Income": 4048000.0,
        "Normalized Income": -91373000.0,
        "Net Income From Continuing And Discontinued Operation": -91373000.0,
        "Total Expenses": 109831000.0,
        "Total Operating Income As Reported": -96340000.0,
        "Diluted Average Shares": 236019349.0,
        "Basic Average Shares": 236019349.0,
        "Diluted EPS": -0.39,
        "Basic EPS": -0.39,
        "Diluted NI Availto Com Stockholders": -91373000.0,
        "Net Income Common Stockholders": -91373000.0,
        "Net Income": -91373000.0,
        "Net Income Including Noncontrolling Interests": -91373000.0,
        "Net Income Continuous Operations": -91373000.0,
        "Tax Provision": -779000.0,
        "Pretax Income": -92152000.0,
        "Other Income Expense": 160000.0,
        "Other Non Operating Income Expenses": 160000.0,
        "Net Non Operating Interest Income Expense": 4028000.0,
        "Interest Expense Non Operating": 20000.0,
        "Interest Income Non Operating": 4048000.0,
        "Operating Income": -96340000.0,
        "Operating Expense": 98665000.0,
        "Other Operating Expenses": -303000.0,
        "Research And Development": 67560000.0,
        "Selling General And Administration": 31408000.0,
        "General And Administrative Expense": 31408000.0,
        "Other Gand A": 31408000.0,
        "Gross Profit": 2325000.0,
        "Cost Of Revenue": 11166000.0,
        "Total Revenue": 13491000.0,
        "Operating Revenue": 13491000.0
    },
    "2024-06-30": {
        "Tax Effect Of Unusual Items": 0.0,
        "Tax Rate For Calcs": 0.005333,
        "Normalized EBITDA": -88701000.0,
        "Net Income From Continuing Operation Net Minority Interest": -97540000.0,
        "Reconciled Depreciation": 8968000.0,
        "Reconciled Cost Of Revenue": 9199000.0,
        "EBITDA": -88701000.0,
        "EBIT": -97669000.0,
        "Net Interest Income": 2872000.0,
        "Interest Expense": 394000.0,
        "Interest Income": 3266000.0,
        "Normalized Income": -97540000.0,
        "Net Income From Continuing And Discontinued Operation": -97540000.0,
        "Total Expenses": 114947000.0,
        "Total Operating Income As Reported": -100543000.0,
        "Diluted Average Shares": 242196409.0,
        "Basic Average Shares": 242196409.0,
        "Diluted EPS": -0.4,
        "Basic EPS": -0.4,
        "Diluted NI Availto Com Stockholders": -97540000.0,
        "Net Income Common Stockholders": -97540000.0,
        "Net Income": -97540000.0,
        "Net Income Including Noncontrolling Interests": -97540000.0,
        "Net Income Continuous Operations": -97540000.0,
        "Tax Provision": -523000.0,
        "Pretax Income": -98063000.0,
        "Other Income Expense": -392000.0,
        "Other Non Operating Income Expenses": -392000.0,
        "Net Non Operating Interest Income Expense": 2872000.0,
        "Interest Expense Non Operating": 394000.0,
        "Interest Income Non Operating": 3266000.0,
        "Operating Income": -100543000.0,
        "Operating Expense": 105748000.0,
        "Other Operating Expenses": -13000.0,
        "Research And Development": 73928000.0,
        "Selling General And Administration": 31833000.0,
        "General And Administrative Expense": 31833000.0,
        "Other Gand A": 31833000.0,
        "Gross Profit": 5205000.0,
        "Cost Of Revenue": 9199000.0,
        "Total Revenue": 14404000.0,
        "Operating Revenue": 14404000.0
    },
    "2024-09-30": {
        "Tax Effect Of Unusual Items": 0.0,
        "Tax Rate For Calcs": 0.21,
        "Normalized EBITDA": -87924000.0,
        "Net Income From Continuing Operation Net Minority Interest": -95842000.0,
        "Reconciled Depreciation": 7198000.0,
        "Reconciled Cost Of Revenue": 12079000.0,
        "EBITDA": -87924000.0,
        "EBIT": -95122000.0,
        "Net Interest Income": 3273000.0,
        "Interest Expense": 553000.0,
        "Interest Income": 3826000.0,
        "Normalized Income": -95842000.0,
        "Net Income From Continuing And Discontinued Operation": -95842000.0,
        "Total Expenses": 124436000.0,
        "Total Operating Income As Reported": -98354000.0,
        "Diluted Average Shares": 282583048.0,
        "Basic Average Shares": 282583048.0,
        "Diluted EPS": -0.34,
        "Basic EPS": -0.34,
        "Diluted NI Availto Com Stockholders": -95842000.0,
        "Net Income Common Stockholders": -95842000.0,
        "Net Income": -95842000.0,
        "Net Income Including Noncontrolling Interests": -95842000.0,
        "Net Income Continuous Operations": -95842000.0,
        "Tax Provision": 167000.0,
        "Pretax Income": -95675000.0,
        "Other Income Expense": -594000.0,
        "Other Non Operating Income Expenses": -594000.0,
        "Net Non Operating Interest Income Expense": 3273000.0,
        "Interest Expense Non Operating": 553000.0,
        "Interest Income Non Operating": 3826000.0,
        "Operating Income": -98354000.0,
        "Operating Expense": 112357000.0,
        "Other Operating Expenses": NaN,
        "Research And Development": 74600000.0,
        "Selling General And Administration": 37757000.0,
        "General And Administrative Expense": 37757000.0,
        "Other Gand A": 37757000.0,
        "Gross Profit": 14003000.0,
        "Cost Of Revenue": 12079000.0,
        "Total Revenue": 26082000.0,
        "Operating Revenue": 26082000.0
    },
    "2024-12-31": {
        "Tax Effect Of Unusual Items": 0.0,
        "Tax Rate For Calcs": 0.21,
        "Normalized EBITDA": -165343000.0,
        "Net Income From Continuing Operation Net Minority Interest": -178906000.0,
        "Reconciled Depreciation": 12951000.0,
        "Reconciled Cost Of Revenue": 12794000.0,
        "EBITDA": -165343000.0,
        "EBIT": -178294000.0,
        "Net Interest Income": 4015000.0,
        "Interest Expense": 605000.0,
        "Interest Income": 4620000.0,
        "Normalized Income": -178906000.0,
        "Net Income From Continuing And Discontinued Operation": -178906000.0,
        "Total Expenses": 188279000.0,
        "Total Operating Income As Reported": -183768000.0,
        "Diluted Average Shares": 336035980.0,
        "Basic Average Shares": 336035980.0,
        "Diluted EPS": -0.53,
        "Basic EPS": -0.53,
        "Diluted NI Availto Com Stockholders": -178906000.0,
        "Net Income Common Stockholders": -178906000.0,
        "Net Income": -178906000.0,
        "Net Income Including Noncontrolling Interests": -178906000.0,
        "Net Income Continuous Operations": -178906000.0,
        "Tax Provision": 7000.0,
        "Pretax Income": -178899000.0,
        "Other Income Expense": 854000.0,
        "Other Non Operating Income Expenses": 854000.0,
        "Net Non Operating Interest Income Expense": 4015000.0,
        "Interest Expense Non Operating": 605000.0,
        "Interest Income Non Operating": 4620000.0,
        "Operating Income": -183768000.0,
        "Operating Expense": 175485000.0,
        "Other Operating Expenses": -35000.0,
        "Research And Development": 98334000.0,
        "Selling General And Administration": 77186000.0,
        "General And Administrative Expense": 77186000.0,
        "Other Gand A": 77186000.0,
        "Gross Profit": -8283000.0,
        "Cost Of Revenue": 12794000.0,
        "Total Revenue": 4511000.0,
        "Operating Revenue": 4511000.0
    },
    "2025-03-31": {
        "Tax Effect Of Unusual Items": 0.0,
        "Tax Rate For Calcs": 0.00078,
        "Normalized EBITDA": -182806000.0,
        "Net Income From Continuing Operation Net Minority Interest": -202487000.0,
        "Reconciled Depreciation": 19331000.0,
        "Reconciled Cost Of Revenue": 21829000.0,
        "EBITDA": -182806000.0,
        "EBIT": -202137000.0,
        "Net Interest Income": 5050000.0,
        "Interest Expense": 508000.0,
        "Interest Income": 5558000.0,
        "Normalized Income": -202487000.0,
        "Net Income From Continuing And Discontinued Operation": -202487000.0,
        "Total Expenses": 206186000.0,
        "Total Operating Income As Reported": -191368000.0,
        "Diluted Average Shares": 402771972.0,
        "Basic Average Shares": 402771972.0,
        "Diluted EPS": -0.5,
        "Basic EPS": -0.5,
        "Diluted NI Availto Com Stockholders": -202487000.0,
        "Net Income Common Stockholders": -202487000.0,
        "Net Income": -202487000.0,
        "Net Income Including Noncontrolling Interests": -202487000.0,
        "Net Income Continuous Operations": -202487000.0,
        "Tax Provision": -158000.0,
        "Pretax Income": -202645000.0,
        "Other Income Expense": -16327000.0,
        "Other Non Operating Income Expenses": -16327000.0,
        "Net Non Operating Interest Income Expense": 5050000.0,
        "Interest Expense Non Operating": 508000.0,
        "Interest Income Non Operating": 5558000.0,
        "Operating Income": -191368000.0,
        "Operating Expense": 184357000.0,
        "Other Operating Expenses": 73000.0,
        "Research And Development": 129634000.0,
        "Selling General And Administration": 54650000.0,
        "General And Administrative Expense": 54650000.0,
        "Other Gand A": 54650000.0,
        "Gross Profit": -7011000.0,
        "Cost Of Revenue": 21829000.0,
        "Total Revenue": 14818000.0,
        "Operating Revenue": 14818000.0
    }
}