{
    "2023-04-30": {
        "Tax Effect Of Unusual Items": NaN,
        "Tax Rate For Calcs": NaN,
        "Total Unusual Items": NaN,
        "Total Unusual Items Excluding Goodwill": NaN,
        "Net Income From Continuing Operation Net Minority Interest": NaN,
        "Reconciled Depreciation": NaN,
        "Net Interest Income": NaN,
        "Interest Expense": NaN,
        "Interest Income": NaN,
        "Normalized Income": NaN,
        "Net Income From Continuing And Discontinued Operation": NaN,
        "Diluted Average Shares": 1390149000.0,
        "Basic Average Shares": 1388388000.0,
        "Diluted EPS": 2.6,
        "Basic EPS": 2.6,
        "Diluted NI Availto Com Stockholders": NaN,
        "Net Income Common Stockholders": NaN,
        "Preferred Stock Dividends": NaN,
        "Net Income": NaN,
        "Minority Interests": NaN,
        "Net Income Including Noncontrolling Interests": NaN,
        "Net Income Continuous Operations": NaN,
        "Tax Provision": NaN,
        "Pretax Income": NaN,
        "Special Income Charges": NaN,
        "Gain On Sale Of Business": NaN,
        "Restructuring And Mergern Acquisition": NaN,
        "Gain On Sale Of Security": NaN,
        "Depreciation Amortization Depletion Income Statement": NaN,
        "Depreciation And Amortization In Income Statement": NaN,
        "Amortization": NaN,
        "Amortization Of Intangibles Income Statement": NaN,
        "Selling General And Administration": NaN,
        "General And Administrative Expense": NaN,
        "Insurance And Claims": 1006000000.0,
        "Salaries And Wages": NaN,
        "Total Revenue": NaN,
        "Operating Revenue": NaN,
        "Occupancy And Equipment": NaN,
        "Professional Expense And Contract Services Expense": NaN,
        "Other Non Interest Expense": NaN
    },
    "2023-01-31": {
        "Tax Effect Of Unusual Items": NaN,
        "Tax Rate For Calcs": NaN,
        "Total Unusual Items": NaN,
        "Total Unusual Items Excluding Goodwill": NaN,
        "Net Income From Continuing Operation Net Minority Interest": NaN,
        "Reconciled Depreciation": NaN,
        "Net Interest Income": NaN,
        "Interest Expense": NaN,
        "Interest Income": NaN,
        "Normalized Income": NaN,
        "Net Income From Continuing And Discontinued Operation": NaN,
        "Diluted Average Shares": NaN,
        "Basic Average Shares": NaN,
        "Diluted EPS": NaN,
        "Basic EPS": NaN,
        "Diluted NI Availto Com Stockholders": NaN,
        "Net Income Common Stockholders": NaN,
        "Preferred Stock Dividends": NaN,
        "Net Income": NaN,
        "Minority Interests": NaN,
        "Net Income Including Noncontrolling Interests": NaN,
        "Net Income Continuous Operations": NaN,
        "Tax Provision": NaN,
        "Pretax Income": NaN,
        "Special Income Charges": NaN,
        "Gain On Sale Of Business": NaN,
        "Restructuring And Mergern Acquisition": NaN,
        "Gain On Sale Of Security": NaN,
        "Depreciation Amortization Depletion Income Statement": NaN,
        "Depreciation And Amortization In Income Statement": NaN,
        "Amortization": NaN,
        "Amortization Of Intangibles Income Statement": NaN,
        "Selling General And Administration": NaN,
        "General And Administrative Expense": NaN,
        "Insurance And Claims": 1545000000.0,
        "Salaries And Wages": NaN,
        "Total Revenue": NaN,
        "Operating Revenue": NaN,
        "Occupancy And Equipment": NaN,
        "Professional Expense And Contract Services Expense": NaN,
        "Other Non Interest Expense": NaN
    },
    "2022-10-31": {
        "Tax Effect Of Unusual Items": NaN,
        "Tax Rate For Calcs": NaN,
        "Total Unusual Items": NaN,
        "Total Unusual Items Excluding Goodwill": NaN,
        "Net Income From Continuing Operation Net Minority Interest": NaN,
        "Reconciled Depreciation": NaN,
        "Net Interest Income": NaN,
        "Interest Expense": NaN,
        "Interest Income": NaN,
        "Normalized Income": NaN,
        "Net Income From Continuing And Discontinued Operation": NaN,
        "Diluted Average Shares": NaN,
        "Basic Average Shares": NaN,
        "Diluted EPS": NaN,
        "Basic EPS": NaN,
        "Diluted NI Availto Com Stockholders": NaN,
        "Net Income Common Stockholders": NaN,
        "Preferred Stock Dividends": NaN,
        "Net Income": NaN,
        "Minority Interests": NaN,
        "Net Income Including Noncontrolling Interests": NaN,
        "Net Income Continuous Operations": NaN,
        "Tax Provision": NaN,
        "Pretax Income": NaN,
        "Special Income Charges": NaN,
        "Gain On Sale Of Business": NaN,
        "Restructuring And Mergern Acquisition": NaN,
        "Gain On Sale Of Security": NaN,
        "Depreciation Amortization Depletion Income Statement": NaN,
        "Depreciation And Amortization In Income Statement": NaN,
        "Amortization": NaN,
        "Amortization Of Intangibles Income Statement": NaN,
        "Selling General And Administration": NaN,
        "General And Administrative Expense": NaN,
        "Insurance And Claims": 116000000.0,
        "Salaries And Wages": NaN,
        "Total Revenue": NaN,
        "Operating Revenue": NaN,
        "Occupancy And Equipment": NaN,
        "Professional Expense And Contract Services Expense": NaN,
        "Other Non Interest Expense": NaN
    },
    "2022-07-31": {
        "Tax Effect Of Unusual Items": 2365000.0,
        "Tax Rate For Calcs": 0.215,
        "Total Unusual Items": 11000000.0,
        "Total Unusual Items Excluding Goodwill": 11000000.0,
        "Net Income From Continuing Operation Net Minority Interest": 3575000000.0,
        "Reconciled Depreciation": 657000000.0,
        "Net Interest Income": 5890000000.0,
        "Interest Expense": 4847000000.0,
        "Interest Income": 10737000000.0,
        "Normalized Income": 3566365000.0,
        "Net Income From Continuing And Discontinued Operation": 3575000000.0,
        "Diluted Average Shares": 1398667000.0,
        "Basic Average Shares": 1396381000.0,
        "Diluted EPS": 2.51,
        "Basic EPS": 2.52,
        "Diluted NI Availto Com Stockholders": 3517000000.0,
        "Net Income Common Stockholders": 3517000000.0,
        "Preferred Stock Dividends": 58000000.0,
        "Net Income": 3575000000.0,
        "Minority Interests": -2000000.0,
        "Net Income Including Noncontrolling Interests": 3577000000.0,
        "Net Income Continuous Operations": 3577000000.0,
        "Tax Provision": 979000000.0,
        "Pretax Income": 4556000000.0,
        "Special Income Charges": 11000000.0,
        "Gain On Sale Of Business": 11000000.0,
        "Restructuring And Mergern Acquisition": NaN,
        "Gain On Sale Of Security": 28000000.0,
        "Depreciation Amortization Depletion Income Statement": 342000000.0,
        "Depreciation And Amortization In Income Statement": 342000000.0,
        "Amortization": 342000000.0,
        "Amortization Of Intangibles Income Statement": 342000000.0,
        "Selling General And Administration": 4708000000.0,
        "General And Administrative Expense": 4708000000.0,
        "Insurance And Claims": 850000000.0,
        "Salaries And Wages": 3858000000.0,
        "Total Revenue": 12088000000.0,
        "Operating Revenue": 12088000000.0
    },
    "2023-07-31": {
        "Tax Effect Of Unusual Items": NaN,
        "Tax Rate For Calcs": NaN,
        "Total Unusual Items": NaN,
        "Total Unusual Items Excluding Goodwill": NaN,
        "Net Income From Continuing Operation Net Minority Interest": NaN,
        "Reconciled Depreciation": NaN,
        "Net Interest Income": NaN,
        "Interest Expense": NaN,
        "Interest Income": NaN,
        "Normalized Income": NaN,
        "Net Income From Continuing And Discontinued Operation": NaN,
        "Diluted Average Shares": 1394939000.0,
        "Basic Average Shares": 1393515000.0,
        "Diluted EPS": 2.73,
        "Basic EPS": 2.73,
        "Diluted NI Availto Com Stockholders": NaN,
        "Net Income Common Stockholders": NaN,
        "Preferred Stock Dividends": NaN,
        "Net Income": NaN,
        "Minority Interests": NaN,
        "Net Income Including Noncontrolling Interests": NaN,
        "Net Income Continuous Operations": NaN,
        "Tax Provision": NaN,
        "Pretax Income": NaN,
        "Special Income Charges": NaN,
        "Gain On Sale Of Business": NaN,
        "Restructuring And Mergern Acquisition": NaN,
        "Gain On Sale Of Security": NaN,
        "Depreciation Amortization Depletion Income Statement": NaN,
        "Depreciation And Amortization In Income Statement": NaN,
        "Amortization": NaN,
        "Amortization Of Intangibles Income Statement": NaN,
        "Selling General And Administration": NaN,
        "General And Administrative Expense": NaN,
        "Insurance And Claims": 1379000000.0,
        "Salaries And Wages": NaN,
        "Total Revenue": NaN,
        "Operating Revenue": NaN,
        "Occupancy And Equipment": NaN,
        "Professional Expense And Contract Services Expense": NaN,
        "Other Non Interest Expense": NaN
    },
    "2023-10-31": {
        "Tax Effect Of Unusual Items": NaN,
        "Tax Rate For Calcs": NaN,
        "Total Unusual Items": NaN,
        "Total Unusual Items Excluding Goodwill": NaN,
        "Net Income From Continuing Operation Net Minority Interest": NaN,
        "Reconciled Depreciation": NaN,
        "Net Interest Income": NaN,
        "Interest Expense": NaN,
        "Interest Income": NaN,
        "Normalized Income": NaN,
        "Net Income From Continuing And Discontinued Operation": NaN,
        "Diluted Average Shares": NaN,
        "Basic Average Shares": NaN,
        "Diluted EPS": NaN,
        "Basic EPS": NaN,
        "Diluted NI Availto Com Stockholders": NaN,
        "Net Income Common Stockholders": NaN,
        "Preferred Stock Dividends": NaN,
        "Net Income": NaN,
        "Minority Interests": NaN,
        "Net Income Including Noncontrolling Interests": NaN,
        "Net Income Continuous Operations": NaN,
        "Tax Provision": NaN,
        "Pretax Income": NaN,
        "Special Income Charges": NaN,
        "Gain On Sale Of Business": NaN,
        "Restructuring And Mergern Acquisition": NaN,
        "Gain On Sale Of Security": NaN,
        "Depreciation Amortization Depletion Income Statement": NaN,
        "Depreciation And Amortization In Income Statement": NaN,
        "Amortization": NaN,
        "Amortization Of Intangibles Income Statement": NaN,
        "Selling General And Administration": NaN,
        "General And Administrative Expense": NaN,
        "Insurance And Claims": 92000000.0,
        "Salaries And Wages": NaN,
        "Total Revenue": NaN,
        "Operating Revenue": NaN,
        "Occupancy And Equipment": NaN,
        "Professional Expense And Contract Services Expense": NaN,
        "Other Non Interest Expense": NaN
    },
    "2024-01-31": {
        "Tax Effect Of Unusual Items": NaN,
        "Tax Rate For Calcs": NaN,
        "Total Unusual Items": NaN,
        "Total Unusual Items Excluding Goodwill": NaN,
        "Net Income From Continuing Operation Net Minority Interest": NaN,
        "Reconciled Depreciation": NaN,
        "Net Interest Income": NaN,
        "Interest Expense": NaN,
        "Interest Income": NaN,
        "Normalized Income": NaN,
        "Net Income From Continuing And Discontinued Operation": NaN,
        "Diluted Average Shares": 1407641000.0,
        "Basic Average Shares": 1406324000.0,
        "Diluted EPS": 2.5,
        "Basic EPS": 2.5,
        "Diluted NI Availto Com Stockholders": NaN,
        "Net Income Common Stockholders": NaN,
        "Preferred Stock Dividends": NaN,
        "Net Income": NaN,
        "Minority Interests": NaN,
        "Net Income Including Noncontrolling Interests": NaN,
        "Net Income Continuous Operations": NaN,
        "Tax Provision": NaN,
        "Pretax Income": NaN,
        "Special Income Charges": NaN,
        "Gain On Sale Of Business": NaN,
        "Restructuring And Mergern Acquisition": NaN,
        "Gain On Sale Of Security": NaN,
        "Depreciation Amortization Depletion Income Statement": NaN,
        "Depreciation And Amortization In Income Statement": NaN,
        "Amortization": NaN,
        "Amortization Of Intangibles Income Statement": NaN,
        "Selling General And Administration": NaN,
        "General And Administrative Expense": NaN,
        "Salaries And Wages": NaN,
        "Total Revenue": NaN,
        "Operating Revenue": NaN,
        "Occupancy And Equipment": NaN,
        "Professional Expense And Contract Services Expense": NaN,
        "Other Non Interest Expense": NaN
    },
    "2024-04-30": {
        "Tax Effect Of Unusual Items": NaN,
        "Tax Rate For Calcs": NaN,
        "Total Unusual Items": NaN,
        "Total Unusual Items Excluding Goodwill": NaN,
        "Net Income From Continuing Operation Net Minority Interest": NaN,
        "Reconciled Depreciation": NaN,
        "Net Interest Income": NaN,
        "Interest Expense": NaN,
        "Interest Income": NaN,
        "Normalized Income": NaN,
        "Net Income From Continuing And Discontinued Operation": NaN,
        "Diluted Average Shares": 1414166000.0,
        "Basic Average Shares": 1412651000.0,
        "Diluted EPS": 2.74,
        "Basic EPS": 2.75,
        "Diluted NI Availto Com Stockholders": NaN,
        "Net Income Common Stockholders": NaN,
        "Preferred Stock Dividends": NaN,
        "Net Income": NaN,
        "Minority Interests": NaN,
        "Net Income Including Noncontrolling Interests": NaN,
        "Net Income Continuous Operations": NaN,
        "Tax Provision": NaN,
        "Pretax Income": NaN,
        "Special Income Charges": NaN,
        "Gain On Sale Of Business": NaN,
        "Restructuring And Mergern Acquisition": NaN,
        "Gain On Sale Of Security": NaN,
        "Depreciation Amortization Depletion Income Statement": NaN,
        "Depreciation And Amortization In Income Statement": NaN,
        "Amortization": NaN,
        "Amortization Of Intangibles Income Statement": NaN,
        "Selling General And Administration": NaN,
        "General And Administrative Expense": NaN,
        "Salaries And Wages": NaN,
        "Total Revenue": NaN,
        "Operating Revenue": NaN,
        "Occupancy And Equipment": NaN,
        "Professional Expense And Contract Services Expense": NaN,
        "Other Non Interest Expense": NaN
    },
    "2024-07-31": {
        "Tax Effect Of Unusual Items": NaN,
        "Tax Rate For Calcs": NaN,
        "Total Unusual Items": NaN,
        "Total Unusual Items Excluding Goodwill": NaN,
        "Net Income From Continuing Operation Net Minority Interest": NaN,
        "Reconciled Depreciation": NaN,
        "Net Interest Income": NaN,
        "Interest Expense": NaN,
        "Interest Income": NaN,
        "Normalized Income": NaN,
        "Net Income From Continuing And Discontinued Operation": NaN,
        "Diluted Average Shares": 1416149000.0,
        "Basic Average Shares": 1414194000.0,
        "Diluted EPS": 3.09,
        "Basic EPS": 3.09,
        "Diluted NI Availto Com Stockholders": NaN,
        "Net Income Common Stockholders": NaN,
        "Preferred Stock Dividends": NaN,
        "Net Income": NaN,
        "Minority Interests": NaN,
        "Net Income Including Noncontrolling Interests": NaN,
        "Net Income Continuous Operations": NaN,
        "Tax Provision": NaN,
        "Pretax Income": NaN,
        "Special Income Charges": NaN,
        "Gain On Sale Of Business": NaN,
        "Restructuring And Mergern Acquisition": NaN,
        "Gain On Sale Of Security": NaN,
        "Depreciation Amortization Depletion Income Statement": NaN,
        "Depreciation And Amortization In Income Statement": NaN,
        "Amortization": NaN,
        "Amortization Of Intangibles Income Statement": NaN,
        "Selling General And Administration": NaN,
        "General And Administrative Expense": NaN,
        "Salaries And Wages": NaN,
        "Total Revenue": NaN,
        "Operating Revenue": NaN,
        "Occupancy And Equipment": NaN,
        "Professional Expense And Contract Services Expense": NaN,
        "Other Non Interest Expense": NaN
    },
    "2024-10-31": {
        "Tax Effect Of Unusual Items": -46651006.711409,
        "Tax Rate For Calcs": 0.190412,
        "Total Unusual Items": -245000000.0,
        "Total Unusual Items Excluding Goodwill": -245000000.0,
        "Net Income From Continuing Operation Net Minority Interest": 4219000000.0,
        "Reconciled Depreciation": 821000000.0,
        "Net Interest Income": 7671000000.0,
        "Interest Expense": 18827000000.0,
        "Interest Income": 26498000000.0,
        "Normalized Income": 4417348993.288591,
        "Net Income From Continuing And Discontinued Operation": 4219000000.0,
        "Diluted Average Shares": 1417088000.0,
        "Basic Average Shares": 1414480000.0,
        "Diluted EPS": 2.91,
        "Basic EPS": 2.92,
        "Diluted NI Availto Com Stockholders": 4128000000.0,
        "Net Income Common Stockholders": 4128000000.0,
        "Preferred Stock Dividends": 91000000.0,
        "Net Income": 4219000000.0,
        "Minority Interests": -3000000.0,
        "Net Income Including Noncontrolling Interests": 4222000000.0,
        "Net Income Continuous Operations": 4222000000.0,
        "Tax Provision": 993000000.0,
        "Pretax Income": 5215000000.0,
        "Special Income Charges": -245000000.0,
        "Gain On Sale Of Business": 0.0,
        "Restructuring And Mergern Acquisition": 177000000.0,
        "Gain On Sale Of Security": 13000000.0,
        "Depreciation Amortization Depletion Income Statement": 398000000.0,
        "Depreciation And Amortization In Income Statement": 398000000.0,
        "Amortization": 398000000.0,
        "Amortization Of Intangibles Income Statement": 398000000.0,
        "Selling General And Administration": 5423000000.0,
        "General And Administrative Expense": 5423000000.0,
        "Salaries And Wages": 5423000000.0,
        "Total Revenue": 15063000000.0,
        "Operating Revenue": 15063000000.0,
        "Occupancy And Equipment": 1188000000.0,
        "Professional Expense And Contract Services Expense": 657000000.0,
        "Other Non Interest Expense": 1108000000.0
    },
    "2025-01-31": {
        "Tax Effect Of Unusual Items": -2424000.0,
        "Tax Rate For Calcs": 0.202,
        "Total Unusual Items": -12000000.0,
        "Total Unusual Items Excluding Goodwill": -12000000.0,
        "Net Income From Continuing Operation Net Minority Interest": 5129000000.0,
        "Reconciled Depreciation": 774000000.0,
        "Net Interest Income": 7948000000.0,
        "Interest Expense": 18507000000.0,
        "Interest Income": 26455000000.0,
        "Normalized Income": 5138576000.0,
        "Net Income From Continuing And Discontinued Operation": 5129000000.0,
        "Diluted Average Shares": 1416502000.0,
        "Basic Average Shares": 1413937000.0,
        "Diluted EPS": 3.54,
        "Basic EPS": 3.54,
        "Diluted NI Availto Com Stockholders": 5011000000.0,
        "Net Income Common Stockholders": 5011000000.0,
        "Preferred Stock Dividends": 118000000.0,
        "Net Income": 5129000000.0,
        "Minority Interests": -2000000.0,
        "Net Income Including Noncontrolling Interests": 5131000000.0,
        "Net Income Continuous Operations": 5131000000.0,
        "Tax Provision": 1302000000.0,
        "Pretax Income": 6433000000.0,
        "Special Income Charges": -12000000.0,
        "Gain On Sale Of Business": 0.0,
        "Restructuring And Mergern Acquisition": 12000000.0,
        "Gain On Sale Of Security": 55000000.0,
        "Depreciation Amortization Depletion Income Statement": 435000000.0,
        "Depreciation And Amortization In Income Statement": 435000000.0,
        "Amortization": 435000000.0,
        "Amortization Of Intangibles Income Statement": 435000000.0,
        "Selling General And Administration": 5987000000.0,
        "General And Administrative Expense": 5987000000.0,
        "Salaries And Wages": 5987000000.0,
        "Total Revenue": 16720000000.0,
        "Operating Revenue": 16720000000.0,
        "Occupancy And Equipment": 1110000000.0,
        "Professional Expense And Contract Services Expense": 502000000.0,
        "Other Non Interest Expense": 1210000000.0
    },
    "2025-04-30": {
        "Tax Effect Of Unusual Items": -6324000.0,
        "Tax Rate For Calcs": 0.204,
        "Total Unusual Items": -31000000.0,
        "Total Unusual Items Excluding Goodwill": -31000000.0,
        "Net Income From Continuing Operation Net Minority Interest": 4386000000.0,
        "Reconciled Depreciation": 780000000.0,
        "Net Interest Income": 8056000000.0,
        "Interest Expense": 16914000000.0,
        "Interest Income": 24970000000.0,
        "Normalized Income": 4410676000.0,
        "Net Income From Continuing And Discontinued Operation": 4386000000.0,
        "Diluted Average Shares": 1413517000.0,
        "Basic Average Shares": 1411362000.0,
        "Diluted EPS": 3.02,
        "Basic EPS": 3.03,
        "Diluted NI Availto Com Stockholders": 4274000000.0,
        "Net Income Common Stockholders": 4274000000.0,
        "Preferred Stock Dividends": 112000000.0,
        "Net Income": 4386000000.0,
        "Minority Interests": -4000000.0,
        "Net Income Including Noncontrolling Interests": 4390000000.0,
        "Net Income Continuous Operations": 4390000000.0,
        "Tax Provision": 1128000000.0,
        "Pretax Income": 5518000000.0,
        "Special Income Charges": -31000000.0,
        "Gain On Sale Of Business": 0.0,
        "Restructuring And Mergern Acquisition": 31000000.0,
        "Gain On Sale Of Security": 45000000.0,
        "Depreciation Amortization Depletion Income Statement": 457000000.0,
        "Depreciation And Amortization In Income Statement": 457000000.0,
        "Amortization": 457000000.0,
        "Amortization Of Intangibles Income Statement": 457000000.0,
        "Selling General And Administration": 5478000000.0,
        "General And Administrative Expense": 5478000000.0,
        "Salaries And Wages": 5478000000.0,
        "Total Revenue": 15656000000.0,
        "Operating Revenue": 15656000000.0,
        "Occupancy And Equipment": 1132000000.0,
        "Professional Expense And Contract Services Expense": 538000000.0,
        "Other Non Interest Expense": 1094000000.0
    },
    "2025-07-31": {
        "Tax Effect Of Unusual Items": 0.0,
        "Tax Rate For Calcs": 0.212,
        "Total Unusual Items": 0.0,
        "Total Unusual Items Excluding Goodwill": 0.0,
        "Net Income From Continuing Operation Net Minority Interest": 5415000000.0,
        "Reconciled Depreciation": 768000000.0,
        "Net Interest Income": 8351000000.0,
        "Interest Expense": 17759000000.0,
        "Interest Income": 26110000000.0,
        "Normalized Income": 5415000000.0,
        "Net Income From Continuing And Discontinued Operation": 5415000000.0,
        "Diluted Average Shares": 1409680000.0,
        "Basic Average Shares": 1407280000.0,
        "Diluted EPS": 3.75,
        "Basic EPS": 3.76,
        "Diluted NI Availto Com Stockholders": 5290000000.0,
        "Net Income Common Stockholders": 5290000000.0,
        "Preferred Stock Dividends": 125000000.0,
        "Net Income": 5415000000.0,
        "Minority Interests": 1000000.0,
        "Net Income Including Noncontrolling Interests": 5414000000.0,
        "Net Income Continuous Operations": 5414000000.0,
        "Tax Provision": 1458000000.0,
        "Pretax Income": 6872000000.0,
        "Special Income Charges": 0.0,
        "Gain On Sale Of Business": 0.0,
        "Restructuring And Mergern Acquisition": 0.0,
        "Gain On Sale Of Security": 18000000.0,
        "Depreciation Amortization Depletion Income Statement": 436000000.0,
        "Depreciation And Amortization In Income Statement": 436000000.0,
        "Amortization": 436000000.0,
        "Amortization Of Intangibles Income Statement": 436000000.0,
        "Selling General And Administration": 5869000000.0,
        "General And Administrative Expense": 5869000000.0,
        "Salaries And Wages": 5869000000.0,
        "Total Revenue": 16960000000.0,
        "Operating Revenue": 16960000000.0,
        "Occupancy And Equipment": 1094000000.0,
        "Professional Expense And Contract Services Expense": 528000000.0,
        "Other Non Interest Expense": 1305000000.0
    },
    "2025-10-31": {
        "Tax Effect Of Unusual Items": -6941417.691857,
        "Tax Rate For Calcs": 0.204159,
        "Total Unusual Items": -34000000.0,
        "Total Unusual Items Excluding Goodwill": -34000000.0,
        "Net Income From Continuing Operation Net Minority Interest": 5432000000.0,
        "Reconciled Depreciation": 757000000.0,
        "Net Interest Income": 8645000000.0,
        "Interest Expense": 17645000000.0,
        "Interest Income": 26290000000.0,
        "Normalized Income": 5459058582.308143,
        "Net Income From Continuing And Discontinued Operation": 5432000000.0,
        "Diluted Average Shares": 1406651000.0,
        "Basic Average Shares": 1403726000.0,
        "Diluted EPS": 3.76,
        "Basic EPS": 3.77,
        "Diluted NI Availto Com Stockholders": 5293000000.0,
        "Net Income Common Stockholders": 5293000000.0,
        "Preferred Stock Dividends": 139000000.0,
        "Net Income": 5432000000.0,
        "Minority Interests": -2000000.0,
        "Net Income Including Noncontrolling Interests": 5434000000.0,
        "Net Income Continuous Operations": 5434000000.0,
        "Tax Provision": 1394000000.0,
        "Pretax Income": 6828000000.0,
        "Special Income Charges": -34000000.0,
        "Gain On Sale Of Business": 0.0,
        "Restructuring And Mergern Acquisition": 0.0,
        "Gain On Sale Of Security": 2000000.0,
        "Depreciation Amortization Depletion Income Statement": 431000000.0,
        "Depreciation And Amortization In Income Statement": 431000000.0,
        "Amortization": 431000000.0,
        "Amortization Of Intangibles Income Statement": 431000000.0,
        "Selling General And Administration": 5788000000.0,
        "General And Administrative Expense": 5788000000.0,
        "Salaries And Wages": 5788000000.0,
        "Total Revenue": 17196000000.0,
        "Operating Revenue": 17196000000.0,
        "Occupancy And Equipment": 1133000000.0,
        "Professional Expense And Contract Services Expense": 609000000.0,
        "Other Non Interest Expense": 1379000000.0
    }
}