{
    "2023-03-31": {
        "Tax Effect Of Unusual Items": 0.0,
        "Tax Rate For Calcs": 0.0,
        "Normalized EBITDA": -48661000.0,
        "Net Income From Continuing Operation Net Minority Interest": -52179000.0,
        "Reconciled Depreciation": 457000.0,
        "Reconciled Cost Of Revenue": 1421000.0,
        "EBITDA": -48661000.0,
        "EBIT": -49118000.0,
        "Net Interest Income": 379000.0,
        "Interest Expense": 3061000.0,
        "Interest Income": 3440000.0,
        "Normalized Income": -52179000.0,
        "Net Income From Continuing And Discontinued Operation": -52179000.0,
        "Total Expenses": 64000000.0,
        "Total Operating Income As Reported": -52531000.0,
        "Diluted Average Shares": 56708975.0,
        "Basic Average Shares": 56708975.0,
        "Diluted EPS": -0.92,
        "Basic EPS": -0.92,
        "Diluted NI Availto Com Stockholders": -52179000.0,
        "Net Income Common Stockholders": -52179000.0,
        "Net Income": -52179000.0,
        "Net Income Including Noncontrolling Interests": -52179000.0,
        "Net Income Continuous Operations": -52179000.0,
        "Tax Provision": 0.0,
        "Pretax Income": -52179000.0,
        "Other Income Expense": -27000.0,
        "Other Non Operating Income Expenses": -27000.0,
        "Net Non Operating Interest Income Expense": 379000.0,
        "Interest Expense Non Operating": 3061000.0,
        "Interest Income Non Operating": 3440000.0,
        "Operating Income": -52531000.0,
        "Operating Expense": 62579000.0,
        "Research And Development": 37945000.0,
        "Selling General And Administration": 24634000.0,
        "Gross Profit": 10048000.0,
        "Cost Of Revenue": 1421000.0,
        "Total Revenue": 11469000.0,
        "Operating Revenue": 11469000.0
    },
    "2022-12-31": {
        "Tax Effect Of Unusual Items": 0.0,
        "Tax Rate For Calcs": 0.0,
        "Normalized EBITDA": -39040000.0,
        "Net Income From Continuing Operation Net Minority Interest": -42493000.0,
        "Reconciled Depreciation": 442000.0,
        "Reconciled Cost Of Revenue": 1028000.0,
        "EBITDA": -39040000.0,
        "EBIT": -39482000.0,
        "Net Interest Income": 30000.0,
        "Interest Expense": 3011000.0,
        "Interest Income": 3041000.0,
        "Normalized Income": -42493000.0,
        "Net Income From Continuing And Discontinued Operation": -42493000.0,
        "Total Expenses": 50893000.0,
        "Total Operating Income As Reported": -42103000.0,
        "Diluted Average Shares": 56299525.0,
        "Basic Average Shares": 56299525.0,
        "Diluted EPS": -0.75,
        "Basic EPS": -0.75,
        "Diluted NI Availto Com Stockholders": -42493000.0,
        "Net Income Common Stockholders": -42493000.0,
        "Net Income": -42493000.0,
        "Net Income Including Noncontrolling Interests": -42493000.0,
        "Net Income Continuous Operations": -42493000.0,
        "Tax Provision": NaN,
        "Pretax Income": -42493000.0,
        "Other Income Expense": -420000.0,
        "Other Non Operating Income Expenses": -420000.0,
        "Net Non Operating Interest Income Expense": 30000.0,
        "Interest Expense Non Operating": 3011000.0,
        "Interest Income Non Operating": 3041000.0,
        "Operating Income": -42103000.0,
        "Operating Expense": 49865000.0,
        "Research And Development": 23548000.0,
        "Selling General And Administration": 26317000.0,
        "Gross Profit": 7762000.0,
        "Cost Of Revenue": 1028000.0,
        "Total Revenue": 8790000.0,
        "Operating Revenue": 8790000.0
    },
    "2022-09-30": {
        "Tax Effect Of Unusual Items": NaN,
        "Tax Rate For Calcs": NaN,
        "Normalized EBITDA": NaN,
        "Net Income From Continuing Operation Net Minority Interest": NaN,
        "Reconciled Depreciation": NaN,
        "Reconciled Cost Of Revenue": NaN,
        "EBITDA": NaN,
        "EBIT": NaN,
        "Net Interest Income": NaN,
        "Interest Expense": NaN,
        "Interest Income": NaN,
        "Normalized Income": NaN,
        "Net Income From Continuing And Discontinued Operation": NaN,
        "Total Expenses": NaN,
        "Total Operating Income As Reported": NaN,
        "Diluted Average Shares": NaN,
        "Basic Average Shares": NaN,
        "Diluted EPS": NaN,
        "Basic EPS": NaN,
        "Diluted NI Availto Com Stockholders": NaN,
        "Net Income Common Stockholders": NaN,
        "Net Income": NaN,
        "Net Income Including Noncontrolling Interests": NaN,
        "Net Income Continuous Operations": NaN,
        "Tax Provision": 0.0,
        "Pretax Income": NaN,
        "Other Income Expense": NaN,
        "Other Non Operating Income Expenses": NaN,
        "Net Non Operating Interest Income Expense": NaN,
        "Interest Expense Non Operating": NaN,
        "Interest Income Non Operating": NaN,
        "Operating Income": NaN,
        "Operating Expense": NaN,
        "Research And Development": NaN,
        "Selling General And Administration": NaN,
        "Gross Profit": NaN,
        "Cost Of Revenue": NaN,
        "Total Revenue": NaN,
        "Operating Revenue": NaN
    },
    "2022-06-30": {
        "Tax Effect Of Unusual Items": 0.0,
        "Tax Rate For Calcs": 0.0,
        "Normalized EBITDA": -45096000.0,
        "Net Income From Continuing Operation Net Minority Interest": -45001000.0,
        "Reconciled Depreciation": 438000.0,
        "Reconciled Cost Of Revenue": 378000.0,
        "EBITDA": -45096000.0,
        "EBIT": -45096000.0,
        "Net Interest Income": 95000.0,
        "Interest Expense": NaN,
        "Interest Income": 95000.0,
        "Normalized Income": -45001000.0,
        "Net Income From Continuing And Discontinued Operation": -45001000.0,
        "Total Expenses": 54162000.0,
        "Total Operating Income As Reported": -45096000.0,
        "Diluted Average Shares": 50398003.0,
        "Basic Average Shares": 50398003.0,
        "Diluted EPS": -0.89,
        "Basic EPS": -0.89,
        "Diluted NI Availto Com Stockholders": -45001000.0,
        "Net Income Common Stockholders": -45001000.0,
        "Net Income": -45001000.0,
        "Net Income Including Noncontrolling Interests": -45001000.0,
        "Net Income Continuous Operations": -45001000.0,
        "Tax Provision": 0.0,
        "Pretax Income": -45001000.0,
        "Other Income Expense": NaN,
        "Other Non Operating Income Expenses": NaN,
        "Net Non Operating Interest Income Expense": 95000.0,
        "Interest Expense Non Operating": NaN,
        "Interest Income Non Operating": 95000.0,
        "Operating Income": -45096000.0,
        "Operating Expense": 53784000.0,
        "Research And Development": 31456000.0,
        "Selling General And Administration": 22328000.0,
        "Gross Profit": 8688000.0,
        "Cost Of Revenue": 378000.0,
        "Total Revenue": 9066000.0,
        "Operating Revenue": 9066000.0
    },
    "2023-06-30": {
        "Tax Effect Of Unusual Items": 0.0,
        "Tax Rate For Calcs": 0.0,
        "Normalized EBITDA": -42958000.0,
        "Total Unusual Items": NaN,
        "Total Unusual Items Excluding Goodwill": NaN,
        "Net Income From Continuing Operation Net Minority Interest": -46703000.0,
        "Reconciled Depreciation": 442000.0,
        "Reconciled Cost Of Revenue": 2236000.0,
        "EBITDA": -42958000.0,
        "EBIT": -43400000.0,
        "Net Interest Income": -82000.0,
        "Interest Expense": 3303000.0,
        "Interest Income": 3221000.0,
        "Normalized Income": -46703000.0,
        "Net Income From Continuing And Discontinued Operation": -46703000.0,
        "Total Expenses": 65825000.0,
        "Total Operating Income As Reported": -46604000.0,
        "Diluted Average Shares": 56867662.0,
        "Basic Average Shares": 56867662.0,
        "Diluted EPS": -0.82,
        "Basic EPS": -0.82,
        "Diluted NI Availto Com Stockholders": -46703000.0,
        "Net Income Common Stockholders": -46703000.0,
        "Preferred Stock Dividends": NaN,
        "Net Income": -46703000.0,
        "Net Income Including Noncontrolling Interests": -46703000.0,
        "Net Income Continuous Operations": -46703000.0,
        "Tax Provision": 0.0,
        "Pretax Income": -46703000.0,
        "Other Income Expense": -17000.0,
        "Other Non Operating Income Expenses": -17000.0,
        "Gain On Sale Of Security": NaN,
        "Net Non Operating Interest Income Expense": -82000.0,
        "Interest Expense Non Operating": 3303000.0,
        "Interest Income Non Operating": 3221000.0,
        "Operating Income": -46604000.0,
        "Operating Expense": 63589000.0,
        "Research And Development": 33543000.0,
        "Selling General And Administration": 30046000.0,
        "Gross Profit": 16985000.0,
        "Cost Of Revenue": 2236000.0,
        "Total Revenue": 19221000.0,
        "Operating Revenue": 19221000.0
    },
    "2022-03-31": {
        "Diluted EPS": -1.05,
        "Total Revenue": 1,
        "Gross Profit": 1,
        "Operating Income": -53,
        "EBIT": -52,
        "Net Income": -53
    },
    "2021-12-31": {
        "Diluted EPS": -0.9,
        "Total Revenue": 2,
        "Gross Profit": 2,
        "Operating Income": -51,
        "EBIT": -51,
        "Net Income": -43
    },
    "2021-09-30": {
        "Diluted EPS": -0.7,
        "Total Revenue": 1,
        "Gross Profit": 1,
        "Operating Income": -44,
        "EBIT": -44,
        "Net Income": -35
    },
    "2021-06-30": {
        "Diluted EPS": -0.7,
        "Total Revenue": 0,
        "Gross Profit": 0,
        "Operating Income": -40,
        "EBIT": -40,
        "Net Income": -35
    },
    "2021-03-31": {
        "Diluted EPS": 0.9,
        "Total Revenue": 0,
        "Gross Profit": 0,
        "Operating Income": -34,
        "EBIT": -34,
        "Net Income": 44
    },
    "2020-12-31": {
        "Diluted EPS": -0.78,
        "Total Revenue": NaN,
        "Gross Profit": NaN,
        "Operating Income": -35,
        "EBIT": -35,
        "Net Income": -35
    },
    "2020-09-30": {
        "Diluted EPS": -0.77,
        "Total Revenue": NaN,
        "Gross Profit": NaN,
        "Operating Income": -34,
        "EBIT": -34,
        "Net Income": -34
    },
    "2020-06-30": {
        "Diluted EPS": -0.71,
        "Total Revenue": NaN,
        "Gross Profit": NaN,
        "Operating Income": -32,
        "EBIT": -32,
        "Net Income": -31
    },
    "2020-03-31": {
        "Diluted EPS": -0.78,
        "Total Revenue": NaN,
        "Gross Profit": NaN,
        "Operating Income": -35,
        "EBIT": -35,
        "Net Income": -34
    },
    "2019-12-31": {
        "Diluted EPS": -0.74,
        "Total Revenue": NaN,
        "Gross Profit": NaN,
        "Operating Income": -34,
        "EBIT": -34,
        "Net Income": -33
    },
    "2019-09-30": {
        "Diluted EPS": -1.04,
        "Total Revenue": NaN,
        "Gross Profit": NaN,
        "Operating Income": -37,
        "EBIT": -37,
        "Net Income": -36
    },
    "2019-06-30": {
        "Diluted EPS": -1.24,
        "Total Revenue": NaN,
        "Gross Profit": NaN,
        "Operating Income": -44,
        "EBIT": -44,
        "Net Income": -43
    },
    "2019-03-31": {
        "Diluted EPS": -0.84,
        "Total Revenue": NaN,
        "Gross Profit": NaN,
        "Operating Income": -31,
        "EBIT": -30,
        "Net Income": -29
    },
    "2018-12-31": {
        "Diluted EPS": -0.75,
        "Total Revenue": NaN,
        "Gross Profit": NaN,
        "Operating Income": -27,
        "EBIT": -27,
        "Net Income": -26
    },
    "2018-09-30": {
        "Diluted EPS": -0.52,
        "Total Revenue": NaN,
        "Gross Profit": NaN,
        "Operating Income": -19,
        "EBIT": -19,
        "Net Income": -18
    },
    "2018-06-30": {
        "Diluted EPS": -0.52,
        "Total Revenue": NaN,
        "Gross Profit": NaN,
        "Operating Income": -15,
        "EBIT": -15,
        "Net Income": -14
    },
    "2018-03-31": {
        "Diluted EPS": -0.6,
        "Total Revenue": NaN,
        "Gross Profit": NaN,
        "Operating Income": -17,
        "EBIT": -17,
        "Net Income": -16
    },
    "2017-12-31": {
        "Diluted EPS": 0.48,
        "Total Revenue": NaN,
        "Gross Profit": NaN,
        "Operating Income": -11,
        "EBIT": -11,
        "Net Income": -12
    },
    "2017-09-30": {
        "Diluted EPS": -1.78,
        "Total Revenue": NaN,
        "Gross Profit": NaN,
        "Operating Income": -8,
        "EBIT": -8,
        "Net Income": -11
    },
    "2017-06-30": {
        "Diluted EPS": -0.79,
        "Total Revenue": NaN,
        "Gross Profit": NaN,
        "Operating Income": -7,
        "EBIT": -7,
        "Net Income": -7
    },
    "2017-03-31": {
        "Diluted EPS": -0.74,
        "Total Revenue": NaN,
        "Gross Profit": NaN,
        "Operating Income": -6,
        "EBIT": -6,
        "Net Income": -8
    },
    "2016-12-31": {
        "Diluted EPS": 0.0,
        "Total Revenue": NaN,
        "Gross Profit": NaN,
        "Operating Income": NaN,
        "EBIT": NaN,
        "Net Income": NaN
    },
    "2016-09-30": {
        "Diluted EPS": -0.71,
        "Total Revenue": NaN,
        "Gross Profit": NaN,
        "Operating Income": -6,
        "EBIT": -6,
        "Net Income": -7
    },
    "2015-12-31": {
        "Diluted EPS": 0.0,
        "Total Revenue": NaN,
        "Gross Profit": NaN,
        "Operating Income": NaN,
        "EBIT": NaN,
        "Net Income": NaN
    },
    "2023-09-30": {
        "Tax Effect Of Unusual Items": 0.0,
        "Tax Rate For Calcs": 0.21,
        "Normalized EBITDA": -40204000.0,
        "Total Unusual Items": NaN,
        "Total Unusual Items Excluding Goodwill": NaN,
        "Net Income From Continuing Operation Net Minority Interest": -44163000.0,
        "Reconciled Depreciation": 442000.0,
        "Reconciled Cost Of Revenue": 2412000.0,
        "EBITDA": -40204000.0,
        "EBIT": -40646000.0,
        "Net Interest Income": 317000.0,
        "Interest Expense": 3149000.0,
        "Interest Income": 3466000.0,
        "Normalized Income": -44163000.0,
        "Net Income From Continuing And Discontinued Operation": -44163000.0,
        "Total Expenses": 66457000.0,
        "Total Operating Income As Reported": -43953000.0,
        "Diluted Average Shares": 57874960.0,
        "Basic Average Shares": 57874960.0,
        "Diluted EPS": -0.76,
        "Basic EPS": -0.76,
        "Diluted NI Availto Com Stockholders": -44163000.0,
        "Net Income Common Stockholders": -44163000.0,
        "Preferred Stock Dividends": NaN,
        "Net Income": -44163000.0,
        "Net Income Including Noncontrolling Interests": -44163000.0,
        "Net Income Continuous Operations": -44163000.0,
        "Tax Provision": 368000.0,
        "Pretax Income": -43795000.0,
        "Other Income Expense": -159000.0,
        "Other Non Operating Income Expenses": -159000.0,
        "Gain On Sale Of Security": NaN,
        "Net Non Operating Interest Income Expense": 317000.0,
        "Interest Expense Non Operating": 3149000.0,
        "Interest Income Non Operating": 3466000.0,
        "Operating Income": -43953000.0,
        "Operating Expense": 64045000.0,
        "Research And Development": 33570000.0,
        "Selling General And Administration": 30475000.0,
        "Gross Profit": 20092000.0,
        "Cost Of Revenue": 2412000.0,
        "Total Revenue": 22504000.0,
        "Operating Revenue": 22504000.0
    },
    "2023-12-31": {
        "Tax Effect Of Unusual Items": 0.0,
        "Tax Rate For Calcs": 0.21,
        "Normalized EBITDA": -36470000.0,
        "Total Unusual Items": NaN,
        "Total Unusual Items Excluding Goodwill": NaN,
        "Net Income From Continuing Operation Net Minority Interest": -41633000.0,
        "Reconciled Depreciation": 417000.0,
        "Reconciled Cost Of Revenue": 3233000.0,
        "EBITDA": -36470000.0,
        "EBIT": -36887000.0,
        "Net Interest Income": -731000.0,
        "Interest Expense": 4550000.0,
        "Interest Income": 3819000.0,
        "Normalized Income": -41633000.0,
        "Net Income From Continuing And Discontinued Operation": -41633000.0,
        "Total Expenses": 65499000.0,
        "Total Operating Income As Reported": -41265000.0,
        "Diluted Average Shares": 59211199.0,
        "Basic Average Shares": 59211199.0,
        "Diluted EPS": -0.7,
        "Basic EPS": -0.7,
        "Diluted NI Availto Com Stockholders": -41633000.0,
        "Net Income Common Stockholders": -41633000.0,
        "Preferred Stock Dividends": NaN,
        "Net Income": -41633000.0,
        "Net Income Including Noncontrolling Interests": -41633000.0,
        "Net Income Continuous Operations": -41633000.0,
        "Tax Provision": 196000.0,
        "Pretax Income": -41437000.0,
        "Other Income Expense": 559000.0,
        "Other Non Operating Income Expenses": 559000.0,
        "Gain On Sale Of Security": NaN,
        "Net Non Operating Interest Income Expense": -731000.0,
        "Interest Expense Non Operating": 4550000.0,
        "Interest Income Non Operating": 3819000.0,
        "Operating Income": -41265000.0,
        "Operating Expense": 62266000.0,
        "Research And Development": 29892000.0,
        "Selling General And Administration": 32374000.0,
        "Gross Profit": 21001000.0,
        "Cost Of Revenue": 3233000.0,
        "Total Revenue": 24234000.0,
        "Operating Revenue": 24234000.0
    },
    "2024-03-31": {
        "Tax Effect Of Unusual Items": 0.0,
        "Tax Rate For Calcs": 0.21,
        "Normalized EBITDA": -135912000.0,
        "Total Unusual Items": NaN,
        "Total Unusual Items Excluding Goodwill": NaN,
        "Net Income From Continuing Operation Net Minority Interest": -141372000.0,
        "Reconciled Depreciation": 405000.0,
        "Reconciled Cost Of Revenue": 2807000.0,
        "EBITDA": -135912000.0,
        "EBIT": -136317000.0,
        "Net Interest Income": -1709000.0,
        "Interest Expense": 4755000.0,
        "Interest Income": 3046000.0,
        "Normalized Income": -141372000.0,
        "Net Income From Continuing And Discontinued Operation": -141372000.0,
        "Total Expenses": 165854000.0,
        "Total Operating Income As Reported": -139887000.0,
        "Diluted Average Shares": 60143558.0,
        "Basic Average Shares": 60143558.0,
        "Diluted EPS": -2.35,
        "Basic EPS": -2.35,
        "Diluted NI Availto Com Stockholders": -141372000.0,
        "Net Income Common Stockholders": -141372000.0,
        "Preferred Stock Dividends": NaN,
        "Net Income": -141372000.0,
        "Net Income Including Noncontrolling Interests": -141372000.0,
        "Net Income Continuous Operations": -141372000.0,
        "Tax Provision": 300000.0,
        "Pretax Income": -141072000.0,
        "Other Income Expense": 524000.0,
        "Other Non Operating Income Expenses": 524000.0,
        "Gain On Sale Of Security": NaN,
        "Net Non Operating Interest Income Expense": -1709000.0,
        "Interest Expense Non Operating": 4755000.0,
        "Interest Income Non Operating": 3046000.0,
        "Operating Income": -139887000.0,
        "Operating Expense": 163047000.0,
        "Research And Development": 128665000.0,
        "Selling General And Administration": 34382000.0,
        "Gross Profit": 23160000.0,
        "Cost Of Revenue": 2807000.0,
        "Total Revenue": 25967000.0,
        "Operating Revenue": 25967000.0
    },
    "2024-06-30": {
        "Tax Effect Of Unusual Items": 1869000.0,
        "Tax Rate For Calcs": 0.21,
        "Normalized EBITDA": -35689000.0,
        "Total Unusual Items": 8900000.0,
        "Total Unusual Items Excluding Goodwill": 8900000.0,
        "Net Income From Continuing Operation Net Minority Interest": -32261000.0,
        "Reconciled Depreciation": 390000.0,
        "Reconciled Cost Of Revenue": 2947000.0,
        "EBITDA": -26789000.0,
        "EBIT": -27179000.0,
        "Net Interest Income": -506000.0,
        "Interest Expense": 4603000.0,
        "Interest Income": 4097000.0,
        "Normalized Income": -39292000.0,
        "Net Income From Continuing And Discontinued Operation": -32261000.0,
        "Total Expenses": 69556000.0,
        "Total Operating Income As Reported": -40478000.0,
        "Diluted Average Shares": 61011824.0,
        "Basic Average Shares": 61011824.0,
        "Diluted EPS": -0.55,
        "Basic EPS": -0.55,
        "Diluted NI Availto Com Stockholders": -33563000.0,
        "Net Income Common Stockholders": -33563000.0,
        "Preferred Stock Dividends": 1302000.0,
        "Net Income": -32261000.0,
        "Net Income Including Noncontrolling Interests": -32261000.0,
        "Net Income Continuous Operations": -32261000.0,
        "Tax Provision": 479000.0,
        "Pretax Income": -31782000.0,
        "Other Income Expense": 9202000.0,
        "Other Non Operating Income Expenses": 302000.0,
        "Gain On Sale Of Security": 8900000.0,
        "Net Non Operating Interest Income Expense": -506000.0,
        "Interest Expense Non Operating": 4603000.0,
        "Interest Income Non Operating": 4097000.0,
        "Operating Income": -40478000.0,
        "Operating Expense": 66609000.0,
        "Research And Development": 30194000.0,
        "Selling General And Administration": 36415000.0,
        "Gross Profit": 26131000.0,
        "Cost Of Revenue": 2947000.0,
        "Total Revenue": 29078000.0,
        "Operating Revenue": 29078000.0
    },
    "2024-09-30": {
        "Tax Effect Of Unusual Items": 0.0,
        "Tax Rate For Calcs": 0.007821,
        "Normalized EBITDA": -38358000.0,
        "Total Unusual Items": NaN,
        "Total Unusual Items Excluding Goodwill": NaN,
        "Net Income From Continuing Operation Net Minority Interest": -43641000.0,
        "Reconciled Depreciation": 385000.0,
        "Reconciled Cost Of Revenue": 3828000.0,
        "EBITDA": -38358000.0,
        "EBIT": -38743000.0,
        "Net Interest Income": -1188000.0,
        "Interest Expense": 5242000.0,
        "Interest Income": 4054000.0,
        "Normalized Income": -43641000.0,
        "Net Income From Continuing And Discontinued Operation": -43641000.0,
        "Total Expenses": 77136000.0,
        "Total Operating Income As Reported": -43885000.0,
        "Diluted Average Shares": 61219918.0,
        "Basic Average Shares": 61219918.0,
        "Diluted EPS": -0.73,
        "Basic EPS": -0.73,
        "Diluted NI Availto Com Stockholders": -43641000.0,
        "Net Income Common Stockholders": -43641000.0,
        "Preferred Stock Dividends": NaN,
        "Net Income": -43641000.0,
        "Net Income Including Noncontrolling Interests": -43641000.0,
        "Net Income Continuous Operations": -43641000.0,
        "Tax Provision": -344000.0,
        "Pretax Income": -43985000.0,
        "Other Income Expense": 1088000.0,
        "Other Non Operating Income Expenses": 1088000.0,
        "Gain On Sale Of Security": NaN,
        "Net Non Operating Interest Income Expense": -1188000.0,
        "Interest Expense Non Operating": 5242000.0,
        "Interest Income Non Operating": 4054000.0,
        "Operating Income": -43885000.0,
        "Operating Expense": 73308000.0,
        "Research And Development": 37931000.0,
        "Selling General And Administration": 35377000.0,
        "Gross Profit": 29423000.0,
        "Cost Of Revenue": 3828000.0,
        "Total Revenue": 33251000.0,
        "Operating Revenue": 33251000.0
    },
    "2024-12-31": {
        "Tax Effect Of Unusual Items": 0.0,
        "Tax Rate For Calcs": 0.002075,
        "Normalized EBITDA": -37552000.0,
        "Total Unusual Items": 0.0,
        "Total Unusual Items Excluding Goodwill": 0.0,
        "Net Income From Continuing Operation Net Minority Interest": -43292000.0,
        "Reconciled Depreciation": 383000.0,
        "Reconciled Cost Of Revenue": 3787000.0,
        "EBITDA": -37552000.0,
        "EBIT": -37935000.0,
        "Net Interest Income": -1932000.0,
        "Interest Expense": 5447000.0,
        "Interest Income": 3515000.0,
        "Normalized Income": -43292000.0,
        "Net Income From Continuing And Discontinued Operation": -43292000.0,
        "Total Expenses": 83085000.0,
        "Total Operating Income As Reported": -41255000.0,
        "Diluted Average Shares": 61596442.0,
        "Basic Average Shares": 61596442.0,
        "Diluted EPS": -0.72,
        "Basic EPS": -0.72,
        "Diluted NI Availto Com Stockholders": -47262000.0,
        "Net Income Common Stockholders": -47262000.0,
        "Preferred Stock Dividends": NaN,
        "Net Income": -43292000.0,
        "Net Income Including Noncontrolling Interests": -43292000.0,
        "Net Income Continuous Operations": -43292000.0,
        "Tax Provision": -90000.0,
        "Pretax Income": -43382000.0,
        "Other Income Expense": -195000.0,
        "Other Non Operating Income Expenses": -195000.0,
        "Gain On Sale Of Security": 0.0,
        "Net Non Operating Interest Income Expense": -1932000.0,
        "Interest Expense Non Operating": 5447000.0,
        "Interest Income Non Operating": 3515000.0,
        "Operating Income": -41255000.0,
        "Operating Expense": 79298000.0,
        "Research And Development": 41168000.0,
        "Selling General And Administration": 38130000.0,
        "Gross Profit": 38043000.0,
        "Cost Of Revenue": 3787000.0,
        "Total Revenue": 41830000.0,
        "Operating Revenue": 41830000.0
    },
    "2025-03-31": {
        "Tax Effect Of Unusual Items": 0.0,
        "Tax Rate For Calcs": 0.21,
        "Normalized EBITDA": -43626000.0,
        "Total Unusual Items": NaN,
        "Total Unusual Items Excluding Goodwill": NaN,
        "Net Income From Continuing Operation Net Minority Interest": -49498000.0,
        "Reconciled Depreciation": 383000.0,
        "Reconciled Cost Of Revenue": 3648000.0,
        "EBITDA": -43626000.0,
        "EBIT": -44009000.0,
        "Net Interest Income": -1770000.0,
        "Interest Expense": 5409000.0,
        "Interest Income": 3639000.0,
        "Normalized Income": -49498000.0,
        "Net Income From Continuing And Discontinued Operation": -49498000.0,
        "Total Expenses": 79708000.0,
        "Total Operating Income As Reported": -47004000.0,
        "Diluted Average Shares": 63059165.0,
        "Basic Average Shares": 63059165.0,
        "Diluted EPS": -0.81,
        "Basic EPS": -0.81,
        "Diluted NI Availto Com Stockholders": -50820000.0,
        "Net Income Common Stockholders": -50820000.0,
        "Preferred Stock Dividends": 1322000.0,
        "Net Income": -49498000.0,
        "Net Income Including Noncontrolling Interests": -49498000.0,
        "Net Income Continuous Operations": -49498000.0,
        "Tax Provision": 80000.0,
        "Pretax Income": -49418000.0,
        "Other Income Expense": -644000.0,
        "Other Non Operating Income Expenses": -644000.0,
        "Gain On Sale Of Security": NaN,
        "Net Non Operating Interest Income Expense": -1770000.0,
        "Interest Expense Non Operating": 5409000.0,
        "Interest Income Non Operating": 3639000.0,
        "Operating Income": -47004000.0,
        "Operating Expense": 76060000.0,
        "Research And Development": 36973000.0,
        "Selling General And Administration": 39087000.0,
        "Gross Profit": 29056000.0,
        "Cost Of Revenue": 3648000.0,
        "Total Revenue": 32704000.0,
        "Operating Revenue": 32704000.0
    }
}