{
    "2023-04-30": {
        "Tax Effect Of Unusual Items": NaN,
        "Tax Rate For Calcs": NaN,
        "Normalized EBITDA": NaN,
        "Total Unusual Items": NaN,
        "Total Unusual Items Excluding Goodwill": NaN,
        "Net Income From Continuing Operation Net Minority Interest": NaN,
        "Reconciled Depreciation": NaN,
        "Reconciled Cost Of Revenue": NaN,
        "EBITDA": NaN,
        "EBIT": NaN,
        "Net Interest Income": NaN,
        "Interest Expense": NaN,
        "Interest Income": NaN,
        "Normalized Income": NaN,
        "Net Income From Continuing And Discontinued Operation": NaN,
        "Total Expenses": NaN,
        "Total Operating Income As Reported": NaN,
        "Diluted Average Shares": NaN,
        "Basic Average Shares": NaN,
        "Diluted EPS": NaN,
        "Basic EPS": NaN,
        "Diluted NI Availto Com Stockholders": NaN,
        "Net Income Common Stockholders": NaN,
        "Net Income": NaN,
        "Net Income Including Noncontrolling Interests": NaN,
        "Net Income Continuous Operations": NaN,
        "Tax Provision": NaN,
        "Pretax Income": NaN,
        "Other Income Expense": NaN,
        "Other Non Operating Income Expenses": NaN,
        "Special Income Charges": NaN,
        "Restructuring And Mergern Acquisition": NaN,
        "Net Non Operating Interest Income Expense": NaN,
        "Interest Expense Non Operating": NaN,
        "Interest Income Non Operating": NaN,
        "Operating Income": NaN,
        "Operating Expense": NaN,
        "Research And Development": NaN,
        "Selling General And Administration": NaN,
        "Selling And Marketing Expense": NaN,
        "General And Administrative Expense": NaN,
        "Other Gand A": NaN,
        "Salaries And Wages": 36586000.0,
        "Gross Profit": NaN,
        "Cost Of Revenue": NaN,
        "Total Revenue": NaN,
        "Operating Revenue": NaN
    },
    "2023-01-31": {
        "Tax Effect Of Unusual Items": 0.0,
        "Tax Rate For Calcs": 0.21,
        "Normalized EBITDA": -81148000.0,
        "Total Unusual Items": NaN,
        "Total Unusual Items Excluding Goodwill": NaN,
        "Net Income From Continuing Operation Net Minority Interest": -93680000.0,
        "Reconciled Depreciation": 9624000.0,
        "Reconciled Cost Of Revenue": 39771000.0,
        "EBITDA": -81148000.0,
        "EBIT": -90772000.0,
        "Net Interest Income": 9301000.0,
        "Interest Expense": 605000.0,
        "Interest Income": 9906000.0,
        "Normalized Income": -93680000.0,
        "Net Income From Continuing And Discontinued Operation": -93680000.0,
        "Total Expenses": 226126000.0,
        "Total Operating Income As Reported": -100030000.0,
        "Diluted Average Shares": 283545048.0,
        "Basic Average Shares": 283545048.0,
        "Diluted EPS": -0.33,
        "Basic EPS": -0.33,
        "Diluted NI Availto Com Stockholders": -93680000.0,
        "Net Income Common Stockholders": -93680000.0,
        "Net Income": -93680000.0,
        "Net Income Including Noncontrolling Interests": -93680000.0,
        "Net Income Continuous Operations": -93680000.0,
        "Tax Provision": 2303000.0,
        "Pretax Income": -91377000.0,
        "Other Income Expense": -648000.0,
        "Other Non Operating Income Expenses": -648000.0,
        "Special Income Charges": NaN,
        "Restructuring And Mergern Acquisition": NaN,
        "Net Non Operating Interest Income Expense": 9301000.0,
        "Interest Expense Non Operating": 605000.0,
        "Interest Income Non Operating": 9906000.0,
        "Operating Income": -100030000.0,
        "Operating Expense": 186355000.0,
        "Research And Development": 53904000.0,
        "Selling General And Administration": 132451000.0,
        "Selling And Marketing Expense": 87254000.0,
        "General And Administrative Expense": 45197000.0,
        "Other Gand A": 45197000.0,
        "Salaries And Wages": NaN,
        "Gross Profit": 86325000.0,
        "Cost Of Revenue": 39771000.0,
        "Total Revenue": 126096000.0,
        "Operating Revenue": 126096000.0
    },
    "2022-10-31": {
        "Tax Effect Of Unusual Items": NaN,
        "Tax Rate For Calcs": NaN,
        "Normalized EBITDA": NaN,
        "Total Unusual Items": 0.0,
        "Total Unusual Items Excluding Goodwill": 0.0,
        "Net Income From Continuing Operation Net Minority Interest": NaN,
        "Reconciled Depreciation": NaN,
        "Reconciled Cost Of Revenue": NaN,
        "EBITDA": NaN,
        "EBIT": NaN,
        "Net Interest Income": NaN,
        "Interest Expense": NaN,
        "Interest Income": NaN,
        "Normalized Income": NaN,
        "Net Income From Continuing And Discontinued Operation": NaN,
        "Total Expenses": NaN,
        "Total Operating Income As Reported": NaN,
        "Diluted Average Shares": NaN,
        "Basic Average Shares": NaN,
        "Diluted EPS": NaN,
        "Basic EPS": NaN,
        "Diluted NI Availto Com Stockholders": NaN,
        "Net Income Common Stockholders": NaN,
        "Net Income": NaN,
        "Net Income Including Noncontrolling Interests": NaN,
        "Net Income Continuous Operations": NaN,
        "Tax Provision": NaN,
        "Pretax Income": NaN,
        "Other Income Expense": NaN,
        "Other Non Operating Income Expenses": NaN,
        "Special Income Charges": 0.0,
        "Restructuring And Mergern Acquisition": 0.0,
        "Net Non Operating Interest Income Expense": NaN,
        "Interest Expense Non Operating": NaN,
        "Interest Income Non Operating": NaN,
        "Operating Income": NaN,
        "Operating Expense": NaN,
        "Research And Development": NaN,
        "Selling General And Administration": NaN,
        "Selling And Marketing Expense": NaN,
        "General And Administrative Expense": NaN,
        "Other Gand A": NaN,
        "Salaries And Wages": NaN,
        "Gross Profit": NaN,
        "Cost Of Revenue": NaN,
        "Total Revenue": NaN,
        "Operating Revenue": NaN
    },
    "2022-07-31": {
        "Tax Effect Of Unusual Items": 0.0,
        "Tax Rate For Calcs": 0.084,
        "Normalized EBITDA": -95851000.0,
        "Total Unusual Items": NaN,
        "Total Unusual Items Excluding Goodwill": NaN,
        "Net Income From Continuing Operation Net Minority Interest": -96306000.0,
        "Reconciled Depreciation": 8692000.0,
        "Reconciled Cost Of Revenue": 36261000.0,
        "EBITDA": -95851000.0,
        "EBIT": -104543000.0,
        "Net Interest Income": 2615000.0,
        "Interest Expense": 607000.0,
        "Interest Income": 3222000.0,
        "Normalized Income": -96306000.0,
        "Net Income From Continuing And Discontinued Operation": -96306000.0,
        "Total Expenses": 210697000.0,
        "Total Operating Income As Reported": -108192000.0,
        "Diluted Average Shares": 277417227.0,
        "Basic Average Shares": 277417227.0,
        "Diluted EPS": -0.35,
        "Basic EPS": -0.35,
        "Diluted NI Availto Com Stockholders": -96306000.0,
        "Net Income Common Stockholders": -96306000.0,
        "Net Income": -96306000.0,
        "Net Income Including Noncontrolling Interests": -96306000.0,
        "Net Income Continuous Operations": -96306000.0,
        "Tax Provision": -8844000.0,
        "Pretax Income": -105150000.0,
        "Other Income Expense": 427000.0,
        "Other Non Operating Income Expenses": 427000.0,
        "Special Income Charges": NaN,
        "Restructuring And Mergern Acquisition": NaN,
        "Net Non Operating Interest Income Expense": 2615000.0,
        "Interest Expense Non Operating": 607000.0,
        "Interest Income Non Operating": 3222000.0,
        "Operating Income": -108192000.0,
        "Operating Expense": 174436000.0,
        "Research And Development": 54989000.0,
        "Selling General And Administration": 119447000.0,
        "Selling And Marketing Expense": 79000000.0,
        "General And Administrative Expense": 40447000.0,
        "Other Gand A": 40447000.0,
        "Salaries And Wages": NaN,
        "Gross Profit": 66244000.0,
        "Cost Of Revenue": 36261000.0,
        "Total Revenue": 102505000.0,
        "Operating Revenue": 102505000.0
    },
    "2023-07-31": {
        "Tax Effect Of Unusual Items": NaN,
        "Tax Rate For Calcs": NaN,
        "Normalized EBITDA": NaN,
        "Total Unusual Items": NaN,
        "Total Unusual Items Excluding Goodwill": NaN,
        "Net Income From Continuing Operation Net Minority Interest": NaN,
        "Reconciled Depreciation": NaN,
        "Reconciled Cost Of Revenue": NaN,
        "EBITDA": NaN,
        "EBIT": NaN,
        "Net Interest Income": NaN,
        "Interest Expense": NaN,
        "Interest Income": NaN,
        "Normalized Income": NaN,
        "Net Income From Continuing And Discontinued Operation": NaN,
        "Total Expenses": NaN,
        "Total Operating Income As Reported": NaN,
        "Diluted Average Shares": NaN,
        "Basic Average Shares": NaN,
        "Diluted EPS": NaN,
        "Basic EPS": NaN,
        "Diluted NI Availto Com Stockholders": NaN,
        "Net Income Common Stockholders": NaN,
        "Net Income": NaN,
        "Net Income Including Noncontrolling Interests": NaN,
        "Net Income Continuous Operations": NaN,
        "Tax Provision": NaN,
        "Pretax Income": NaN,
        "Other Income Expense": NaN,
        "Other Non Operating Income Expenses": NaN,
        "Special Income Charges": NaN,
        "Restructuring And Mergern Acquisition": NaN,
        "Net Non Operating Interest Income Expense": NaN,
        "Interest Expense Non Operating": NaN,
        "Interest Income Non Operating": NaN,
        "Operating Income": NaN,
        "Operating Expense": NaN,
        "Research And Development": NaN,
        "Selling General And Administration": NaN,
        "Selling And Marketing Expense": NaN,
        "General And Administrative Expense": NaN,
        "Other Gand A": NaN,
        "Salaries And Wages": 35446000.0,
        "Gross Profit": NaN,
        "Cost Of Revenue": NaN,
        "Total Revenue": NaN,
        "Operating Revenue": NaN
    },
    "2023-10-31": {
        "Tax Effect Of Unusual Items": NaN,
        "Tax Rate For Calcs": NaN,
        "Normalized EBITDA": NaN,
        "Total Unusual Items": -74000.0,
        "Total Unusual Items Excluding Goodwill": -74000.0,
        "Net Income From Continuing Operation Net Minority Interest": NaN,
        "Reconciled Depreciation": NaN,
        "Reconciled Cost Of Revenue": NaN,
        "EBITDA": NaN,
        "EBIT": NaN,
        "Net Interest Income": NaN,
        "Interest Expense": NaN,
        "Interest Income": NaN,
        "Normalized Income": NaN,
        "Net Income From Continuing And Discontinued Operation": NaN,
        "Total Expenses": NaN,
        "Total Operating Income As Reported": NaN,
        "Diluted Average Shares": NaN,
        "Basic Average Shares": NaN,
        "Diluted EPS": NaN,
        "Basic EPS": NaN,
        "Diluted NI Availto Com Stockholders": NaN,
        "Net Income Common Stockholders": NaN,
        "Net Income": NaN,
        "Net Income Including Noncontrolling Interests": NaN,
        "Net Income Continuous Operations": NaN,
        "Tax Provision": NaN,
        "Pretax Income": NaN,
        "Other Income Expense": NaN,
        "Other Non Operating Income Expenses": NaN,
        "Special Income Charges": -74000.0,
        "Restructuring And Mergern Acquisition": 74000.0,
        "Net Non Operating Interest Income Expense": NaN,
        "Interest Expense Non Operating": NaN,
        "Interest Income Non Operating": NaN,
        "Operating Income": NaN,
        "Operating Expense": NaN,
        "Research And Development": NaN,
        "Selling General And Administration": NaN,
        "Selling And Marketing Expense": NaN,
        "General And Administrative Expense": NaN,
        "Other Gand A": NaN,
        "Gross Profit": NaN,
        "Cost Of Revenue": NaN,
        "Total Revenue": NaN,
        "Operating Revenue": NaN
    },
    "2024-01-31": {
        "Tax Effect Of Unusual Items": -499170.0,
        "Tax Rate For Calcs": 0.21,
        "Normalized EBITDA": NaN,
        "Total Unusual Items": -2377000.0,
        "Total Unusual Items Excluding Goodwill": -2377000.0,
        "Net Income From Continuing Operation Net Minority Interest": -71982000.0,
        "Reconciled Depreciation": 10363000.0,
        "Reconciled Cost Of Revenue": 48266000.0,
        "EBITDA": -59609000.0,
        "EBIT": -69972000.0,
        "Net Interest Income": 11976000.0,
        "Interest Expense": 3000.0,
        "Interest Income": 11979000.0,
        "Normalized Income": -70104170.0,
        "Net Income From Continuing And Discontinued Operation": -71982000.0,
        "Total Expenses": 253012000.0,
        "Total Operating Income As Reported": -81214000.0,
        "Diluted Average Shares": 301356227.0,
        "Basic Average Shares": 301356227.0,
        "Diluted EPS": NaN,
        "Basic EPS": -0.24,
        "Diluted NI Availto Com Stockholders": NaN,
        "Net Income Common Stockholders": -71982000.0,
        "Net Income": -71982000.0,
        "Net Income Including Noncontrolling Interests": -71982000.0,
        "Net Income Continuous Operations": -71982000.0,
        "Tax Provision": 2007000.0,
        "Pretax Income": -69975000.0,
        "Other Income Expense": -3114000.0,
        "Other Non Operating Income Expenses": NaN,
        "Special Income Charges": -2377000.0,
        "Restructuring And Mergern Acquisition": 2377000.0,
        "Net Non Operating Interest Income Expense": 11976000.0,
        "Interest Expense Non Operating": 3000.0,
        "Interest Income Non Operating": 11979000.0,
        "Operating Income": NaN,
        "Operating Expense": 204746000.0,
        "Research And Development": 56446000.0,
        "Selling General And Administration": 148300000.0,
        "Selling And Marketing Expense": 101478000.0,
        "General And Administrative Expense": 46822000.0,
        "Other Gand A": 46822000.0,
        "Gross Profit": 125909000.0,
        "Cost Of Revenue": 48266000.0,
        "Total Revenue": 174175000.0,
        "Operating Revenue": NaN
    },
    "2024-04-30": {
        "Tax Effect Of Unusual Items": 0.0,
        "Tax Rate For Calcs": 0.022,
        "Normalized EBITDA": -57866000.0,
        "Total Unusual Items": NaN,
        "Total Unusual Items Excluding Goodwill": NaN,
        "Net Income From Continuing Operation Net Minority Interest": -70105000.0,
        "Reconciled Depreciation": 10691000.0,
        "Reconciled Cost Of Revenue": 50137000.0,
        "EBITDA": -57866000.0,
        "EBIT": -68557000.0,
        "Net Interest Income": 12046000.0,
        "Interest Expense": 36000.0,
        "Interest Income": 12082000.0,
        "Normalized Income": -70105000.0,
        "Net Income From Continuing And Discontinued Operation": -70105000.0,
        "Total Expenses": 266955000.0,
        "Total Operating Income As Reported": -80600000.0,
        "Diluted Average Shares": 309547693.0,
        "Basic Average Shares": 309547693.0,
        "Diluted EPS": -0.23,
        "Basic EPS": -0.23,
        "Diluted NI Availto Com Stockholders": -70105000.0,
        "Net Income Common Stockholders": -70105000.0,
        "Net Income": -70105000.0,
        "Net Income Including Noncontrolling Interests": -70105000.0,
        "Net Income Continuous Operations": -70105000.0,
        "Tax Provision": 1512000.0,
        "Pretax Income": -68593000.0,
        "Other Income Expense": -39000.0,
        "Other Non Operating Income Expenses": -39000.0,
        "Special Income Charges": NaN,
        "Restructuring And Mergern Acquisition": NaN,
        "Net Non Operating Interest Income Expense": 12046000.0,
        "Interest Expense Non Operating": 36000.0,
        "Interest Income Non Operating": 12082000.0,
        "Operating Income": -80600000.0,
        "Operating Expense": 216818000.0,
        "Research And Development": 58321000.0,
        "Selling General And Administration": 158497000.0,
        "Selling And Marketing Expense": 115830000.0,
        "General And Administrative Expense": 42667000.0,
        "Other Gand A": 42667000.0,
        "Gross Profit": 136218000.0,
        "Cost Of Revenue": 50137000.0,
        "Total Revenue": 186355000.0,
        "Operating Revenue": 186355000.0
    },
    "2024-07-31": {
        "Tax Effect Of Unusual Items": 0.0,
        "Tax Rate For Calcs": 0.21,
        "Normalized EBITDA": -56530000.0,
        "Total Unusual Items": 0.0,
        "Total Unusual Items Excluding Goodwill": 0.0,
        "Net Income From Continuing Operation Net Minority Interest": -69184000.0,
        "Reconciled Depreciation": 10419000.0,
        "Reconciled Cost Of Revenue": 50699000.0,
        "EBITDA": -56530000.0,
        "EBIT": -66949000.0,
        "Net Interest Income": 12817000.0,
        "Interest Expense": 36000.0,
        "Interest Income": 12853000.0,
        "Normalized Income": -69184000.0,
        "Net Income From Continuing And Discontinued Operation": -69184000.0,
        "Total Expenses": 278318000.0,
        "Total Operating Income As Reported": -79381000.0,
        "Diluted Average Shares": 312615531.0,
        "Basic Average Shares": 312615531.0,
        "Diluted EPS": -0.22,
        "Basic EPS": -0.22,
        "Diluted NI Availto Com Stockholders": -69184000.0,
        "Net Income Common Stockholders": -69184000.0,
        "Net Income": -69184000.0,
        "Net Income Including Noncontrolling Interests": -69184000.0,
        "Net Income Continuous Operations": -69184000.0,
        "Tax Provision": 2199000.0,
        "Pretax Income": -66985000.0,
        "Other Income Expense": -421000.0,
        "Other Non Operating Income Expenses": -421000.0,
        "Special Income Charges": 0.0,
        "Restructuring And Mergern Acquisition": 0.0,
        "Net Non Operating Interest Income Expense": 12817000.0,
        "Interest Expense Non Operating": 36000.0,
        "Interest Income Non Operating": 12853000.0,
        "Operating Income": -79381000.0,
        "Operating Expense": 227619000.0,
        "Research And Development": 63602000.0,
        "Selling General And Administration": 164017000.0,
        "Selling And Marketing Expense": 119617000.0,
        "General And Administrative Expense": 44400000.0,
        "Other Gand A": 44400000.0,
        "Gross Profit": 148238000.0,
        "Cost Of Revenue": 50699000.0,
        "Total Revenue": 198937000.0,
        "Operating Revenue": 198937000.0
    },
    "2024-10-31": {
        "Tax Effect Of Unusual Items": 0.0,
        "Tax Rate For Calcs": 0.21,
        "Normalized EBITDA": -66087000.0,
        "Total Unusual Items": 0.0,
        "Total Unusual Items Excluding Goodwill": 0.0,
        "Net Income From Continuing Operation Net Minority Interest": -78364000.0,
        "Reconciled Depreciation": 10715000.0,
        "Reconciled Cost Of Revenue": 53260000.0,
        "EBITDA": -66087000.0,
        "EBIT": -76802000.0,
        "Net Interest Income": 12658000.0,
        "Interest Expense": 38000.0,
        "Interest Income": 12696000.0,
        "Normalized Income": -78364000.0,
        "Net Income From Continuing And Discontinued Operation": -78364000.0,
        "Total Expenses": 299768000.0,
        "Total Operating Income As Reported": -89120000.0,
        "Diluted Average Shares": 316987303.0,
        "Basic Average Shares": 316987303.0,
        "Diluted EPS": -0.25,
        "Basic EPS": -0.25,
        "Diluted NI Availto Com Stockholders": -78364000.0,
        "Net Income Common Stockholders": -78364000.0,
        "Net Income": -78364000.0,
        "Net Income Including Noncontrolling Interests": -78364000.0,
        "Net Income Continuous Operations": -78364000.0,
        "Tax Provision": 1524000.0,
        "Pretax Income": -76840000.0,
        "Other Income Expense": -378000.0,
        "Other Non Operating Income Expenses": -378000.0,
        "Special Income Charges": 0.0,
        "Restructuring And Mergern Acquisition": 0.0,
        "Net Non Operating Interest Income Expense": 12658000.0,
        "Interest Expense Non Operating": 38000.0,
        "Interest Income Non Operating": 12696000.0,
        "Operating Income": -89120000.0,
        "Operating Expense": 246508000.0,
        "Research And Development": 70453000.0,
        "Selling General And Administration": 176055000.0,
        "Selling And Marketing Expense": 123713000.0,
        "General And Administrative Expense": 52342000.0,
        "Other Gand A": 52342000.0,
        "Gross Profit": 157388000.0,
        "Cost Of Revenue": 53260000.0,
        "Total Revenue": 210648000.0,
        "Operating Revenue": 210648000.0
    },
    "2025-01-31": {
        "Tax Effect Of Unusual Items": 0.0,
        "Tax Rate For Calcs": 0.4,
        "Normalized EBITDA": -58187000.0,
        "Total Unusual Items": 0.0,
        "Total Unusual Items Excluding Goodwill": 0.0,
        "Net Income From Continuing Operation Net Minority Interest": -70788000.0,
        "Reconciled Depreciation": 10941000.0,
        "Reconciled Cost Of Revenue": 57010000.0,
        "EBITDA": -58187000.0,
        "EBIT": -69128000.0,
        "Net Interest Income": 12408000.0,
        "Interest Expense": 61000.0,
        "Interest Income": 12469000.0,
        "Normalized Income": -70788000.0,
        "Net Income From Continuing And Discontinued Operation": -70788000.0,
        "Total Expenses": 305779000.0,
        "Total Operating Income As Reported": -80258000.0,
        "Diluted Average Shares": 321446833.0,
        "Basic Average Shares": 321446833.0,
        "Diluted EPS": -0.22,
        "Basic EPS": -0.22,
        "Diluted NI Availto Com Stockholders": -70788000.0,
        "Net Income Common Stockholders": -70788000.0,
        "Net Income": -70788000.0,
        "Net Income Including Noncontrolling Interests": -70788000.0,
        "Net Income Continuous Operations": -70788000.0,
        "Tax Provision": 1599000.0,
        "Pretax Income": -69189000.0,
        "Other Income Expense": -1339000.0,
        "Other Non Operating Income Expenses": -1339000.0,
        "Special Income Charges": 0.0,
        "Restructuring And Mergern Acquisition": 0.0,
        "Net Non Operating Interest Income Expense": 12408000.0,
        "Interest Expense Non Operating": 61000.0,
        "Interest Income Non Operating": 12469000.0,
        "Operating Income": -80258000.0,
        "Operating Expense": 248769000.0,
        "Research And Development": 74626000.0,
        "Selling General And Administration": 174143000.0,
        "Selling And Marketing Expense": 128065000.0,
        "General And Administrative Expense": 46078000.0,
        "Other Gand A": 46078000.0,
        "Gross Profit": 168511000.0,
        "Cost Of Revenue": 57010000.0,
        "Total Revenue": 225521000.0,
        "Operating Revenue": 225521000.0
    },
    "2025-04-30": {
        "Tax Effect Of Unusual Items": NaN,
        "Tax Rate For Calcs": NaN,
        "Normalized EBITDA": -66301000.0,
        "Total Unusual Items": NaN,
        "Total Unusual Items Excluding Goodwill": NaN,
        "Net Income From Continuing Operation Net Minority Interest": NaN,
        "Reconciled Depreciation": NaN,
        "Reconciled Cost Of Revenue": NaN,
        "EBITDA": NaN,
        "EBIT": NaN,
        "Net Interest Income": NaN,
        "Interest Expense": NaN,
        "Interest Income": NaN,
        "Normalized Income": NaN,
        "Net Income From Continuing And Discontinued Operation": NaN,
        "Total Expenses": NaN,
        "Total Operating Income As Reported": NaN,
        "Diluted Average Shares": NaN,
        "Basic Average Shares": NaN,
        "Diluted EPS": -0.63,
        "Basic EPS": NaN,
        "Diluted NI Availto Com Stockholders": -208193000.0,
        "Net Income Common Stockholders": NaN,
        "Net Income": NaN,
        "Net Income Including Noncontrolling Interests": NaN,
        "Net Income Continuous Operations": NaN,
        "Tax Provision": NaN,
        "Pretax Income": NaN,
        "Other Income Expense": NaN,
        "Other Non Operating Income Expenses": 492000.0,
        "Special Income Charges": NaN,
        "Restructuring And Mergern Acquisition": NaN,
        "Net Non Operating Interest Income Expense": NaN,
        "Interest Expense Non Operating": NaN,
        "Interest Income Non Operating": NaN,
        "Operating Income": -82316000.0,
        "Operating Expense": NaN,
        "Research And Development": NaN,
        "Selling General And Administration": NaN,
        "Selling And Marketing Expense": NaN,
        "General And Administrative Expense": NaN,
        "Other Gand A": NaN,
        "Gross Profit": NaN,
        "Cost Of Revenue": NaN,
        "Total Revenue": NaN,
        "Operating Revenue": 229029000.0
    }
}