{
    "2023-03-31": {
        "Tax Effect Of Unusual Items": NaN,
        "Tax Rate For Calcs": NaN,
        "Normalized EBITDA": NaN,
        "Total Unusual Items": NaN,
        "Total Unusual Items Excluding Goodwill": NaN,
        "Net Income From Continuing Operation Net Minority Interest": NaN,
        "Reconciled Depreciation": NaN,
        "EBITDA": NaN,
        "EBIT": NaN,
        "Net Interest Income": NaN,
        "Interest Expense": NaN,
        "Interest Income": NaN,
        "Normalized Income": NaN,
        "Net Income From Continuing And Discontinued Operation": NaN,
        "Total Expenses": NaN,
        "Diluted Average Shares": NaN,
        "Basic Average Shares": NaN,
        "Diluted EPS": NaN,
        "Basic EPS": NaN,
        "Diluted NI Availto Com Stockholders": NaN,
        "Net Income Common Stockholders": NaN,
        "Net Income": NaN,
        "Net Income Including Noncontrolling Interests": NaN,
        "Net Income Continuous Operations": NaN,
        "Tax Provision": NaN,
        "Pretax Income": NaN,
        "Other Income Expense": NaN,
        "Other Non Operating Income Expenses": NaN,
        "Special Income Charges": NaN,
        "Write Off": NaN,
        "Earnings From Equity Interest": -60000.0,
        "Gain On Sale Of Security": NaN,
        "Net Non Operating Interest Income Expense": NaN,
        "Interest Expense Non Operating": NaN,
        "Interest Income Non Operating": NaN,
        "Operating Income": NaN,
        "Operating Expense": NaN,
        "Selling General And Administration": NaN,
        "General And Administrative Expense": NaN,
        "Other Gand A": NaN,
        "Salaries And Wages": NaN,
        "Total Revenue": NaN,
        "Operating Revenue": NaN
    },
    "2022-12-31": {
        "Tax Effect Of Unusual Items": NaN,
        "Tax Rate For Calcs": NaN,
        "Normalized EBITDA": NaN,
        "Total Unusual Items": NaN,
        "Total Unusual Items Excluding Goodwill": NaN,
        "Net Income From Continuing Operation Net Minority Interest": NaN,
        "Reconciled Depreciation": NaN,
        "EBITDA": NaN,
        "EBIT": NaN,
        "Net Interest Income": NaN,
        "Interest Expense": NaN,
        "Interest Income": NaN,
        "Normalized Income": NaN,
        "Net Income From Continuing And Discontinued Operation": NaN,
        "Total Expenses": NaN,
        "Diluted Average Shares": NaN,
        "Basic Average Shares": NaN,
        "Diluted EPS": NaN,
        "Basic EPS": NaN,
        "Diluted NI Availto Com Stockholders": NaN,
        "Net Income Common Stockholders": NaN,
        "Net Income": NaN,
        "Net Income Including Noncontrolling Interests": NaN,
        "Net Income Continuous Operations": NaN,
        "Tax Provision": NaN,
        "Pretax Income": NaN,
        "Other Income Expense": NaN,
        "Other Non Operating Income Expenses": NaN,
        "Special Income Charges": 0.0,
        "Gain On Sale Of Ppe": 0.0,
        "Write Off": 0.0,
        "Earnings From Equity Interest": -64000.0,
        "Gain On Sale Of Security": NaN,
        "Net Non Operating Interest Income Expense": NaN,
        "Interest Expense Non Operating": NaN,
        "Interest Income Non Operating": NaN,
        "Operating Income": NaN,
        "Operating Expense": NaN,
        "Other Operating Expenses": 6623000.0,
        "Selling General And Administration": NaN,
        "General And Administrative Expense": NaN,
        "Other Gand A": NaN,
        "Salaries And Wages": NaN,
        "Total Revenue": NaN,
        "Operating Revenue": NaN
    },
    "2022-09-30": {
        "Tax Effect Of Unusual Items": NaN,
        "Tax Rate For Calcs": NaN,
        "Normalized EBITDA": NaN,
        "Total Unusual Items": NaN,
        "Total Unusual Items Excluding Goodwill": NaN,
        "Net Income From Continuing Operation Net Minority Interest": NaN,
        "Reconciled Depreciation": NaN,
        "EBITDA": NaN,
        "EBIT": NaN,
        "Net Interest Income": NaN,
        "Interest Expense": NaN,
        "Interest Income": NaN,
        "Normalized Income": NaN,
        "Net Income From Continuing And Discontinued Operation": NaN,
        "Total Expenses": NaN,
        "Diluted Average Shares": 80374706.0,
        "Basic Average Shares": 80282633.0,
        "Diluted EPS": 0.06,
        "Basic EPS": 0.06,
        "Diluted NI Availto Com Stockholders": NaN,
        "Net Income Common Stockholders": NaN,
        "Net Income": NaN,
        "Net Income Including Noncontrolling Interests": NaN,
        "Net Income Continuous Operations": NaN,
        "Tax Provision": NaN,
        "Pretax Income": NaN,
        "Other Income Expense": NaN,
        "Other Non Operating Income Expenses": NaN,
        "Special Income Charges": 0.0,
        "Gain On Sale Of Ppe": 0.0,
        "Write Off": 0.0,
        "Earnings From Equity Interest": NaN,
        "Gain On Sale Of Security": NaN,
        "Net Non Operating Interest Income Expense": NaN,
        "Interest Expense Non Operating": NaN,
        "Interest Income Non Operating": NaN,
        "Operating Income": NaN,
        "Operating Expense": NaN,
        "Other Operating Expenses": 141000.0,
        "Selling General And Administration": NaN,
        "General And Administrative Expense": NaN,
        "Other Gand A": NaN,
        "Salaries And Wages": NaN,
        "Total Revenue": NaN,
        "Operating Revenue": NaN
    },
    "2022-06-30": {
        "Tax Effect Of Unusual Items": -252924.908288,
        "Tax Rate For Calcs": 0.285468,
        "Normalized EBITDA": 28811000.0,
        "Total Unusual Items": -886000.0,
        "Total Unusual Items Excluding Goodwill": -886000.0,
        "Net Income From Continuing Operation Net Minority Interest": 19088000.0,
        "Reconciled Depreciation": 74000.0,
        "EBITDA": 27925000.0,
        "EBIT": 27851000.0,
        "Net Interest Income": -1107000.0,
        "Interest Expense": 1137000.0,
        "Interest Income": 30000.0,
        "Normalized Income": 19721075.091712,
        "Net Income From Continuing And Discontinued Operation": 19088000.0,
        "Total Expenses": 2894000.0,
        "Diluted Average Shares": 80392391.0,
        "Basic Average Shares": 80144953.0,
        "Diluted EPS": 0.24,
        "Basic EPS": 0.24,
        "Diluted NI Availto Com Stockholders": 19088000.0,
        "Net Income Common Stockholders": 19088000.0,
        "Net Income": 19088000.0,
        "Net Income Including Noncontrolling Interests": 19088000.0,
        "Net Income Continuous Operations": 19088000.0,
        "Tax Provision": 7626000.0,
        "Pretax Income": 26714000.0,
        "Other Income Expense": 30715000.0,
        "Other Non Operating Income Expenses": 31647000.0,
        "Special Income Charges": -873000.0,
        "Gain On Sale Of Ppe": 0.0,
        "Write Off": 873000.0,
        "Earnings From Equity Interest": -46000.0,
        "Gain On Sale Of Security": -13000.0,
        "Net Non Operating Interest Income Expense": -1107000.0,
        "Interest Expense Non Operating": 1137000.0,
        "Interest Income Non Operating": 30000.0,
        "Operating Income": -2894000.0,
        "Operating Expense": 2894000.0,
        "Other Operating Expenses": 26000.0,
        "Selling General And Administration": 2868000.0,
        "General And Administrative Expense": 2868000.0,
        "Other Gand A": 1344000.0,
        "Salaries And Wages": 1524000.0,
        "Total Revenue": 0.0,
        "Operating Revenue": 0.0
    },
    "2023-06-30": {
        "Tax Effect Of Unusual Items": NaN,
        "Tax Rate For Calcs": NaN,
        "Normalized EBITDA": NaN,
        "Total Unusual Items": NaN,
        "Total Unusual Items Excluding Goodwill": NaN,
        "Net Income From Continuing Operation Net Minority Interest": NaN,
        "Reconciled Depreciation": NaN,
        "EBITDA": NaN,
        "EBIT": NaN,
        "Net Interest Income": NaN,
        "Interest Expense": NaN,
        "Interest Income": 713000.0,
        "Normalized Income": NaN,
        "Net Income From Continuing And Discontinued Operation": NaN,
        "Total Expenses": NaN,
        "Diluted Average Shares": 82646725.0,
        "Basic Average Shares": 82434434.0,
        "Diluted EPS": 0.11,
        "Basic EPS": 0.11,
        "Diluted NI Availto Com Stockholders": NaN,
        "Net Income Common Stockholders": NaN,
        "Net Income": NaN,
        "Net Income Including Noncontrolling Interests": NaN,
        "Net Income Continuous Operations": NaN,
        "Tax Provision": NaN,
        "Pretax Income": NaN,
        "Other Income Expense": NaN,
        "Other Non Operating Income Expenses": NaN,
        "Special Income Charges": 0.0,
        "Write Off": 0.0,
        "Earnings From Equity Interest": -60000.0,
        "Gain On Sale Of Security": NaN,
        "Net Non Operating Interest Income Expense": NaN,
        "Interest Expense Non Operating": NaN,
        "Interest Income Non Operating": 713000.0,
        "Operating Income": NaN,
        "Operating Expense": NaN,
        "Selling General And Administration": NaN,
        "General And Administrative Expense": NaN,
        "Other Gand A": NaN,
        "Salaries And Wages": NaN,
        "Total Revenue": NaN,
        "Operating Revenue": NaN
    },
    "2023-09-30": {
        "Tax Effect Of Unusual Items": NaN,
        "Tax Rate For Calcs": NaN,
        "Normalized EBITDA": NaN,
        "Total Unusual Items": NaN,
        "Total Unusual Items Excluding Goodwill": NaN,
        "Net Income From Continuing Operation Net Minority Interest": NaN,
        "Reconciled Depreciation": NaN,
        "EBITDA": NaN,
        "EBIT": NaN,
        "Net Interest Income": NaN,
        "Interest Expense": NaN,
        "Interest Income": NaN,
        "Normalized Income": NaN,
        "Net Income From Continuing And Discontinued Operation": NaN,
        "Total Expenses": NaN,
        "Diluted Average Shares": 83484693.0,
        "Basic Average Shares": 83484693.0,
        "Diluted EPS": -0.06,
        "Basic EPS": -0.06,
        "Diluted NI Availto Com Stockholders": NaN,
        "Net Income Common Stockholders": NaN,
        "Net Income": NaN,
        "Net Income Including Noncontrolling Interests": NaN,
        "Net Income Continuous Operations": NaN,
        "Tax Provision": NaN,
        "Pretax Income": NaN,
        "Other Income Expense": NaN,
        "Other Non Operating Income Expenses": NaN,
        "Special Income Charges": 0.0,
        "Write Off": 0.0,
        "Earnings From Equity Interest": -45000.0,
        "Gain On Sale Of Security": NaN,
        "Net Non Operating Interest Income Expense": NaN,
        "Interest Expense Non Operating": NaN,
        "Interest Income Non Operating": NaN,
        "Operating Income": NaN,
        "Operating Expense": NaN,
        "Selling General And Administration": NaN,
        "General And Administrative Expense": NaN,
        "Other Gand A": NaN,
        "Salaries And Wages": NaN,
        "Total Revenue": NaN,
        "Operating Revenue": NaN
    },
    "2023-12-31": {
        "Tax Effect Of Unusual Items": NaN,
        "Tax Rate For Calcs": NaN,
        "Normalized EBITDA": NaN,
        "Total Unusual Items": NaN,
        "Total Unusual Items Excluding Goodwill": NaN,
        "Net Income From Continuing Operation Net Minority Interest": NaN,
        "Reconciled Depreciation": NaN,
        "EBITDA": NaN,
        "EBIT": NaN,
        "Net Interest Income": NaN,
        "Interest Expense": NaN,
        "Interest Income": NaN,
        "Normalized Income": NaN,
        "Net Income From Continuing And Discontinued Operation": NaN,
        "Total Expenses": NaN,
        "Diluted Average Shares": NaN,
        "Basic Average Shares": NaN,
        "Diluted EPS": NaN,
        "Basic EPS": NaN,
        "Diluted NI Availto Com Stockholders": NaN,
        "Net Income Common Stockholders": NaN,
        "Net Income": NaN,
        "Net Income Including Noncontrolling Interests": NaN,
        "Net Income Continuous Operations": NaN,
        "Tax Provision": NaN,
        "Pretax Income": NaN,
        "Other Income Expense": NaN,
        "Other Non Operating Income Expenses": NaN,
        "Special Income Charges": 0.0,
        "Write Off": 0.0,
        "Earnings From Equity Interest": -43000.0,
        "Gain On Sale Of Security": NaN,
        "Net Non Operating Interest Income Expense": NaN,
        "Interest Expense Non Operating": NaN,
        "Interest Income Non Operating": NaN,
        "Operating Income": NaN,
        "Operating Expense": NaN,
        "Selling General And Administration": NaN,
        "General And Administrative Expense": NaN,
        "Other Gand A": NaN,
        "Salaries And Wages": NaN,
        "Total Revenue": NaN,
        "Operating Revenue": NaN
    },
    "2024-03-31": {
        "Tax Effect Of Unusual Items": -1935150.0,
        "Tax Rate For Calcs": 0.15,
        "Normalized EBITDA": 10586000.0,
        "Total Unusual Items": -12901000.0,
        "Total Unusual Items Excluding Goodwill": -12901000.0,
        "Net Income From Continuing Operation Net Minority Interest": -8173000.0,
        "Reconciled Depreciation": 34000.0,
        "EBITDA": -2315000.0,
        "EBIT": -2349000.0,
        "Net Interest Income": 260000.0,
        "Interest Expense": 51000.0,
        "Interest Income": 311000.0,
        "Normalized Income": 2792850.0,
        "Net Income From Continuing And Discontinued Operation": -8173000.0,
        "Total Expenses": 4647000.0,
        "Diluted Average Shares": 86399071.0,
        "Basic Average Shares": 86399071.0,
        "Diluted EPS": -0.09,
        "Basic EPS": -0.09,
        "Diluted NI Availto Com Stockholders": -8173000.0,
        "Net Income Common Stockholders": -8173000.0,
        "Net Income": -8173000.0,
        "Net Income Including Noncontrolling Interests": -8173000.0,
        "Net Income Continuous Operations": -8173000.0,
        "Tax Provision": 5773000.0,
        "Pretax Income": -2400000.0,
        "Other Income Expense": 1987000.0,
        "Other Non Operating Income Expenses": 14888000.0,
        "Special Income Charges": NaN,
        "Write Off": NaN,
        "Earnings From Equity Interest": NaN,
        "Gain On Sale Of Security": -12901000.0,
        "Net Non Operating Interest Income Expense": 260000.0,
        "Interest Expense Non Operating": 51000.0,
        "Interest Income Non Operating": 311000.0,
        "Operating Income": -4647000.0,
        "Operating Expense": 4647000.0,
        "Selling General And Administration": 4647000.0,
        "General And Administrative Expense": 4647000.0,
        "Other Gand A": 1737000.0,
        "Salaries And Wages": 2910000.0,
        "Total Revenue": 0.0,
        "Operating Revenue": 0.0
    },
    "2024-06-30": {
        "Tax Effect Of Unusual Items": -1476698.756386,
        "Tax Rate For Calcs": 0.256773,
        "Normalized EBITDA": 66803000.0,
        "Total Unusual Items": -5751000.0,
        "Total Unusual Items Excluding Goodwill": -5751000.0,
        "Net Income From Continuing Operation Net Minority Interest": 45241000.0,
        "Reconciled Depreciation": 34000.0,
        "EBITDA": 61052000.0,
        "EBIT": 61018000.0,
        "Net Interest Income": 1167000.0,
        "Interest Expense": 147000.0,
        "Interest Income": 1314000.0,
        "Normalized Income": 49515301.243614,
        "Net Income From Continuing And Discontinued Operation": 45241000.0,
        "Total Expenses": 4765000.0,
        "Diluted Average Shares": 88323778.0,
        "Basic Average Shares": 87920852.0,
        "Diluted EPS": 0.51,
        "Basic EPS": 0.51,
        "Diluted NI Availto Com Stockholders": 45241000.0,
        "Net Income Common Stockholders": 45241000.0,
        "Net Income": 45241000.0,
        "Net Income Including Noncontrolling Interests": 45241000.0,
        "Net Income Continuous Operations": 45241000.0,
        "Tax Provision": 15630000.0,
        "Pretax Income": 60871000.0,
        "Other Income Expense": 64469000.0,
        "Other Non Operating Income Expenses": 70220000.0,
        "Special Income Charges": NaN,
        "Write Off": NaN,
        "Earnings From Equity Interest": NaN,
        "Gain On Sale Of Security": -5751000.0,
        "Net Non Operating Interest Income Expense": 1167000.0,
        "Interest Expense Non Operating": 147000.0,
        "Interest Income Non Operating": 1314000.0,
        "Operating Income": -4765000.0,
        "Operating Expense": 4765000.0,
        "Selling General And Administration": 4765000.0,
        "General And Administrative Expense": 4765000.0,
        "Other Gand A": 2270000.0,
        "Salaries And Wages": 2495000.0,
        "Total Revenue": 0.0,
        "Operating Revenue": 0.0
    },
    "2024-09-30": {
        "Tax Effect Of Unusual Items": 1301176.857949,
        "Tax Rate For Calcs": 0.237701,
        "Normalized EBITDA": -41261000.0,
        "Total Unusual Items": 5474000.0,
        "Total Unusual Items Excluding Goodwill": 5474000.0,
        "Net Income From Continuing Operation Net Minority Interest": -27551000.0,
        "Reconciled Depreciation": 34000.0,
        "EBITDA": -35787000.0,
        "EBIT": -35821000.0,
        "Net Interest Income": 575000.0,
        "Interest Expense": 321000.0,
        "Interest Income": 896000.0,
        "Normalized Income": -31723823.142051,
        "Net Income From Continuing And Discontinued Operation": -27551000.0,
        "Total Expenses": 4000000.0,
        "Diluted Average Shares": 89588695.0,
        "Basic Average Shares": 89588695.0,
        "Diluted EPS": -0.31,
        "Basic EPS": -0.31,
        "Diluted NI Availto Com Stockholders": -27551000.0,
        "Net Income Common Stockholders": -27551000.0,
        "Net Income": -27551000.0,
        "Net Income Including Noncontrolling Interests": -27551000.0,
        "Net Income Continuous Operations": -27551000.0,
        "Tax Provision": -8591000.0,
        "Pretax Income": -36142000.0,
        "Other Income Expense": -32717000.0,
        "Other Non Operating Income Expenses": -38191000.0,
        "Special Income Charges": NaN,
        "Write Off": NaN,
        "Earnings From Equity Interest": NaN,
        "Gain On Sale Of Security": 5474000.0,
        "Net Non Operating Interest Income Expense": 575000.0,
        "Interest Expense Non Operating": 321000.0,
        "Interest Income Non Operating": 896000.0,
        "Operating Income": -4000000.0,
        "Operating Expense": 4000000.0,
        "Selling General And Administration": 4000000.0,
        "General And Administrative Expense": 4000000.0,
        "Other Gand A": 1867000.0,
        "Salaries And Wages": 2133000.0,
        "Total Revenue": 0.0,
        "Operating Revenue": 0.0
    },
    "2024-12-31": {
        "Tax Effect Of Unusual Items": -1070301.272482,
        "Tax Rate For Calcs": 0.034051,
        "Normalized EBITDA": -10604000.0,
        "Total Unusual Items": -31432000.0,
        "Total Unusual Items Excluding Goodwill": -31432000.0,
        "Net Income From Continuing Operation Net Minority Interest": -40764000.0,
        "Reconciled Depreciation": 34000.0,
        "EBITDA": -42036000.0,
        "EBIT": -42070000.0,
        "Net Interest Income": 514000.0,
        "Interest Expense": 131000.0,
        "Interest Income": 645000.0,
        "Normalized Income": -10402301.272482,
        "Net Income From Continuing And Discontinued Operation": -40764000.0,
        "Total Expenses": 8185000.0,
        "Diluted Average Shares": NaN,
        "Basic Average Shares": NaN,
        "Diluted EPS": NaN,
        "Basic EPS": NaN,
        "Diluted NI Availto Com Stockholders": -40764000.0,
        "Net Income Common Stockholders": -40764000.0,
        "Net Income": -40764000.0,
        "Net Income Including Noncontrolling Interests": -40764000.0,
        "Net Income Continuous Operations": -40764000.0,
        "Tax Provision": -1437000.0,
        "Pretax Income": -42201000.0,
        "Other Income Expense": -34530000.0,
        "Other Non Operating Income Expenses": -3098000.0,
        "Special Income Charges": NaN,
        "Write Off": NaN,
        "Earnings From Equity Interest": NaN,
        "Gain On Sale Of Security": -31432000.0,
        "Net Non Operating Interest Income Expense": 514000.0,
        "Interest Expense Non Operating": 131000.0,
        "Interest Income Non Operating": 645000.0,
        "Operating Income": -8185000.0,
        "Operating Expense": 8185000.0,
        "Selling General And Administration": 7735000.0,
        "General And Administrative Expense": 7735000.0,
        "Other Gand A": 2969000.0,
        "Salaries And Wages": 4766000.0,
        "Total Revenue": 0.0,
        "Operating Revenue": 0.0
    },
    "2025-03-31": {
        "Tax Effect Of Unusual Items": 561793.098818,
        "Tax Rate For Calcs": 0.291689,
        "Normalized EBITDA": 13121000.0,
        "Total Unusual Items": 1926000.0,
        "Total Unusual Items Excluding Goodwill": 1926000.0,
        "Net Income From Continuing Operation Net Minority Interest": 10551000.0,
        "Reconciled Depreciation": 21000.0,
        "EBITDA": 15047000.0,
        "EBIT": 15026000.0,
        "Net Interest Income": 748000.0,
        "Interest Expense": 130000.0,
        "Interest Income": 878000.0,
        "Normalized Income": 9186793.098818,
        "Net Income From Continuing And Discontinued Operation": 10551000.0,
        "Total Expenses": 4354000.0,
        "Diluted Average Shares": 96021776.0,
        "Basic Average Shares": 95651182.0,
        "Diluted EPS": 0.11,
        "Basic EPS": 0.11,
        "Diluted NI Availto Com Stockholders": 10551000.0,
        "Net Income Common Stockholders": 10551000.0,
        "Net Income": 10551000.0,
        "Net Income Including Noncontrolling Interests": 10551000.0,
        "Net Income Continuous Operations": 10551000.0,
        "Tax Provision": 4345000.0,
        "Pretax Income": 14896000.0,
        "Other Income Expense": 18502000.0,
        "Other Non Operating Income Expenses": 16576000.0,
        "Special Income Charges": NaN,
        "Write Off": NaN,
        "Earnings From Equity Interest": NaN,
        "Gain On Sale Of Security": 1926000.0,
        "Net Non Operating Interest Income Expense": 748000.0,
        "Interest Expense Non Operating": 130000.0,
        "Interest Income Non Operating": 878000.0,
        "Operating Income": -4354000.0,
        "Operating Expense": 4354000.0,
        "Selling General And Administration": 4354000.0,
        "General And Administrative Expense": 4354000.0,
        "Other Gand A": 1569000.0,
        "Salaries And Wages": 2785000.0,
        "Total Revenue": 0.0,
        "Operating Revenue": 0.0
    }
}