{
    "2023-03-31": {
        "Tax Effect Of Unusual Items": NaN,
        "Tax Rate For Calcs": NaN,
        "Normalized EBITDA": NaN,
        "Total Unusual Items": NaN,
        "Total Unusual Items Excluding Goodwill": NaN,
        "Net Income From Continuing Operation Net Minority Interest": NaN,
        "Reconciled Depreciation": NaN,
        "EBITDA": NaN,
        "EBIT": NaN,
        "Net Interest Income": NaN,
        "Interest Expense": NaN,
        "Interest Income": NaN,
        "Normalized Income": NaN,
        "Net Income From Continuing And Discontinued Operation": NaN,
        "Total Expenses": NaN,
        "Total Operating Income As Reported": NaN,
        "Diluted Average Shares": NaN,
        "Basic Average Shares": NaN,
        "Diluted EPS": NaN,
        "Basic EPS": NaN,
        "Diluted NI Availto Com Stockholders": NaN,
        "Net Income Common Stockholders": NaN,
        "Net Income": NaN,
        "Net Income Including Noncontrolling Interests": NaN,
        "Net Income Continuous Operations": NaN,
        "Tax Provision": 0.0,
        "Pretax Income": NaN,
        "Other Income Expense": NaN,
        "Other Non Operating Income Expenses": NaN,
        "Gain On Sale Of Security": NaN,
        "Net Non Operating Interest Income Expense": NaN,
        "Interest Expense Non Operating": NaN,
        "Interest Income Non Operating": NaN,
        "Operating Income": NaN,
        "Operating Expense": NaN,
        "Other Operating Expenses": NaN,
        "Research And Development": NaN,
        "Selling General And Administration": NaN,
        "General And Administrative Expense": NaN,
        "Other Gand A": NaN,
        "Total Revenue": NaN,
        "Operating Revenue": NaN
    },
    "2022-12-31": {
        "Tax Effect Of Unusual Items": NaN,
        "Tax Rate For Calcs": NaN,
        "Normalized EBITDA": NaN,
        "Total Unusual Items": NaN,
        "Total Unusual Items Excluding Goodwill": NaN,
        "Net Income From Continuing Operation Net Minority Interest": NaN,
        "Reconciled Depreciation": NaN,
        "EBITDA": NaN,
        "EBIT": NaN,
        "Net Interest Income": NaN,
        "Interest Expense": NaN,
        "Interest Income": NaN,
        "Normalized Income": NaN,
        "Net Income From Continuing And Discontinued Operation": NaN,
        "Total Expenses": NaN,
        "Total Operating Income As Reported": NaN,
        "Diluted Average Shares": NaN,
        "Basic Average Shares": NaN,
        "Diluted EPS": NaN,
        "Basic EPS": NaN,
        "Diluted NI Availto Com Stockholders": NaN,
        "Net Income Common Stockholders": NaN,
        "Net Income": NaN,
        "Net Income Including Noncontrolling Interests": NaN,
        "Net Income Continuous Operations": NaN,
        "Tax Provision": 25629.0,
        "Pretax Income": NaN,
        "Other Income Expense": NaN,
        "Other Non Operating Income Expenses": 32227.0,
        "Special Income Charges": 0.0,
        "Gain On Sale Of Security": NaN,
        "Net Non Operating Interest Income Expense": NaN,
        "Interest Expense Non Operating": NaN,
        "Interest Income Non Operating": NaN,
        "Operating Income": NaN,
        "Operating Expense": NaN,
        "Other Operating Expenses": NaN,
        "Research And Development": NaN,
        "Selling General And Administration": NaN,
        "General And Administrative Expense": NaN,
        "Other Gand A": NaN,
        "Total Revenue": NaN,
        "Operating Revenue": NaN
    },
    "2022-09-30": {
        "Tax Effect Of Unusual Items": NaN,
        "Tax Rate For Calcs": NaN,
        "Normalized EBITDA": NaN,
        "Total Unusual Items": NaN,
        "Total Unusual Items Excluding Goodwill": NaN,
        "Net Income From Continuing Operation Net Minority Interest": NaN,
        "Reconciled Depreciation": NaN,
        "EBITDA": NaN,
        "EBIT": NaN,
        "Net Interest Income": NaN,
        "Interest Expense": NaN,
        "Interest Income": NaN,
        "Normalized Income": NaN,
        "Net Income From Continuing And Discontinued Operation": NaN,
        "Total Expenses": NaN,
        "Total Operating Income As Reported": NaN,
        "Diluted Average Shares": 4303088.0,
        "Basic Average Shares": 4303088.0,
        "Diluted EPS": -1.6,
        "Basic EPS": -1.6,
        "Diluted NI Availto Com Stockholders": NaN,
        "Net Income Common Stockholders": NaN,
        "Net Income": NaN,
        "Net Income Including Noncontrolling Interests": NaN,
        "Net Income Continuous Operations": NaN,
        "Tax Provision": 0.0,
        "Pretax Income": NaN,
        "Other Income Expense": NaN,
        "Other Non Operating Income Expenses": 1527.0,
        "Special Income Charges": 0.0,
        "Gain On Sale Of Security": NaN,
        "Net Non Operating Interest Income Expense": NaN,
        "Interest Expense Non Operating": NaN,
        "Interest Income Non Operating": NaN,
        "Operating Income": NaN,
        "Operating Expense": NaN,
        "Other Operating Expenses": NaN,
        "Research And Development": NaN,
        "Selling General And Administration": NaN,
        "General And Administrative Expense": NaN,
        "Other Gand A": NaN,
        "Total Revenue": NaN,
        "Operating Revenue": NaN
    },
    "2022-06-30": {
        "Tax Effect Of Unusual Items": 32794.664823,
        "Tax Rate For Calcs": 0.018956,
        "Normalized EBITDA": -5746119.0,
        "Total Unusual Items": 1730080.0,
        "Total Unusual Items Excluding Goodwill": 1730080.0,
        "Net Income From Continuing Operation Net Minority Interest": -4775996.0,
        "Reconciled Depreciation": 781001.0,
        "EBITDA": -4016039.0,
        "EBIT": -4797040.0,
        "Net Interest Income": -55413.0,
        "Interest Expense": 71237.0,
        "Interest Income": 15824.0,
        "Normalized Income": -6473281.335177,
        "Net Income From Continuing And Discontinued Operation": -4775996.0,
        "Total Expenses": 6542944.0,
        "Total Operating Income As Reported": -6542944.0,
        "Diluted Average Shares": 42999413.0,
        "Basic Average Shares": 42999413.0,
        "Diluted EPS": -0.11,
        "Basic EPS": -0.11,
        "Diluted NI Availto Com Stockholders": -4775996.0,
        "Net Income Common Stockholders": -4775996.0,
        "Net Income": -4775996.0,
        "Net Income Including Noncontrolling Interests": -4775996.0,
        "Net Income Continuous Operations": -4775996.0,
        "Tax Provision": -92281.0,
        "Pretax Income": -4868277.0,
        "Other Income Expense": 1730080.0,
        "Other Non Operating Income Expenses": NaN,
        "Special Income Charges": 0.0,
        "Gain On Sale Of Security": 1730080.0,
        "Net Non Operating Interest Income Expense": -55413.0,
        "Interest Expense Non Operating": 71237.0,
        "Interest Income Non Operating": 15824.0,
        "Operating Income": -6542944.0,
        "Operating Expense": 6542944.0,
        "Other Operating Expenses": -6350525.0,
        "Research And Development": 8584427.0,
        "Selling General And Administration": 4309042.0,
        "General And Administrative Expense": 4309042.0,
        "Other Gand A": 4309042.0,
        "Total Revenue": 0.0,
        "Operating Revenue": 0.0
    },
    "2023-06-30": {
        "Tax Effect Of Unusual Items": NaN,
        "Tax Rate For Calcs": NaN,
        "Normalized EBITDA": NaN,
        "Total Unusual Items": NaN,
        "Total Unusual Items Excluding Goodwill": NaN,
        "Net Income From Continuing Operation Net Minority Interest": NaN,
        "Reconciled Depreciation": NaN,
        "EBITDA": NaN,
        "EBIT": NaN,
        "Net Interest Income": NaN,
        "Interest Expense": NaN,
        "Interest Income": NaN,
        "Normalized Income": NaN,
        "Net Income From Continuing And Discontinued Operation": NaN,
        "Total Expenses": NaN,
        "Total Operating Income As Reported": NaN,
        "Diluted Average Shares": 5042126.0,
        "Basic Average Shares": 5042126.0,
        "Diluted EPS": -1.36,
        "Basic EPS": -1.36,
        "Diluted NI Availto Com Stockholders": NaN,
        "Net Income Common Stockholders": NaN,
        "Net Income": NaN,
        "Net Income Including Noncontrolling Interests": NaN,
        "Net Income Continuous Operations": NaN,
        "Tax Provision": 0.0,
        "Pretax Income": NaN,
        "Other Income Expense": NaN,
        "Other Non Operating Income Expenses": NaN,
        "Gain On Sale Of Security": NaN,
        "Net Non Operating Interest Income Expense": NaN,
        "Interest Expense Non Operating": NaN,
        "Interest Income Non Operating": NaN,
        "Operating Income": NaN,
        "Operating Expense": NaN,
        "Other Operating Expenses": -85518.0,
        "Research And Development": NaN,
        "Selling General And Administration": NaN,
        "General And Administrative Expense": NaN,
        "Other Gand A": NaN,
        "Total Revenue": NaN,
        "Operating Revenue": NaN
    },
    "2023-09-30": {
        "Tax Effect Of Unusual Items": NaN,
        "Tax Rate For Calcs": NaN,
        "Normalized EBITDA": NaN,
        "Total Unusual Items": NaN,
        "Total Unusual Items Excluding Goodwill": NaN,
        "Net Income From Continuing Operation Net Minority Interest": NaN,
        "Reconciled Depreciation": NaN,
        "EBITDA": NaN,
        "EBIT": NaN,
        "Net Interest Income": NaN,
        "Interest Expense": NaN,
        "Interest Income": NaN,
        "Normalized Income": NaN,
        "Net Income From Continuing And Discontinued Operation": NaN,
        "Total Expenses": NaN,
        "Total Operating Income As Reported": NaN,
        "Diluted Average Shares": 5240600.0,
        "Basic Average Shares": 5240600.0,
        "Diluted EPS": -0.97,
        "Basic EPS": -0.97,
        "Diluted NI Availto Com Stockholders": NaN,
        "Net Income Common Stockholders": NaN,
        "Net Income": NaN,
        "Net Income Including Noncontrolling Interests": NaN,
        "Net Income Continuous Operations": NaN,
        "Pretax Income": NaN,
        "Other Income Expense": NaN,
        "Other Non Operating Income Expenses": NaN,
        "Gain On Sale Of Security": NaN,
        "Net Non Operating Interest Income Expense": NaN,
        "Interest Expense Non Operating": NaN,
        "Interest Income Non Operating": NaN,
        "Operating Income": NaN,
        "Operating Expense": NaN,
        "Other Operating Expenses": -1267361.0,
        "Research And Development": NaN,
        "Selling General And Administration": NaN,
        "General And Administrative Expense": NaN,
        "Other Gand A": NaN,
        "Total Revenue": NaN,
        "Operating Revenue": NaN
    },
    "2023-12-31": {
        "Tax Effect Of Unusual Items": 0.0,
        "Tax Rate For Calcs": 0.0,
        "Normalized EBITDA": -17107418.0,
        "Total Unusual Items": -4727065.0,
        "Total Unusual Items Excluding Goodwill": -4727065.0,
        "Net Income From Continuing Operation Net Minority Interest": -22856763.0,
        "Reconciled Depreciation": 944401.0,
        "EBITDA": -21834483.0,
        "EBIT": -22778884.0,
        "Net Interest Income": 406167.0,
        "Interest Expense": 77879.0,
        "Interest Income": 484046.0,
        "Normalized Income": -18129698.0,
        "Net Income From Continuing And Discontinued Operation": -22856763.0,
        "Total Expenses": 18873771.0,
        "Total Operating Income As Reported": -18873771.0,
        "Diluted Average Shares": NaN,
        "Basic Average Shares": NaN,
        "Diluted EPS": NaN,
        "Basic EPS": NaN,
        "Diluted NI Availto Com Stockholders": -22856763.0,
        "Net Income Common Stockholders": -22856763.0,
        "Net Income": -22856763.0,
        "Net Income Including Noncontrolling Interests": -22856763.0,
        "Net Income Continuous Operations": -22856763.0,
        "Pretax Income": -22856763.0,
        "Other Income Expense": -4389159.0,
        "Other Non Operating Income Expenses": 337906.0,
        "Gain On Sale Of Security": -4727065.0,
        "Net Non Operating Interest Income Expense": 406167.0,
        "Interest Expense Non Operating": 77879.0,
        "Interest Income Non Operating": 484046.0,
        "Operating Income": -18873771.0,
        "Operating Expense": 18873771.0,
        "Other Operating Expenses": -305011.0,
        "Research And Development": 4297436.0,
        "Selling General And Administration": 14881346.0,
        "General And Administrative Expense": 14881346.0,
        "Other Gand A": 14881346.0,
        "Total Revenue": 0.0,
        "Operating Revenue": 0.0
    },
    "2024-03-31": {
        "Tax Effect Of Unusual Items": 0.0,
        "Tax Rate For Calcs": 0.0,
        "Normalized EBITDA": -8432847.0,
        "Total Unusual Items": 5468219.0,
        "Total Unusual Items Excluding Goodwill": 5468219.0,
        "Net Income From Continuing Operation Net Minority Interest": -5025745.0,
        "Reconciled Depreciation": 1984746.0,
        "EBITDA": -2964628.0,
        "EBIT": -4949374.0,
        "Net Interest Income": 421522.0,
        "Interest Expense": 76371.0,
        "Interest Income": 497893.0,
        "Normalized Income": -10493964.0,
        "Net Income From Continuing And Discontinued Operation": -5025745.0,
        "Total Expenses": 11390616.0,
        "Total Operating Income As Reported": -11390616.0,
        "Diluted Average Shares": 9241940.0,
        "Basic Average Shares": 9241940.0,
        "Diluted EPS": -0.54,
        "Basic EPS": -0.54,
        "Diluted NI Availto Com Stockholders": -5025745.0,
        "Net Income Common Stockholders": -5025745.0,
        "Net Income": -5025745.0,
        "Net Income Including Noncontrolling Interests": -5025745.0,
        "Net Income Continuous Operations": -5025745.0,
        "Pretax Income": -5025745.0,
        "Other Income Expense": 5943349.0,
        "Other Non Operating Income Expenses": 475130.0,
        "Gain On Sale Of Security": 5468219.0,
        "Net Non Operating Interest Income Expense": 421522.0,
        "Interest Expense Non Operating": 76371.0,
        "Interest Income Non Operating": 497893.0,
        "Operating Income": -11390616.0,
        "Operating Expense": 11390616.0,
        "Other Operating Expenses": -944575.0,
        "Research And Development": 8146070.0,
        "Selling General And Administration": 4189121.0,
        "General And Administrative Expense": 4189121.0,
        "Other Gand A": 4189121.0,
        "Total Revenue": 0.0,
        "Operating Revenue": 0.0
    },
    "2024-06-30": {
        "Tax Effect Of Unusual Items": 0.0,
        "Tax Rate For Calcs": 0.0,
        "Normalized EBITDA": -8404033.0,
        "Total Unusual Items": 2216973.0,
        "Total Unusual Items Excluding Goodwill": 2216973.0,
        "Net Income From Continuing Operation Net Minority Interest": -7335455.0,
        "Reconciled Depreciation": 1055276.0,
        "EBITDA": -6187060.0,
        "EBIT": -7242336.0,
        "Net Interest Income": 281438.0,
        "Interest Expense": 93119.0,
        "Interest Income": 374557.0,
        "Normalized Income": -9552428.0,
        "Net Income From Continuing And Discontinued Operation": -7335455.0,
        "Total Expenses": 10201698.0,
        "Total Operating Income As Reported": -10201698.0,
        "Diluted Average Shares": 9255025.0,
        "Basic Average Shares": 9255025.0,
        "Diluted EPS": -0.79,
        "Basic EPS": -0.79,
        "Diluted NI Availto Com Stockholders": -7335455.0,
        "Net Income Common Stockholders": -7335455.0,
        "Net Income": -7335455.0,
        "Net Income Including Noncontrolling Interests": -7335455.0,
        "Net Income Continuous Operations": -7335455.0,
        "Pretax Income": -7335455.0,
        "Other Income Expense": 2584805.0,
        "Other Non Operating Income Expenses": 367832.0,
        "Gain On Sale Of Security": 2216973.0,
        "Net Non Operating Interest Income Expense": 281438.0,
        "Interest Expense Non Operating": 93119.0,
        "Interest Income Non Operating": 374557.0,
        "Operating Income": -10201698.0,
        "Operating Expense": 10201698.0,
        "Other Operating Expenses": -263137.0,
        "Research And Development": 6822198.0,
        "Selling General And Administration": 3642637.0,
        "General And Administrative Expense": 3642637.0,
        "Other Gand A": 3642637.0,
        "Total Revenue": 0.0,
        "Operating Revenue": 0.0
    },
    "2024-09-30": {
        "Tax Effect Of Unusual Items": 0.0,
        "Tax Rate For Calcs": 0.0,
        "Normalized EBITDA": -9310685.0,
        "Total Unusual Items": 6171.0,
        "Total Unusual Items Excluding Goodwill": 6171.0,
        "Net Income From Continuing Operation Net Minority Interest": -10349410.0,
        "Reconciled Depreciation": 966860.0,
        "EBITDA": -9304514.0,
        "EBIT": -10271374.0,
        "Net Interest Income": 199138.0,
        "Interest Expense": 78036.0,
        "Interest Income": 277174.0,
        "Normalized Income": -10355581.0,
        "Net Income From Continuing And Discontinued Operation": -10349410.0,
        "Total Expenses": 11309366.0,
        "Total Operating Income As Reported": -11309366.0,
        "Diluted Average Shares": 9259192.0,
        "Basic Average Shares": 9259192.0,
        "Diluted EPS": -1.12,
        "Basic EPS": -1.12,
        "Diluted NI Availto Com Stockholders": -10349410.0,
        "Net Income Common Stockholders": -10349410.0,
        "Net Income": -10349410.0,
        "Net Income Including Noncontrolling Interests": -10349410.0,
        "Net Income Continuous Operations": -10349410.0,
        "Pretax Income": -10349410.0,
        "Other Income Expense": 760818.0,
        "Other Non Operating Income Expenses": 754647.0,
        "Gain On Sale Of Security": 6171.0,
        "Net Non Operating Interest Income Expense": 199138.0,
        "Interest Expense Non Operating": 78036.0,
        "Interest Income Non Operating": 277174.0,
        "Operating Income": -11309366.0,
        "Operating Expense": 11309366.0,
        "Other Operating Expenses": NaN,
        "Research And Development": 7830745.0,
        "Selling General And Administration": 3478621.0,
        "General And Administrative Expense": 3478621.0,
        "Other Gand A": 3478621.0,
        "Total Revenue": 0.0,
        "Operating Revenue": 0.0
    },
    "2024-12-31": {
        "Tax Effect Of Unusual Items": 0.0,
        "Tax Rate For Calcs": 0.0,
        "Normalized EBITDA": -8231756.0,
        "Total Unusual Items": -2306354.0,
        "Total Unusual Items Excluding Goodwill": -2306354.0,
        "Net Income From Continuing Operation Net Minority Interest": -11394699.0,
        "Reconciled Depreciation": 785713.0,
        "EBITDA": -10538110.0,
        "EBIT": -11323823.0,
        "Net Interest Income": 65498.0,
        "Interest Expense": 70876.0,
        "Interest Income": 136374.0,
        "Normalized Income": -9088345.0,
        "Net Income From Continuing And Discontinued Operation": -11394699.0,
        "Total Expenses": 10008840.0,
        "Total Operating Income As Reported": -10008840.0,
        "Diluted Average Shares": NaN,
        "Basic Average Shares": NaN,
        "Diluted EPS": NaN,
        "Basic EPS": NaN,
        "Diluted NI Availto Com Stockholders": -11394699.0,
        "Net Income Common Stockholders": -11394699.0,
        "Net Income": -11394699.0,
        "Net Income Including Noncontrolling Interests": -11394699.0,
        "Net Income Continuous Operations": -11394699.0,
        "Pretax Income": -11394699.0,
        "Other Income Expense": -1451357.0,
        "Other Non Operating Income Expenses": 854997.0,
        "Gain On Sale Of Security": -2306354.0,
        "Net Non Operating Interest Income Expense": 65498.0,
        "Interest Expense Non Operating": 70876.0,
        "Interest Income Non Operating": 136374.0,
        "Operating Income": -10008840.0,
        "Operating Expense": 10008840.0,
        "Other Operating Expenses": -114698.0,
        "Research And Development": 7651669.0,
        "Selling General And Administration": 2471869.0,
        "General And Administrative Expense": 2471869.0,
        "Other Gand A": 2471869.0,
        "Total Revenue": 0.0,
        "Operating Revenue": 0.0
    }
}