{
    "2023-06-30": {
        "Tax Effect Of Unusual Items": NaN,
        "Tax Rate For Calcs": NaN,
        "Normalized EBITDA": NaN,
        "Total Unusual Items": NaN,
        "Total Unusual Items Excluding Goodwill": NaN,
        "Net Income From Continuing Operation Net Minority Interest": NaN,
        "Reconciled Depreciation": NaN,
        "Reconciled Cost Of Revenue": NaN,
        "EBITDA": NaN,
        "EBIT": NaN,
        "Net Interest Income": NaN,
        "Interest Expense": NaN,
        "Normalized Income": NaN,
        "Net Income From Continuing And Discontinued Operation": NaN,
        "Total Expenses": NaN,
        "Rent Expense Supplemental": NaN,
        "Total Operating Income As Reported": NaN,
        "Diluted Average Shares": NaN,
        "Basic Average Shares": NaN,
        "Diluted EPS": NaN,
        "Basic EPS": NaN,
        "Diluted NI Availto Com Stockholders": NaN,
        "Net Income Common Stockholders": NaN,
        "Net Income": NaN,
        "Net Income Including Noncontrolling Interests": NaN,
        "Net Income Continuous Operations": NaN,
        "Tax Provision": NaN,
        "Pretax Income": NaN,
        "Other Income Expense": NaN,
        "Other Non Operating Income Expenses": NaN,
        "Special Income Charges": NaN,
        "Write Off": NaN,
        "Impairment Of Capital Assets": NaN,
        "Gain On Sale Of Security": NaN,
        "Net Non Operating Interest Income Expense": NaN,
        "Total Other Finance Cost": NaN,
        "Interest Expense Non Operating": NaN,
        "Operating Income": NaN,
        "Operating Expense": NaN,
        "Depreciation Amortization Depletion Income Statement": NaN,
        "Depreciation And Amortization In Income Statement": NaN,
        "Selling General And Administration": NaN,
        "Selling And Marketing Expense": NaN,
        "General And Administrative Expense": NaN,
        "Other Gand A": NaN,
        "Rent And Landing Fees": NaN,
        "Salaries And Wages": 261000000.0,
        "Gross Profit": NaN,
        "Cost Of Revenue": NaN,
        "Total Revenue": NaN,
        "Operating Revenue": NaN
    },
    "2023-03-31": {
        "Tax Effect Of Unusual Items": NaN,
        "Tax Rate For Calcs": NaN,
        "Normalized EBITDA": NaN,
        "Total Unusual Items": NaN,
        "Total Unusual Items Excluding Goodwill": NaN,
        "Net Income From Continuing Operation Net Minority Interest": NaN,
        "Reconciled Depreciation": NaN,
        "Reconciled Cost Of Revenue": NaN,
        "EBITDA": NaN,
        "EBIT": NaN,
        "Net Interest Income": NaN,
        "Interest Expense": NaN,
        "Normalized Income": NaN,
        "Net Income From Continuing And Discontinued Operation": NaN,
        "Total Expenses": NaN,
        "Rent Expense Supplemental": NaN,
        "Total Operating Income As Reported": NaN,
        "Diluted Average Shares": NaN,
        "Basic Average Shares": NaN,
        "Diluted EPS": NaN,
        "Basic EPS": NaN,
        "Diluted NI Availto Com Stockholders": NaN,
        "Net Income Common Stockholders": NaN,
        "Net Income": NaN,
        "Net Income Including Noncontrolling Interests": NaN,
        "Net Income Continuous Operations": NaN,
        "Tax Provision": NaN,
        "Pretax Income": NaN,
        "Other Income Expense": NaN,
        "Other Non Operating Income Expenses": NaN,
        "Special Income Charges": NaN,
        "Write Off": 0.0,
        "Impairment Of Capital Assets": NaN,
        "Gain On Sale Of Security": NaN,
        "Net Non Operating Interest Income Expense": NaN,
        "Total Other Finance Cost": NaN,
        "Interest Expense Non Operating": NaN,
        "Operating Income": NaN,
        "Operating Expense": NaN,
        "Depreciation Amortization Depletion Income Statement": NaN,
        "Depreciation And Amortization In Income Statement": NaN,
        "Selling General And Administration": NaN,
        "Selling And Marketing Expense": NaN,
        "General And Administrative Expense": NaN,
        "Other Gand A": NaN,
        "Rent And Landing Fees": NaN,
        "Salaries And Wages": 258800000.0,
        "Gross Profit": NaN,
        "Cost Of Revenue": NaN,
        "Total Revenue": NaN,
        "Operating Revenue": NaN
    },
    "2022-12-31": {
        "Tax Effect Of Unusual Items": NaN,
        "Tax Rate For Calcs": NaN,
        "Normalized EBITDA": NaN,
        "Total Unusual Items": NaN,
        "Total Unusual Items Excluding Goodwill": NaN,
        "Net Income From Continuing Operation Net Minority Interest": NaN,
        "Reconciled Depreciation": NaN,
        "Reconciled Cost Of Revenue": NaN,
        "EBITDA": NaN,
        "EBIT": NaN,
        "Net Interest Income": NaN,
        "Interest Expense": NaN,
        "Normalized Income": NaN,
        "Net Income From Continuing And Discontinued Operation": NaN,
        "Total Expenses": NaN,
        "Rent Expense Supplemental": NaN,
        "Total Operating Income As Reported": NaN,
        "Diluted Average Shares": NaN,
        "Basic Average Shares": NaN,
        "Diluted EPS": NaN,
        "Basic EPS": NaN,
        "Diluted NI Availto Com Stockholders": NaN,
        "Net Income Common Stockholders": NaN,
        "Net Income": NaN,
        "Net Income Including Noncontrolling Interests": NaN,
        "Net Income Discontinuous Operations": 0.0,
        "Net Income Continuous Operations": NaN,
        "Tax Provision": NaN,
        "Pretax Income": NaN,
        "Other Income Expense": NaN,
        "Other Non Operating Income Expenses": NaN,
        "Special Income Charges": NaN,
        "Write Off": NaN,
        "Impairment Of Capital Assets": NaN,
        "Gain On Sale Of Security": NaN,
        "Net Non Operating Interest Income Expense": NaN,
        "Total Other Finance Cost": NaN,
        "Interest Expense Non Operating": NaN,
        "Operating Income": NaN,
        "Operating Expense": NaN,
        "Depreciation Amortization Depletion Income Statement": NaN,
        "Depreciation And Amortization In Income Statement": NaN,
        "Selling General And Administration": NaN,
        "Selling And Marketing Expense": NaN,
        "General And Administrative Expense": NaN,
        "Other Gand A": NaN,
        "Rent And Landing Fees": NaN,
        "Salaries And Wages": 240700000.0,
        "Gross Profit": NaN,
        "Cost Of Revenue": NaN,
        "Total Revenue": NaN,
        "Operating Revenue": NaN
    },
    "2022-09-30": {
        "Tax Effect Of Unusual Items": NaN,
        "Tax Rate For Calcs": NaN,
        "Normalized EBITDA": NaN,
        "Total Unusual Items": NaN,
        "Total Unusual Items Excluding Goodwill": NaN,
        "Net Income From Continuing Operation Net Minority Interest": NaN,
        "Reconciled Depreciation": NaN,
        "Reconciled Cost Of Revenue": NaN,
        "EBITDA": NaN,
        "EBIT": NaN,
        "Net Interest Income": NaN,
        "Interest Expense": NaN,
        "Normalized Income": NaN,
        "Net Income From Continuing And Discontinued Operation": NaN,
        "Total Expenses": NaN,
        "Rent Expense Supplemental": NaN,
        "Total Operating Income As Reported": NaN,
        "Diluted Average Shares": NaN,
        "Basic Average Shares": NaN,
        "Diluted EPS": NaN,
        "Basic EPS": NaN,
        "Diluted NI Availto Com Stockholders": NaN,
        "Net Income Common Stockholders": NaN,
        "Net Income": NaN,
        "Net Income Including Noncontrolling Interests": NaN,
        "Net Income Discontinuous Operations": 0.0,
        "Net Income Continuous Operations": NaN,
        "Tax Provision": NaN,
        "Pretax Income": NaN,
        "Other Income Expense": NaN,
        "Other Non Operating Income Expenses": NaN,
        "Special Income Charges": NaN,
        "Write Off": NaN,
        "Impairment Of Capital Assets": 0.0,
        "Gain On Sale Of Security": NaN,
        "Net Non Operating Interest Income Expense": NaN,
        "Total Other Finance Cost": NaN,
        "Interest Expense Non Operating": NaN,
        "Operating Income": NaN,
        "Operating Expense": NaN,
        "Depreciation Amortization Depletion Income Statement": NaN,
        "Depreciation And Amortization In Income Statement": NaN,
        "Selling General And Administration": NaN,
        "Selling And Marketing Expense": NaN,
        "General And Administrative Expense": NaN,
        "Other Gand A": NaN,
        "Rent And Landing Fees": NaN,
        "Salaries And Wages": NaN,
        "Gross Profit": NaN,
        "Cost Of Revenue": NaN,
        "Total Revenue": NaN,
        "Operating Revenue": NaN
    },
    "2022-06-30": {
        "Tax Effect Of Unusual Items": -102000.0,
        "Tax Rate For Calcs": 0.255,
        "Normalized EBITDA": 184700000.0,
        "Total Unusual Items": -400000.0,
        "Total Unusual Items Excluding Goodwill": -400000.0,
        "Net Income From Continuing Operation Net Minority Interest": 94800000.0,
        "Reconciled Depreciation": 28200000.0,
        "Reconciled Cost Of Revenue": 3067000000.0,
        "EBITDA": 184300000.0,
        "EBIT": 153100000.0,
        "Net Interest Income": -27000000.0,
        "Interest Expense": 25900000.0,
        "Normalized Income": 95098000.0,
        "Net Income From Continuing And Discontinued Operation": 94800000.0,
        "Total Expenses": 3498000000.0,
        "Rent Expense Supplemental": 13700000.0,
        "Total Operating Income As Reported": 154800000.0,
        "Diluted Average Shares": 40500000.0,
        "Basic Average Shares": 39500000.0,
        "Diluted EPS": 2.34,
        "Basic EPS": 2.4,
        "Diluted NI Availto Com Stockholders": 94800000.0,
        "Net Income Common Stockholders": 94800000.0,
        "Net Income": 94800000.0,
        "Net Income Including Noncontrolling Interests": 94800000.0,
        "Net Income Discontinuous Operations": 0.0,
        "Net Income Continuous Operations": 94800000.0,
        "Tax Provision": 32400000.0,
        "Pretax Income": 127200000.0,
        "Other Income Expense": -600000.0,
        "Other Non Operating Income Expenses": -200000.0,
        "Special Income Charges": NaN,
        "Write Off": NaN,
        "Impairment Of Capital Assets": NaN,
        "Gain On Sale Of Security": -400000.0,
        "Net Non Operating Interest Income Expense": -27000000.0,
        "Total Other Finance Cost": 1100000.0,
        "Interest Expense Non Operating": 25900000.0,
        "Operating Income": 154800000.0,
        "Operating Expense": 434000000.0,
        "Depreciation Amortization Depletion Income Statement": 31200000.0,
        "Depreciation And Amortization In Income Statement": 31200000.0,
        "Selling General And Administration": 402800000.0,
        "Selling And Marketing Expense": 25600000.0,
        "General And Administrative Expense": 377200000.0,
        "Other Gand A": 97100000.0,
        "Rent And Landing Fees": 13700000.0,
        "Salaries And Wages": 266400000.0,
        "Gross Profit": 588800000.0,
        "Cost Of Revenue": 3064000000.0,
        "Total Revenue": 3652800000.0,
        "Operating Revenue": 3652800000.0
    },
    "2022-03-31": {
        "Diluted EPS": 2.33,
        "Total Revenue": NaN,
        "Gross Profit": 571,
        "Operating Income": 154,
        "EBIT": 183,
        "Net Income": 97
    },
    "2021-12-31": {
        "Diluted EPS": 2.23,
        "Total Revenue": NaN,
        "Gross Profit": 531,
        "Operating Income": 160,
        "EBIT": 185,
        "Net Income": 96
    },
    "2021-09-30": {
        "Diluted EPS": 1.95,
        "Total Revenue": NaN,
        "Gross Profit": 472,
        "Operating Income": 125,
        "EBIT": 150,
        "Net Income": 85
    },
    "2021-06-30": {
        "Diluted EPS": 2.63,
        "Total Revenue": NaN,
        "Gross Profit": 511,
        "Operating Income": 165,
        "EBIT": 190,
        "Net Income": 114
    },
    "2021-03-31": {
        "Diluted EPS": 1.25,
        "Total Revenue": NaN,
        "Gross Profit": 401,
        "Operating Income": 88,
        "EBIT": 111,
        "Net Income": 54
    },
    "2020-12-31": {
        "Diluted EPS": 1.42,
        "Total Revenue": NaN,
        "Gross Profit": 389,
        "Operating Income": 106,
        "EBIT": 129,
        "Net Income": 57
    },
    "2020-09-30": {
        "Diluted EPS": 1.34,
        "Total Revenue": NaN,
        "Gross Profit": 377,
        "Operating Income": 96,
        "EBIT": 119,
        "Net Income": 60
    },
    "2020-06-30": {
        "Diluted EPS": 0.71,
        "Total Revenue": NaN,
        "Gross Profit": 307,
        "Operating Income": 54,
        "EBIT": 76,
        "Net Income": 31
    },
    "2020-03-31": {
        "Diluted EPS": -4.68,
        "Total Revenue": NaN,
        "Gross Profit": 351,
        "Operating Income": -222,
        "EBIT": -200,
        "Net Income": -199
    },
    "2019-12-31": {
        "Diluted EPS": 1.05,
        "Total Revenue": NaN,
        "Gross Profit": 394,
        "Operating Income": 92,
        "EBIT": 115,
        "Net Income": 46
    },
    "2019-09-30": {
        "Diluted EPS": 0.66,
        "Total Revenue": NaN,
        "Gross Profit": 387,
        "Operating Income": 65,
        "EBIT": 89,
        "Net Income": 29
    },
    "2019-06-30": {
        "Diluted EPS": 0.61,
        "Total Revenue": NaN,
        "Gross Profit": 381,
        "Operating Income": 63,
        "EBIT": 86,
        "Net Income": 27
    },
    "2019-03-31": {
        "Diluted EPS": 0.98,
        "Total Revenue": NaN,
        "Gross Profit": 359,
        "Operating Income": 87,
        "EBIT": 110,
        "Net Income": 42
    },
    "2018-12-31": {
        "Diluted EPS": 0.51,
        "Total Revenue": NaN,
        "Gross Profit": 371,
        "Operating Income": 59,
        "EBIT": 82,
        "Net Income": 22
    },
    "2018-09-30": {
        "Diluted EPS": 0.35,
        "Total Revenue": NaN,
        "Gross Profit": 361,
        "Operating Income": 48,
        "EBIT": 72,
        "Net Income": 15
    },
    "2018-06-30": {
        "Diluted EPS": 0.39,
        "Total Revenue": NaN,
        "Gross Profit": 362,
        "Operating Income": 51,
        "EBIT": 75,
        "Net Income": 17
    },
    "2018-03-31": {
        "Diluted EPS": -0.05,
        "Total Revenue": NaN,
        "Gross Profit": 352,
        "Operating Income": 20,
        "EBIT": 45,
        "Net Income": -2
    },
    "2017-12-31": {
        "Diluted EPS": 1.39,
        "Total Revenue": NaN,
        "Gross Profit": 384,
        "Operating Income": 77,
        "EBIT": 101,
        "Net Income": 62
    },
    "2017-09-30": {
        "Diluted EPS": 0.44,
        "Total Revenue": NaN,
        "Gross Profit": 363,
        "Operating Income": 56,
        "EBIT": 79,
        "Net Income": 19
    },
    "2017-06-30": {
        "Diluted EPS": 0.27,
        "Total Revenue": NaN,
        "Gross Profit": 361,
        "Operating Income": 42,
        "EBIT": 65,
        "Net Income": 12
    },
    "2017-03-31": {
        "Diluted EPS": -0.01,
        "Total Revenue": NaN,
        "Gross Profit": 350,
        "Operating Income": 36,
        "EBIT": 58,
        "Net Income": -1
    },
    "2016-12-31": {
        "Diluted EPS": 0.82,
        "Total Revenue": NaN,
        "Gross Profit": 372,
        "Operating Income": 83,
        "EBIT": 104,
        "Net Income": 38
    },
    "2016-09-30": {
        "Diluted EPS": 0.4,
        "Total Revenue": NaN,
        "Gross Profit": 359,
        "Operating Income": 51,
        "EBIT": 72,
        "Net Income": 18
    },
    "2016-06-30": {
        "Diluted EPS": 0.5,
        "Total Revenue": NaN,
        "Gross Profit": 353,
        "Operating Income": 57,
        "EBIT": 77,
        "Net Income": 23
    },
    "2016-03-31": {
        "Diluted EPS": 0.31,
        "Total Revenue": NaN,
        "Gross Profit": 345,
        "Operating Income": 42,
        "EBIT": 62,
        "Net Income": 15
    },
    "2015-12-31": {
        "Diluted EPS": 0.62,
        "Total Revenue": NaN,
        "Gross Profit": 364,
        "Operating Income": 70,
        "EBIT": 89,
        "Net Income": 31
    },
    "2015-09-30": {
        "Diluted EPS": 0.52,
        "Total Revenue": NaN,
        "Gross Profit": 360,
        "Operating Income": 63,
        "EBIT": 81,
        "Net Income": 26
    },
    "2015-06-30": {
        "Diluted EPS": 0.29,
        "Total Revenue": NaN,
        "Gross Profit": 356,
        "Operating Income": 43,
        "EBIT": 61,
        "Net Income": 15
    },
    "2015-03-31": {
        "Diluted EPS": 0.27,
        "Total Revenue": NaN,
        "Gross Profit": 335,
        "Operating Income": 41,
        "EBIT": 59,
        "Net Income": 14
    },
    "2014-12-31": {
        "Diluted EPS": 0.5,
        "Total Revenue": NaN,
        "Gross Profit": 348,
        "Operating Income": 62,
        "EBIT": 78,
        "Net Income": 26
    },
    "2014-09-30": {
        "Diluted EPS": 0.47,
        "Total Revenue": NaN,
        "Gross Profit": 341,
        "Operating Income": 57,
        "EBIT": 72,
        "Net Income": 25
    },
    "2014-06-30": {
        "Diluted EPS": 0.51,
        "Total Revenue": NaN,
        "Gross Profit": 347,
        "Operating Income": 64,
        "EBIT": 79,
        "Net Income": 27
    },
    "2014-03-31": {
        "Diluted EPS": 0.36,
        "Total Revenue": NaN,
        "Gross Profit": 329,
        "Operating Income": 51,
        "EBIT": 66,
        "Net Income": 19
    },
    "2013-12-31": {
        "Diluted EPS": 0.52,
        "Total Revenue": NaN,
        "Gross Profit": 339,
        "Operating Income": 59,
        "EBIT": 75,
        "Net Income": 28
    },
    "2013-09-30": {
        "Diluted EPS": 0.44,
        "Total Revenue": NaN,
        "Gross Profit": 326,
        "Operating Income": 58,
        "EBIT": 73,
        "Net Income": 23
    },
    "2013-06-30": {
        "Diluted EPS": 0.17,
        "Total Revenue": NaN,
        "Gross Profit": 324,
        "Operating Income": 63,
        "EBIT": 77,
        "Net Income": 9
    },
    "2013-03-31": {
        "Diluted EPS": 0.4,
        "Total Revenue": NaN,
        "Gross Profit": 313,
        "Operating Income": 55,
        "EBIT": 68,
        "Net Income": 21
    },
    "2012-12-31": {
        "Diluted EPS": 0.53,
        "Total Revenue": NaN,
        "Gross Profit": 314,
        "Operating Income": 65,
        "EBIT": 78,
        "Net Income": 29
    },
    "2012-09-30": {
        "Diluted EPS": 0.18,
        "Total Revenue": NaN,
        "Gross Profit": 304,
        "Operating Income": 58,
        "EBIT": 71,
        "Net Income": 10
    },
    "2012-06-30": {
        "Diluted EPS": 0.47,
        "Total Revenue": NaN,
        "Gross Profit": 313,
        "Operating Income": 62,
        "EBIT": 75,
        "Net Income": 28
    },
    "2012-03-31": {
        "Diluted EPS": 0.35,
        "Total Revenue": NaN,
        "Gross Profit": 304,
        "Operating Income": 56,
        "EBIT": 70,
        "Net Income": 20
    },
    "2011-12-31": {
        "Diluted EPS": 0.35,
        "Total Revenue": NaN,
        "Gross Profit": 305,
        "Operating Income": 53,
        "EBIT": 65,
        "Net Income": 21
    },
    "2011-09-30": {
        "Diluted EPS": 0.33,
        "Total Revenue": NaN,
        "Gross Profit": 293,
        "Operating Income": 55,
        "EBIT": 69,
        "Net Income": 19
    },
    "2011-06-30": {
        "Diluted EPS": 0.35,
        "Total Revenue": NaN,
        "Gross Profit": 306,
        "Operating Income": 59,
        "EBIT": 72,
        "Net Income": 21
    },
    "2011-03-31": {
        "Diluted EPS": 0.26,
        "Total Revenue": NaN,
        "Gross Profit": 287,
        "Operating Income": 48,
        "EBIT": 62,
        "Net Income": 15
    },
    "2010-12-31": {
        "Diluted EPS": 1.0,
        "Total Revenue": NaN,
        "Gross Profit": 285,
        "Operating Income": 51,
        "EBIT": 63,
        "Net Income": 64
    },
    "2010-09-30": {
        "Diluted EPS": 0.23,
        "Total Revenue": NaN,
        "Gross Profit": 282,
        "Operating Income": 47,
        "EBIT": 59,
        "Net Income": 13
    },
    "2010-06-30": {
        "Diluted EPS": 0.16,
        "Total Revenue": NaN,
        "Gross Profit": 282,
        "Operating Income": 48,
        "EBIT": 60,
        "Net Income": 8
    },
    "2010-03-31": {
        "Diluted EPS": 0.08,
        "Total Revenue": NaN,
        "Gross Profit": 266,
        "Operating Income": 37,
        "EBIT": 49,
        "Net Income": 4
    },
    "2009-12-31": {
        "Diluted EPS": 0.41,
        "Total Revenue": NaN,
        "Gross Profit": 251,
        "Operating Income": 19,
        "EBIT": 36,
        "Net Income": 14
    },
    "2009-09-30": {
        "Diluted EPS": 0.17,
        "Total Revenue": NaN,
        "Gross Profit": 274,
        "Operating Income": 51,
        "EBIT": 67,
        "Net Income": 16
    },
    "2009-06-30": {
        "Diluted EPS": 0.0,
        "Total Revenue": NaN,
        "Gross Profit": 260,
        "Operating Income": 41,
        "EBIT": 61,
        "Net Income": 0
    },
    "2009-03-31": {
        "Diluted EPS": 0.04,
        "Total Revenue": NaN,
        "Gross Profit": 247,
        "Operating Income": 34,
        "EBIT": 46,
        "Net Income": 2
    },
    "2023-09-30": {
        "Tax Effect Of Unusual Items": NaN,
        "Tax Rate For Calcs": NaN,
        "Normalized EBITDA": NaN,
        "Total Unusual Items": NaN,
        "Total Unusual Items Excluding Goodwill": NaN,
        "Net Income From Continuing Operation Net Minority Interest": NaN,
        "Reconciled Depreciation": NaN,
        "Reconciled Cost Of Revenue": NaN,
        "EBITDA": NaN,
        "EBIT": NaN,
        "Net Interest Income": NaN,
        "Interest Expense": NaN,
        "Normalized Income": NaN,
        "Net Income From Continuing And Discontinued Operation": NaN,
        "Total Expenses": NaN,
        "Rent Expense Supplemental": NaN,
        "Total Operating Income As Reported": NaN,
        "Diluted Average Shares": NaN,
        "Basic Average Shares": NaN,
        "Diluted EPS": NaN,
        "Basic EPS": NaN,
        "Diluted NI Availto Com Stockholders": NaN,
        "Net Income Common Stockholders": NaN,
        "Net Income": NaN,
        "Net Income Including Noncontrolling Interests": NaN,
        "Net Income Continuous Operations": NaN,
        "Tax Provision": NaN,
        "Pretax Income": NaN,
        "Other Income Expense": NaN,
        "Other Non Operating Income Expenses": 200000.0,
        "Special Income Charges": NaN,
        "Write Off": NaN,
        "Impairment Of Capital Assets": NaN,
        "Gain On Sale Of Security": NaN,
        "Net Non Operating Interest Income Expense": NaN,
        "Total Other Finance Cost": NaN,
        "Interest Expense Non Operating": NaN,
        "Operating Income": NaN,
        "Operating Expense": NaN,
        "Depreciation Amortization Depletion Income Statement": NaN,
        "Depreciation And Amortization In Income Statement": NaN,
        "Selling General And Administration": NaN,
        "Selling And Marketing Expense": NaN,
        "General And Administrative Expense": NaN,
        "Other Gand A": NaN,
        "Rent And Landing Fees": NaN,
        "Salaries And Wages": 256000000.0,
        "Gross Profit": NaN,
        "Cost Of Revenue": NaN,
        "Total Revenue": NaN,
        "Operating Revenue": NaN
    },
    "2023-12-31": {
        "Tax Effect Of Unusual Items": NaN,
        "Tax Rate For Calcs": NaN,
        "Normalized EBITDA": NaN,
        "Total Unusual Items": NaN,
        "Total Unusual Items Excluding Goodwill": NaN,
        "Net Income From Continuing Operation Net Minority Interest": NaN,
        "Reconciled Depreciation": NaN,
        "Reconciled Cost Of Revenue": NaN,
        "EBITDA": NaN,
        "EBIT": NaN,
        "Net Interest Income": NaN,
        "Interest Expense": NaN,
        "Normalized Income": NaN,
        "Net Income From Continuing And Discontinued Operation": NaN,
        "Total Expenses": NaN,
        "Rent Expense Supplemental": NaN,
        "Total Operating Income As Reported": NaN,
        "Diluted Average Shares": NaN,
        "Basic Average Shares": NaN,
        "Diluted EPS": NaN,
        "Basic EPS": NaN,
        "Diluted NI Availto Com Stockholders": NaN,
        "Net Income Common Stockholders": NaN,
        "Net Income": NaN,
        "Net Income Including Noncontrolling Interests": NaN,
        "Net Income Continuous Operations": NaN,
        "Tax Provision": NaN,
        "Pretax Income": NaN,
        "Other Income Expense": NaN,
        "Other Non Operating Income Expenses": -200000.0,
        "Special Income Charges": NaN,
        "Write Off": NaN,
        "Impairment Of Capital Assets": NaN,
        "Gain On Sale Of Security": NaN,
        "Net Non Operating Interest Income Expense": NaN,
        "Total Other Finance Cost": NaN,
        "Interest Expense Non Operating": NaN,
        "Operating Income": NaN,
        "Operating Expense": NaN,
        "Depreciation Amortization Depletion Income Statement": NaN,
        "Depreciation And Amortization In Income Statement": NaN,
        "Selling General And Administration": NaN,
        "Selling And Marketing Expense": NaN,
        "General And Administrative Expense": NaN,
        "Other Gand A": NaN,
        "Rent And Landing Fees": NaN,
        "Salaries And Wages": 240500000.0,
        "Gross Profit": NaN,
        "Cost Of Revenue": NaN,
        "Total Revenue": NaN,
        "Operating Revenue": NaN
    },
    "2024-03-31": {
        "Tax Effect Of Unusual Items": NaN,
        "Tax Rate For Calcs": NaN,
        "Normalized EBITDA": NaN,
        "Total Unusual Items": NaN,
        "Total Unusual Items Excluding Goodwill": NaN,
        "Net Income From Continuing Operation Net Minority Interest": NaN,
        "Reconciled Depreciation": NaN,
        "Reconciled Cost Of Revenue": NaN,
        "EBITDA": NaN,
        "EBIT": NaN,
        "Net Interest Income": NaN,
        "Interest Expense": NaN,
        "Normalized Income": NaN,
        "Net Income From Continuing And Discontinued Operation": NaN,
        "Total Expenses": NaN,
        "Rent Expense Supplemental": NaN,
        "Total Operating Income As Reported": NaN,
        "Diluted Average Shares": NaN,
        "Basic Average Shares": NaN,
        "Diluted EPS": NaN,
        "Basic EPS": NaN,
        "Diluted NI Availto Com Stockholders": NaN,
        "Net Income Common Stockholders": NaN,
        "Net Income": NaN,
        "Net Income Including Noncontrolling Interests": NaN,
        "Net Income Continuous Operations": NaN,
        "Tax Provision": NaN,
        "Pretax Income": NaN,
        "Other Income Expense": NaN,
        "Other Non Operating Income Expenses": 100000.0,
        "Special Income Charges": NaN,
        "Write Off": 1000000.0,
        "Impairment Of Capital Assets": NaN,
        "Gain On Sale Of Security": -200000.0,
        "Net Non Operating Interest Income Expense": NaN,
        "Total Other Finance Cost": NaN,
        "Interest Expense Non Operating": NaN,
        "Operating Income": NaN,
        "Operating Expense": NaN,
        "Depreciation Amortization Depletion Income Statement": NaN,
        "Depreciation And Amortization In Income Statement": NaN,
        "Selling General And Administration": NaN,
        "Selling And Marketing Expense": NaN,
        "General And Administrative Expense": NaN,
        "Other Gand A": NaN,
        "Rent And Landing Fees": NaN,
        "Salaries And Wages": 247300000.0,
        "Gross Profit": NaN,
        "Cost Of Revenue": NaN,
        "Total Revenue": NaN,
        "Operating Revenue": NaN
    },
    "2024-06-30": {
        "Tax Effect Of Unusual Items": -390000.0,
        "Tax Rate For Calcs": 0.26,
        "Normalized EBITDA": 144300000.0,
        "Total Unusual Items": -1500000.0,
        "Total Unusual Items Excluding Goodwill": -1500000.0,
        "Net Income From Continuing Operation Net Minority Interest": 41200000.0,
        "Reconciled Depreciation": 31900000.0,
        "Reconciled Cost Of Revenue": 2919000000.0,
        "EBITDA": 142800000.0,
        "EBIT": 105800000.0,
        "Net Interest Income": -51400000.0,
        "Interest Expense": 50100000.0,
        "Normalized Income": 42310000.0,
        "Net Income From Continuing And Discontinued Operation": 41200000.0,
        "Total Expenses": 3343900000.0,
        "Rent Expense Supplemental": 7700000.0,
        "Total Operating Income As Reported": 107700000.0,
        "Diluted Average Shares": 34900000.0,
        "Basic Average Shares": 34000000.0,
        "Diluted EPS": 1.18,
        "Basic EPS": 1.21,
        "Diluted NI Availto Com Stockholders": 41200000.0,
        "Net Income Common Stockholders": 41200000.0,
        "Net Income": 41200000.0,
        "Net Income Including Noncontrolling Interests": 41200000.0,
        "Net Income Continuous Operations": 41200000.0,
        "Tax Provision": 14500000.0,
        "Pretax Income": 55700000.0,
        "Other Income Expense": -2000000.0,
        "Other Non Operating Income Expenses": -500000.0,
        "Special Income Charges": -1400000.0,
        "Write Off": NaN,
        "Impairment Of Capital Assets": 1400000.0,
        "Gain On Sale Of Security": -100000.0,
        "Net Non Operating Interest Income Expense": -51400000.0,
        "Total Other Finance Cost": 1300000.0,
        "Interest Expense Non Operating": 50100000.0,
        "Operating Income": 109100000.0,
        "Operating Expense": 430000000.0,
        "Depreciation Amortization Depletion Income Statement": 37000000.0,
        "Depreciation And Amortization In Income Statement": 37000000.0,
        "Selling General And Administration": 393000000.0,
        "Selling And Marketing Expense": 21600000.0,
        "General And Administrative Expense": 371400000.0,
        "Other Gand A": 363700000.0,
        "Rent And Landing Fees": 7700000.0,
        "Salaries And Wages": NaN,
        "Gross Profit": 539100000.0,
        "Cost Of Revenue": 2913900000.0,
        "Total Revenue": 3453000000.0,
        "Operating Revenue": 3453000000.0
    },
    "2024-09-30": {
        "Tax Effect Of Unusual Items": -21000.0,
        "Tax Rate For Calcs": 0.21,
        "Normalized EBITDA": 150100000.0,
        "Total Unusual Items": -100000.0,
        "Total Unusual Items Excluding Goodwill": -100000.0,
        "Net Income From Continuing Operation Net Minority Interest": 74200000.0,
        "Reconciled Depreciation": 32800000.0,
        "Reconciled Cost Of Revenue": 2953000000.0,
        "EBITDA": 150000000.0,
        "EBIT": 112100000.0,
        "Net Interest Income": -52700000.0,
        "Interest Expense": 51300000.0,
        "Normalized Income": 74279000.0,
        "Net Income From Continuing And Discontinued Operation": 74200000.0,
        "Total Expenses": 3377900000.0,
        "Rent Expense Supplemental": 8900000.0,
        "Total Operating Income As Reported": 113600000.0,
        "Diluted Average Shares": 34900000.0,
        "Basic Average Shares": 34000000.0,
        "Diluted EPS": 2.13,
        "Basic EPS": 2.18,
        "Diluted NI Availto Com Stockholders": 74200000.0,
        "Net Income Common Stockholders": 74200000.0,
        "Net Income": 74200000.0,
        "Net Income Including Noncontrolling Interests": 74200000.0,
        "Net Income Continuous Operations": 74200000.0,
        "Tax Provision": -13400000.0,
        "Pretax Income": 60800000.0,
        "Other Income Expense": -100000.0,
        "Other Non Operating Income Expenses": NaN,
        "Special Income Charges": 0.0,
        "Write Off": NaN,
        "Impairment Of Capital Assets": 0.0,
        "Gain On Sale Of Security": -100000.0,
        "Net Non Operating Interest Income Expense": -52700000.0,
        "Total Other Finance Cost": 1400000.0,
        "Interest Expense Non Operating": 51300000.0,
        "Operating Income": 113600000.0,
        "Operating Expense": 430000000.0,
        "Depreciation Amortization Depletion Income Statement": 37900000.0,
        "Depreciation And Amortization In Income Statement": 37900000.0,
        "Selling General And Administration": 392100000.0,
        "Selling And Marketing Expense": 21500000.0,
        "General And Administrative Expense": 370600000.0,
        "Other Gand A": 109500000.0,
        "Rent And Landing Fees": 8900000.0,
        "Salaries And Wages": 252200000.0,
        "Gross Profit": 543600000.0,
        "Cost Of Revenue": 2947900000.0,
        "Total Revenue": 3491500000.0,
        "Operating Revenue": 3491500000.0
    },
    "2024-12-31": {
        "Tax Effect Of Unusual Items": -515225.334957,
        "Tax Rate For Calcs": 0.286236,
        "Normalized EBITDA": 172800000.0,
        "Total Unusual Items": -1800000.0,
        "Total Unusual Items Excluding Goodwill": -1800000.0,
        "Net Income From Continuing Operation Net Minority Interest": 58600000.0,
        "Reconciled Depreciation": 34200000.0,
        "Reconciled Cost Of Revenue": 3327000000.0,
        "EBITDA": 171000000.0,
        "EBIT": 131700000.0,
        "Net Interest Income": -51100000.0,
        "Interest Expense": 49600000.0,
        "Normalized Income": 59884774.665043,
        "Net Income From Continuing And Discontinued Operation": 58600000.0,
        "Total Expenses": 3760800000.0,
        "Rent Expense Supplemental": 10700000.0,
        "Total Operating Income As Reported": 133500000.0,
        "Diluted Average Shares": 35200000.0,
        "Basic Average Shares": 34100000.0,
        "Diluted EPS": 1.67,
        "Basic EPS": 1.72,
        "Diluted NI Availto Com Stockholders": 58600000.0,
        "Net Income Common Stockholders": 58600000.0,
        "Net Income": 58600000.0,
        "Net Income Including Noncontrolling Interests": 58600000.0,
        "Net Income Continuous Operations": 58600000.0,
        "Tax Provision": 23500000.0,
        "Pretax Income": 82100000.0,
        "Other Income Expense": -1800000.0,
        "Other Non Operating Income Expenses": 0.0,
        "Special Income Charges": -1500000.0,
        "Write Off": NaN,
        "Impairment Of Capital Assets": 1500000.0,
        "Gain On Sale Of Security": -300000.0,
        "Net Non Operating Interest Income Expense": -51100000.0,
        "Total Other Finance Cost": 1500000.0,
        "Interest Expense Non Operating": 49600000.0,
        "Operating Income": 135000000.0,
        "Operating Expense": 438900000.0,
        "Depreciation Amortization Depletion Income Statement": 39300000.0,
        "Depreciation And Amortization In Income Statement": 39300000.0,
        "Selling General And Administration": 399600000.0,
        "Selling And Marketing Expense": 19000000.0,
        "General And Administrative Expense": 380600000.0,
        "Other Gand A": 1120200000.0,
        "Rent And Landing Fees": 10700000.0,
        "Salaries And Wages": NaN,
        "Gross Profit": 573900000.0,
        "Cost Of Revenue": 3321900000.0,
        "Total Revenue": 3895800000.0,
        "Operating Revenue": 3895800000.0
    },
    "2025-03-31": {
        "Tax Effect Of Unusual Items": -412500.0,
        "Tax Rate For Calcs": 0.275,
        "Normalized EBITDA": 184700000.0,
        "Total Unusual Items": -1500000.0,
        "Total Unusual Items Excluding Goodwill": -1500000.0,
        "Net Income From Continuing Operation Net Minority Interest": 70600000.0,
        "Reconciled Depreciation": 34400000.0,
        "Reconciled Cost Of Revenue": 3090200000.0,
        "EBITDA": 183200000.0,
        "EBIT": 143500000.0,
        "Net Interest Income": -47500000.0,
        "Interest Expense": 46100000.0,
        "Normalized Income": 71687500.0,
        "Net Income From Continuing And Discontinued Operation": 70600000.0,
        "Total Expenses": 3504900000.0,
        "Rent Expense Supplemental": 10200000.0,
        "Total Operating Income As Reported": 145000000.0,
        "Diluted Average Shares": 34600000.0,
        "Basic Average Shares": 33900000.0,
        "Diluted EPS": 2.04,
        "Basic EPS": 2.09,
        "Diluted NI Availto Com Stockholders": 70600000.0,
        "Net Income Common Stockholders": 70600000.0,
        "Net Income": 70600000.0,
        "Net Income Including Noncontrolling Interests": 70600000.0,
        "Net Income Continuous Operations": 70600000.0,
        "Tax Provision": 26800000.0,
        "Pretax Income": 97400000.0,
        "Other Income Expense": -1500000.0,
        "Other Non Operating Income Expenses": NaN,
        "Special Income Charges": -1400000.0,
        "Write Off": NaN,
        "Impairment Of Capital Assets": 1400000.0,
        "Gain On Sale Of Security": -100000.0,
        "Net Non Operating Interest Income Expense": -47500000.0,
        "Total Other Finance Cost": 1400000.0,
        "Interest Expense Non Operating": 46100000.0,
        "Operating Income": 146400000.0,
        "Operating Expense": 420000000.0,
        "Depreciation Amortization Depletion Income Statement": 39700000.0,
        "Depreciation And Amortization In Income Statement": 39700000.0,
        "Selling General And Administration": 380300000.0,
        "Selling And Marketing Expense": 23800000.0,
        "General And Administrative Expense": 356500000.0,
        "Other Gand A": 87800000.0,
        "Rent And Landing Fees": 10200000.0,
        "Salaries And Wages": 258500000.0,
        "Gross Profit": 566400000.0,
        "Cost Of Revenue": 3084900000.0,
        "Total Revenue": 3651300000.0,
        "Operating Revenue": 3651300000.0
    },
    "2025-06-30": {
        "Tax Effect Of Unusual Items": -58616000.0,
        "Tax Rate For Calcs": 0.34,
        "Normalized EBITDA": 188100000.0,
        "Total Unusual Items": -172400000.0,
        "Total Unusual Items Excluding Goodwill": -172400000.0,
        "Net Income From Continuing Operation Net Minority Interest": -45600000.0,
        "Reconciled Depreciation": 35000000.0,
        "Reconciled Cost Of Revenue": 3060500000.0,
        "EBITDA": 15700000.0,
        "EBIT": -24800000.0,
        "Net Interest Income": -45700000.0,
        "Interest Expense": 44300000.0,
        "Normalized Income": 68184000.0,
        "Net Income From Continuing And Discontinued Operation": -45600000.0,
        "Total Expenses": 3508100000.0,
        "Rent Expense Supplemental": 9900000.0,
        "Total Operating Income As Reported": -23300000.0,
        "Diluted Average Shares": 34100000.0,
        "Basic Average Shares": 34100000.0,
        "Diluted EPS": -1.34,
        "Basic EPS": -1.34,
        "Diluted NI Availto Com Stockholders": -45600000.0,
        "Net Income Common Stockholders": -45600000.0,
        "Net Income": -45600000.0,
        "Net Income Including Noncontrolling Interests": -45600000.0,
        "Net Income Continuous Operations": -45600000.0,
        "Tax Provision": -23500000.0,
        "Pretax Income": -69100000.0,
        "Other Income Expense": -172500000.0,
        "Other Non Operating Income Expenses": -100000.0,
        "Special Income Charges": -172400000.0,
        "Write Off": NaN,
        "Impairment Of Capital Assets": 172400000.0,
        "Gain On Sale Of Security": NaN,
        "Net Non Operating Interest Income Expense": -45700000.0,
        "Total Other Finance Cost": 1400000.0,
        "Interest Expense Non Operating": 44300000.0,
        "Operating Income": 149100000.0,
        "Operating Expense": 453100000.0,
        "Depreciation Amortization Depletion Income Statement": 40500000.0,
        "Depreciation And Amortization In Income Statement": 40500000.0,
        "Selling General And Administration": 412600000.0,
        "Selling And Marketing Expense": 24400000.0,
        "General And Administrative Expense": 388200000.0,
        "Other Gand A": 378300000.0,
        "Rent And Landing Fees": 9900000.0,
        "Salaries And Wages": NaN,
        "Gross Profit": 602200000.0,
        "Cost Of Revenue": 3055000000.0,
        "Total Revenue": 3657200000.0,
        "Operating Revenue": 3657200000.0
    }
}