{
    "2023-04-30": {
        "Tax Effect Of Unusual Items": NaN,
        "Tax Rate For Calcs": NaN,
        "Normalized EBITDA": NaN,
        "Total Unusual Items": NaN,
        "Total Unusual Items Excluding Goodwill": NaN,
        "Net Income From Continuing Operation Net Minority Interest": NaN,
        "Reconciled Depreciation": NaN,
        "Reconciled Cost Of Revenue": NaN,
        "EBITDA": NaN,
        "EBIT": NaN,
        "Net Interest Income": NaN,
        "Interest Expense": NaN,
        "Normalized Income": NaN,
        "Net Income From Continuing And Discontinued Operation": NaN,
        "Total Expenses": NaN,
        "Total Operating Income As Reported": NaN,
        "Diluted Average Shares": NaN,
        "Basic Average Shares": NaN,
        "Diluted EPS": NaN,
        "Basic EPS": NaN,
        "Diluted NI Availto Com Stockholders": NaN,
        "Net Income Common Stockholders": NaN,
        "Net Income": NaN,
        "Minority Interests": 0.0,
        "Net Income Including Noncontrolling Interests": NaN,
        "Net Income Continuous Operations": NaN,
        "Tax Provision": NaN,
        "Pretax Income": NaN,
        "Other Income Expense": NaN,
        "Other Non Operating Income Expenses": NaN,
        "Special Income Charges": NaN,
        "Gain On Sale Of Business": NaN,
        "Restructuring And Mergern Acquisition": 0.0,
        "Net Non Operating Interest Income Expense": NaN,
        "Interest Expense Non Operating": NaN,
        "Operating Income": NaN,
        "Operating Expense": NaN,
        "Other Operating Expenses": NaN,
        "Selling General And Administration": NaN,
        "Gross Profit": NaN,
        "Cost Of Revenue": NaN,
        "Total Revenue": NaN,
        "Operating Revenue": NaN
    },
    "2023-01-31": {
        "Tax Effect Of Unusual Items": NaN,
        "Tax Rate For Calcs": NaN,
        "Normalized EBITDA": NaN,
        "Total Unusual Items": NaN,
        "Total Unusual Items Excluding Goodwill": NaN,
        "Net Income From Continuing Operation Net Minority Interest": NaN,
        "Reconciled Depreciation": NaN,
        "Reconciled Cost Of Revenue": NaN,
        "EBITDA": NaN,
        "EBIT": NaN,
        "Net Interest Income": NaN,
        "Interest Expense": NaN,
        "Normalized Income": NaN,
        "Net Income From Continuing And Discontinued Operation": NaN,
        "Total Expenses": NaN,
        "Total Operating Income As Reported": NaN,
        "Diluted Average Shares": NaN,
        "Basic Average Shares": NaN,
        "Diluted EPS": NaN,
        "Basic EPS": NaN,
        "Diluted NI Availto Com Stockholders": NaN,
        "Net Income Common Stockholders": NaN,
        "Net Income": NaN,
        "Minority Interests": -1000000.0,
        "Net Income Including Noncontrolling Interests": NaN,
        "Net Income Continuous Operations": NaN,
        "Tax Provision": NaN,
        "Pretax Income": NaN,
        "Other Income Expense": NaN,
        "Other Non Operating Income Expenses": NaN,
        "Special Income Charges": NaN,
        "Gain On Sale Of Business": NaN,
        "Restructuring And Mergern Acquisition": 2000000.0,
        "Net Non Operating Interest Income Expense": NaN,
        "Interest Expense Non Operating": NaN,
        "Operating Income": NaN,
        "Operating Expense": NaN,
        "Other Operating Expenses": NaN,
        "Selling General And Administration": NaN,
        "Gross Profit": NaN,
        "Cost Of Revenue": NaN,
        "Total Revenue": NaN,
        "Operating Revenue": NaN
    },
    "2022-10-31": {
        "Tax Effect Of Unusual Items": -203000.0,
        "Tax Rate For Calcs": 0.203,
        "Normalized EBITDA": 168000000.0,
        "Total Unusual Items": -1000000.0,
        "Total Unusual Items Excluding Goodwill": -1000000.0,
        "Net Income From Continuing Operation Net Minority Interest": 80000000.0,
        "Reconciled Depreciation": 37000000.0,
        "Reconciled Cost Of Revenue": 1688000000.0,
        "EBITDA": 167000000.0,
        "EBIT": 130000000.0,
        "Net Interest Income": -30000000.0,
        "Interest Expense": 30000000.0,
        "Normalized Income": 80797000.0,
        "Net Income From Continuing And Discontinued Operation": 80000000.0,
        "Total Expenses": 1775000000.0,
        "Total Operating Income As Reported": 133000000.0,
        "Diluted Average Shares": 55500000.0,
        "Basic Average Shares": 55000000.0,
        "Diluted EPS": 1.45,
        "Basic EPS": 1.45,
        "Diluted NI Availto Com Stockholders": 80000000.0,
        "Net Income Common Stockholders": 80000000.0,
        "Net Income": 80000000.0,
        "Minority Interests": 0.0,
        "Net Income Including Noncontrolling Interests": 80000000.0,
        "Net Income Continuous Operations": 80000000.0,
        "Tax Provision": 20000000.0,
        "Pretax Income": 100000000.0,
        "Other Income Expense": -4000000.0,
        "Other Non Operating Income Expenses": -3000000.0,
        "Special Income Charges": -1000000.0,
        "Restructuring And Mergern Acquisition": 1000000.0,
        "Net Non Operating Interest Income Expense": -30000000.0,
        "Interest Expense Non Operating": 30000000.0,
        "Operating Income": 134000000.0,
        "Operating Expense": 87000000.0,
        "Other Operating Expenses": NaN,
        "Selling General And Administration": 87000000.0,
        "Gross Profit": 221000000.0,
        "Cost Of Revenue": 1688000000.0,
        "Total Revenue": 1909000000.0,
        "Operating Revenue": 1909000000.0
    },
    "2022-07-31": {
        "Tax Effect Of Unusual Items": -218000.0,
        "Tax Rate For Calcs": 0.218,
        "Normalized EBITDA": 166000000.0,
        "Total Unusual Items": -1000000.0,
        "Total Unusual Items Excluding Goodwill": -1000000.0,
        "Net Income From Continuing Operation Net Minority Interest": 73000000.0,
        "Reconciled Depreciation": 40000000.0,
        "Reconciled Cost Of Revenue": 1612000000.0,
        "EBITDA": 165000000.0,
        "EBIT": 125000000.0,
        "Net Interest Income": -30000000.0,
        "Interest Expense": 30000000.0,
        "Normalized Income": 73782000.0,
        "Net Income From Continuing And Discontinued Operation": 73000000.0,
        "Total Expenses": 1705000000.0,
        "Total Operating Income As Reported": 125000000.0,
        "Diluted Average Shares": 55900000.0,
        "Basic Average Shares": 55600000.0,
        "Diluted EPS": 1.3,
        "Basic EPS": 1.31,
        "Diluted NI Availto Com Stockholders": 73000000.0,
        "Net Income Common Stockholders": 73000000.0,
        "Net Income": 73000000.0,
        "Minority Interests": -1000000.0,
        "Net Income Including Noncontrolling Interests": 74000000.0,
        "Net Income Discontinuous Operations": NaN,
        "Net Income Continuous Operations": 74000000.0,
        "Tax Provision": 21000000.0,
        "Pretax Income": 95000000.0,
        "Other Income Expense": -1000000.0,
        "Other Non Operating Income Expenses": NaN,
        "Special Income Charges": -1000000.0,
        "Restructuring And Mergern Acquisition": 1000000.0,
        "Net Non Operating Interest Income Expense": -30000000.0,
        "Interest Expense Non Operating": 30000000.0,
        "Operating Income": 126000000.0,
        "Operating Expense": 93000000.0,
        "Other Operating Expenses": NaN,
        "Selling General And Administration": 93000000.0,
        "Gross Profit": 219000000.0,
        "Cost Of Revenue": 1612000000.0,
        "Total Revenue": 1831000000.0,
        "Operating Revenue": 1831000000.0
    },
    "2022-04-30": {
        "Diluted EPS": 1.29,
        "Total Revenue": NaN,
        "Gross Profit": 226,
        "Operating Income": 125,
        "EBIT": 166,
        "Net Income": 73
    },
    "2022-01-31": {
        "Diluted EPS": 0.76,
        "Total Revenue": NaN,
        "Gross Profit": 197,
        "Operating Income": 85,
        "EBIT": 125,
        "Net Income": 43
    },
    "2021-10-31": {
        "Diluted EPS": 1.22,
        "Total Revenue": NaN,
        "Gross Profit": 213,
        "Operating Income": 114,
        "EBIT": 147,
        "Net Income": 71
    },
    "2021-07-31": {
        "Diluted EPS": 1.41,
        "Total Revenue": NaN,
        "Gross Profit": 232,
        "Operating Income": 133,
        "EBIT": 159,
        "Net Income": 82
    },
    "2021-04-30": {
        "Diluted EPS": 1.38,
        "Total Revenue": NaN,
        "Gross Profit": 217,
        "Operating Income": 130,
        "EBIT": 170,
        "Net Income": 81
    },
    "2021-01-31": {
        "Diluted EPS": 1.05,
        "Total Revenue": NaN,
        "Gross Profit": 200,
        "Operating Income": 102,
        "EBIT": 148,
        "Net Income": 62
    },
    "2020-10-31": {
        "Diluted EPS": 1.02,
        "Total Revenue": NaN,
        "Gross Profit": 209,
        "Operating Income": 110,
        "EBIT": 161,
        "Net Income": 60
    },
    "2020-07-31": {
        "Diluted EPS": 0.87,
        "Total Revenue": NaN,
        "Gross Profit": 200,
        "Operating Income": 100,
        "EBIT": 149,
        "Net Income": 51
    },
    "2020-04-30": {
        "Diluted EPS": 0.62,
        "Total Revenue": NaN,
        "Gross Profit": 183,
        "Operating Income": 78,
        "EBIT": 117,
        "Net Income": 36
    },
    "2020-01-31": {
        "Diluted EPS": 1.01,
        "Total Revenue": NaN,
        "Gross Profit": 167,
        "Operating Income": 88,
        "EBIT": 123,
        "Net Income": 59
    },
    "2019-10-31": {
        "Diluted EPS": 0.94,
        "Total Revenue": NaN,
        "Gross Profit": 174,
        "Operating Income": 94,
        "EBIT": 127,
        "Net Income": 55
    },
    "2019-07-31": {
        "Diluted EPS": 0.96,
        "Total Revenue": NaN,
        "Gross Profit": 185,
        "Operating Income": 95,
        "EBIT": 129,
        "Net Income": 57
    },
    "2019-04-30": {
        "Diluted EPS": 0.92,
        "Total Revenue": NaN,
        "Gross Profit": 180,
        "Operating Income": 93,
        "EBIT": 129,
        "Net Income": 55
    },
    "2019-01-31": {
        "Diluted EPS": -0.26,
        "Total Revenue": NaN,
        "Gross Profit": 122,
        "Operating Income": 7,
        "EBIT": 23,
        "Net Income": -9
    },
    "2018-10-31": {
        "Diluted EPS": 1.11,
        "Total Revenue": NaN,
        "Gross Profit": 129,
        "Operating Income": 73,
        "EBIT": 84,
        "Net Income": 48
    },
    "2018-07-31": {
        "Diluted EPS": 1.13,
        "Total Revenue": NaN,
        "Gross Profit": 112,
        "Operating Income": 74,
        "EBIT": 85,
        "Net Income": 49
    },
    "2018-04-30": {
        "Diluted EPS": 1.13,
        "Total Revenue": NaN,
        "Gross Profit": 101,
        "Operating Income": 66,
        "EBIT": 77,
        "Net Income": 49
    },
    "2018-01-31": {
        "Diluted EPS": 1.16,
        "Total Revenue": NaN,
        "Gross Profit": 107,
        "Operating Income": 62,
        "EBIT": 75,
        "Net Income": 51
    },
    "2017-10-31": {
        "Diluted EPS": 0.98,
        "Total Revenue": NaN,
        "Gross Profit": 109,
        "Operating Income": 72,
        "EBIT": 83,
        "Net Income": 43
    },
    "2017-07-31": {
        "Diluted EPS": 0.8,
        "Total Revenue": NaN,
        "Gross Profit": 99,
        "Operating Income": 59,
        "EBIT": 71,
        "Net Income": 36
    },
    "2017-04-30": {
        "Diluted EPS": 1.08,
        "Total Revenue": NaN,
        "Gross Profit": 96,
        "Operating Income": 63,
        "EBIT": 73,
        "Net Income": 49
    },
    "2017-01-31": {
        "Diluted EPS": 0.69,
        "Total Revenue": NaN,
        "Gross Profit": 99,
        "Operating Income": 53,
        "EBIT": 65,
        "Net Income": 31
    },
    "2016-10-31": {
        "Diluted EPS": 0.91,
        "Total Revenue": NaN,
        "Gross Profit": 114,
        "Operating Income": 74,
        "EBIT": 87,
        "Net Income": 42
    },
    "2016-07-31": {
        "Diluted EPS": 0.81,
        "Total Revenue": NaN,
        "Gross Profit": 109,
        "Operating Income": 70,
        "EBIT": 82,
        "Net Income": 37
    },
    "2016-04-30": {
        "Diluted EPS": 0.71,
        "Total Revenue": NaN,
        "Gross Profit": 117,
        "Operating Income": 66,
        "EBIT": 82,
        "Net Income": 33
    },
    "2016-01-31": {
        "Diluted EPS": 0.6,
        "Total Revenue": NaN,
        "Gross Profit": 106,
        "Operating Income": 54,
        "EBIT": 74,
        "Net Income": 28
    },
    "2015-10-31": {
        "Diluted EPS": 0.72,
        "Total Revenue": NaN,
        "Gross Profit": 106,
        "Operating Income": 64,
        "EBIT": 82,
        "Net Income": 34
    },
    "2015-07-31": {
        "Diluted EPS": 0.46,
        "Total Revenue": NaN,
        "Gross Profit": 113,
        "Operating Income": 52,
        "EBIT": 71,
        "Net Income": 22
    },
    "2015-04-30": {
        "Diluted EPS": 0.69,
        "Total Revenue": NaN,
        "Gross Profit": 86,
        "Operating Income": 57,
        "EBIT": 62,
        "Net Income": 33
    },
    "2015-01-31": {
        "Diluted EPS": 0.75,
        "Total Revenue": 952,
        "Gross Profit": 86,
        "Operating Income": 59,
        "EBIT": 64,
        "Net Income": 36
    },
    "2014-10-31": {
        "Diluted EPS": 0.77,
        "Total Revenue": NaN,
        "Gross Profit": 87,
        "Operating Income": 63,
        "EBIT": 69,
        "Net Income": 37
    },
    "2014-07-31": {
        "Diluted EPS": 0.7,
        "Total Revenue": 952,
        "Gross Profit": 81,
        "Operating Income": 59,
        "EBIT": 64,
        "Net Income": 34
    },
    "2014-04-30": {
        "Diluted EPS": 0.69,
        "Total Revenue": 977,
        "Gross Profit": 81,
        "Operating Income": 59,
        "EBIT": 64,
        "Net Income": 34
    },
    "2014-01-31": {
        "Diluted EPS": 0.66,
        "Total Revenue": 941,
        "Gross Profit": 80,
        "Operating Income": 56,
        "EBIT": 59,
        "Net Income": 33
    },
    "2013-10-31": {
        "Diluted EPS": 0.44,
        "Total Revenue": NaN,
        "Gross Profit": 82,
        "Operating Income": 37,
        "EBIT": 43,
        "Net Income": 22
    },
    "2013-07-31": {
        "Diluted EPS": 0.5,
        "Total Revenue": NaN,
        "Gross Profit": 74,
        "Operating Income": 38,
        "EBIT": 39,
        "Net Income": 25
    },
    "2013-04-30": {
        "Diluted EPS": 0.67,
        "Total Revenue": NaN,
        "Gross Profit": 97,
        "Operating Income": 52,
        "EBIT": 55,
        "Net Income": 33
    },
    "2013-01-31": {
        "Diluted EPS": 0.87,
        "Total Revenue": NaN,
        "Gross Profit": 89,
        "Operating Income": 61,
        "EBIT": 164,
        "Net Income": 43
    },
    "2012-10-31": {
        "Diluted EPS": 0.9,
        "Total Revenue": NaN,
        "Gross Profit": 112,
        "Operating Income": 73,
        "EBIT": 76,
        "Net Income": 45
    },
    "2012-07-31": {
        "Diluted EPS": 0.79,
        "Total Revenue": NaN,
        "Gross Profit": 97,
        "Operating Income": 62,
        "EBIT": 42,
        "Net Income": 38
    },
    "2012-04-30": {
        "Diluted EPS": 0.0,
        "Total Revenue": NaN,
        "Gross Profit": 331,
        "Operating Income": 208,
        "EBIT": 235,
        "Net Income": 117
    },
    "2012-01-31": {
        "Diluted EPS": 0.0,
        "Total Revenue": NaN,
        "Gross Profit": NaN,
        "Operating Income": NaN,
        "EBIT": NaN,
        "Net Income": -36
    },
    "2011-10-31": {
        "Diluted EPS": 0.0,
        "Total Revenue": NaN,
        "Gross Profit": NaN,
        "Operating Income": NaN,
        "EBIT": NaN,
        "Net Income": -91
    },
    "2011-07-31": {
        "Diluted EPS": 0.0,
        "Total Revenue": NaN,
        "Gross Profit": 338,
        "Operating Income": 209,
        "EBIT": 236,
        "Net Income": 178
    },
    "2011-04-30": {
        "Diluted EPS": 0.0,
        "Total Revenue": NaN,
        "Gross Profit": 331,
        "Operating Income": 230,
        "EBIT": 258,
        "Net Income": 131
    },
    "2011-01-31": {
        "Diluted EPS": 0.0,
        "Total Revenue": NaN,
        "Gross Profit": NaN,
        "Operating Income": NaN,
        "EBIT": NaN,
        "Net Income": NaN
    },
    "2010-10-31": {
        "Diluted EPS": 0.0,
        "Total Revenue": NaN,
        "Gross Profit": 376,
        "Operating Income": 252,
        "EBIT": 252,
        "Net Income": 171
    },
    "2010-01-31": {
        "Diluted EPS": 0.0,
        "Total Revenue": NaN,
        "Gross Profit": NaN,
        "Operating Income": NaN,
        "EBIT": NaN,
        "Net Income": NaN
    },
    "2023-07-31": {
        "Tax Effect Of Unusual Items": NaN,
        "Tax Rate For Calcs": NaN,
        "Normalized EBITDA": NaN,
        "Total Unusual Items": NaN,
        "Total Unusual Items Excluding Goodwill": NaN,
        "Net Income From Continuing Operation Net Minority Interest": NaN,
        "Reconciled Depreciation": NaN,
        "Reconciled Cost Of Revenue": NaN,
        "EBITDA": NaN,
        "EBIT": NaN,
        "Net Interest Income": NaN,
        "Interest Expense": NaN,
        "Normalized Income": NaN,
        "Net Income From Continuing And Discontinued Operation": NaN,
        "Total Expenses": NaN,
        "Total Operating Income As Reported": NaN,
        "Diluted Average Shares": NaN,
        "Basic Average Shares": NaN,
        "Diluted EPS": NaN,
        "Basic EPS": NaN,
        "Diluted NI Availto Com Stockholders": NaN,
        "Net Income Common Stockholders": NaN,
        "Net Income": NaN,
        "Minority Interests": 0.0,
        "Net Income Including Noncontrolling Interests": NaN,
        "Net Income Continuous Operations": NaN,
        "Tax Provision": NaN,
        "Pretax Income": NaN,
        "Other Income Expense": NaN,
        "Other Non Operating Income Expenses": NaN,
        "Special Income Charges": NaN,
        "Gain On Sale Of Business": NaN,
        "Restructuring And Mergern Acquisition": 1000000.0,
        "Net Non Operating Interest Income Expense": NaN,
        "Interest Expense Non Operating": NaN,
        "Operating Income": NaN,
        "Operating Expense": NaN,
        "Other Operating Expenses": NaN,
        "Selling General And Administration": NaN,
        "Gross Profit": NaN,
        "Cost Of Revenue": NaN,
        "Total Revenue": NaN,
        "Operating Revenue": NaN
    },
    "2023-10-31": {
        "Tax Effect Of Unusual Items": NaN,
        "Tax Rate For Calcs": NaN,
        "Normalized EBITDA": NaN,
        "Total Unusual Items": NaN,
        "Total Unusual Items Excluding Goodwill": NaN,
        "Net Income From Continuing Operation Net Minority Interest": NaN,
        "Reconciled Depreciation": NaN,
        "Reconciled Cost Of Revenue": NaN,
        "EBITDA": NaN,
        "EBIT": NaN,
        "Net Interest Income": NaN,
        "Interest Expense": NaN,
        "Normalized Income": NaN,
        "Net Income From Continuing And Discontinued Operation": NaN,
        "Total Expenses": NaN,
        "Total Operating Income As Reported": NaN,
        "Diluted Average Shares": NaN,
        "Basic Average Shares": NaN,
        "Diluted EPS": NaN,
        "Basic EPS": NaN,
        "Diluted NI Availto Com Stockholders": NaN,
        "Net Income Common Stockholders": NaN,
        "Net Income": NaN,
        "Minority Interests": 0.0,
        "Net Income Including Noncontrolling Interests": NaN,
        "Net Income Continuous Operations": NaN,
        "Tax Provision": NaN,
        "Pretax Income": NaN,
        "Other Income Expense": NaN,
        "Other Non Operating Income Expenses": NaN,
        "Special Income Charges": NaN,
        "Gain On Sale Of Business": 0.0,
        "Restructuring And Mergern Acquisition": 0.0,
        "Net Non Operating Interest Income Expense": NaN,
        "Interest Expense Non Operating": NaN,
        "Operating Income": NaN,
        "Operating Expense": NaN,
        "Other Operating Expenses": NaN,
        "Selling General And Administration": NaN,
        "Gross Profit": NaN,
        "Cost Of Revenue": NaN,
        "Total Revenue": NaN,
        "Operating Revenue": NaN
    },
    "2024-01-31": {
        "Tax Effect Of Unusual Items": 45000000.0,
        "Tax Rate For Calcs": 0.1875,
        "Normalized EBITDA": NaN,
        "Total Unusual Items": 240000000.0,
        "Total Unusual Items Excluding Goodwill": 240000000.0,
        "Net Income From Continuing Operation Net Minority Interest": 39000000.0,
        "Reconciled Depreciation": 36000000.0,
        "Reconciled Cost Of Revenue": 1545000000.0,
        "EBITDA": 107000000.0,
        "EBIT": 71000000.0,
        "Net Interest Income": -23000000.0,
        "Interest Expense": 23000000.0,
        "Normalized Income": -156000000.0,
        "Net Income From Continuing And Discontinued Operation": 39000000.0,
        "Total Expenses": 1898000000.0,
        "Total Operating Income As Reported": 79000000.0,
        "Diluted Average Shares": NaN,
        "Basic Average Shares": NaN,
        "Diluted EPS": 0.74,
        "Basic EPS": 0.75,
        "Diluted NI Availto Com Stockholders": 39000000.0,
        "Net Income Common Stockholders": 39000000.0,
        "Net Income": 39000000.0,
        "Minority Interests": 0.0,
        "Net Income Including Noncontrolling Interests": 39000000.0,
        "Net Income Continuous Operations": NaN,
        "Tax Provision": NaN,
        "Pretax Income": 48000000.0,
        "Other Income Expense": 232000000.0,
        "Other Non Operating Income Expenses": -8000000.0,
        "Special Income Charges": 240000000.0,
        "Gain On Sale Of Business": NaN,
        "Restructuring And Mergern Acquisition": 0.0,
        "Net Non Operating Interest Income Expense": -23000000.0,
        "Interest Expense Non Operating": 23000000.0,
        "Operating Income": -161000000.0,
        "Operating Expense": 353000000.0,
        "Other Operating Expenses": 239000000.0,
        "Selling General And Administration": 114000000.0,
        "Gross Profit": 192000000.0,
        "Cost Of Revenue": 1545000000.0,
        "Total Revenue": 1737000000.0,
        "Operating Revenue": 1737000000.0
    },
    "2024-04-30": {
        "Tax Effect Of Unusual Items": 0.0,
        "Tax Rate For Calcs": 0.19,
        "Normalized EBITDA": 164000000.0,
        "Total Unusual Items": 0.0,
        "Total Unusual Items Excluding Goodwill": 0.0,
        "Net Income From Continuing Operation Net Minority Interest": 77000000.0,
        "Reconciled Depreciation": 35000000.0,
        "Reconciled Cost Of Revenue": 1634000000.0,
        "EBITDA": 164000000.0,
        "EBIT": 129000000.0,
        "Net Interest Income": -34000000.0,
        "Interest Expense": 34000000.0,
        "Normalized Income": 77000000.0,
        "Net Income From Continuing And Discontinued Operation": 77000000.0,
        "Total Expenses": 1716000000.0,
        "Total Operating Income As Reported": 131000000.0,
        "Diluted Average Shares": 52100000.0,
        "Basic Average Shares": 51600000.0,
        "Diluted EPS": 1.48,
        "Basic EPS": 1.49,
        "Diluted NI Availto Com Stockholders": 77000000.0,
        "Net Income Common Stockholders": 77000000.0,
        "Net Income": 77000000.0,
        "Minority Interests": NaN,
        "Net Income Including Noncontrolling Interests": 77000000.0,
        "Net Income Continuous Operations": 77000000.0,
        "Tax Provision": 18000000.0,
        "Pretax Income": 95000000.0,
        "Other Income Expense": -2000000.0,
        "Other Non Operating Income Expenses": -2000000.0,
        "Special Income Charges": 0.0,
        "Gain On Sale Of Business": 0.0,
        "Restructuring And Mergern Acquisition": NaN,
        "Net Non Operating Interest Income Expense": -34000000.0,
        "Interest Expense Non Operating": 34000000.0,
        "Operating Income": 131000000.0,
        "Operating Expense": 82000000.0,
        "Other Operating Expenses": -3000000.0,
        "Selling General And Administration": 85000000.0,
        "Gross Profit": 213000000.0,
        "Cost Of Revenue": 1634000000.0,
        "Total Revenue": 1847000000.0,
        "Operating Revenue": 1847000000.0
    },
    "2024-07-31": {
        "Tax Effect Of Unusual Items": 0.0,
        "Tax Rate For Calcs": 0.196,
        "Normalized EBITDA": 165000000.0,
        "Total Unusual Items": 0.0,
        "Total Unusual Items Excluding Goodwill": 0.0,
        "Net Income From Continuing Operation Net Minority Interest": 81000000.0,
        "Reconciled Depreciation": 34000000.0,
        "Reconciled Cost Of Revenue": 1608000000.0,
        "EBITDA": 165000000.0,
        "EBIT": 131000000.0,
        "Net Interest Income": -31000000.0,
        "Interest Expense": 31000000.0,
        "Normalized Income": 81000000.0,
        "Net Income From Continuing And Discontinued Operation": 81000000.0,
        "Total Expenses": 1684000000.0,
        "Total Operating Income As Reported": 134000000.0,
        "Diluted Average Shares": 51200000.0,
        "Basic Average Shares": 50900000.0,
        "Diluted EPS": 1.58,
        "Basic EPS": 1.59,
        "Diluted NI Availto Com Stockholders": 81000000.0,
        "Net Income Common Stockholders": 81000000.0,
        "Net Income": 81000000.0,
        "Minority Interests": NaN,
        "Net Income Including Noncontrolling Interests": 81000000.0,
        "Net Income Continuous Operations": 81000000.0,
        "Tax Provision": 19000000.0,
        "Pretax Income": 100000000.0,
        "Other Income Expense": -3000000.0,
        "Other Non Operating Income Expenses": -3000000.0,
        "Special Income Charges": 0.0,
        "Gain On Sale Of Business": 0.0,
        "Restructuring And Mergern Acquisition": NaN,
        "Net Non Operating Interest Income Expense": -31000000.0,
        "Interest Expense Non Operating": 31000000.0,
        "Operating Income": 134000000.0,
        "Operating Expense": 76000000.0,
        "Other Operating Expenses": -1000000.0,
        "Selling General And Administration": 77000000.0,
        "Gross Profit": 210000000.0,
        "Cost Of Revenue": 1608000000.0,
        "Total Revenue": 1818000000.0,
        "Operating Revenue": 1818000000.0
    },
    "2024-10-31": {
        "Tax Effect Of Unusual Items": 0.0,
        "Tax Rate For Calcs": 0.156,
        "Normalized EBITDA": 193000000.0,
        "Total Unusual Items": 0.0,
        "Total Unusual Items Excluding Goodwill": 0.0,
        "Net Income From Continuing Operation Net Minority Interest": 106000000.0,
        "Reconciled Depreciation": 35000000.0,
        "Reconciled Cost Of Revenue": 1739000000.0,
        "EBITDA": 193000000.0,
        "EBIT": 158000000.0,
        "Net Interest Income": -32000000.0,
        "Interest Expense": 32000000.0,
        "Normalized Income": 106000000.0,
        "Net Income From Continuing And Discontinued Operation": 106000000.0,
        "Total Expenses": 1816000000.0,
        "Total Operating Income As Reported": 160000000.0,
        "Diluted Average Shares": 49800000.0,
        "Basic Average Shares": 49400000.0,
        "Diluted EPS": 2.13,
        "Basic EPS": 2.15,
        "Diluted NI Availto Com Stockholders": 106000000.0,
        "Net Income Common Stockholders": 106000000.0,
        "Net Income": 106000000.0,
        "Minority Interests": NaN,
        "Net Income Including Noncontrolling Interests": 106000000.0,
        "Net Income Continuous Operations": 106000000.0,
        "Tax Provision": 20000000.0,
        "Pretax Income": 126000000.0,
        "Other Income Expense": -2000000.0,
        "Other Non Operating Income Expenses": -2000000.0,
        "Special Income Charges": 0.0,
        "Gain On Sale Of Business": 0.0,
        "Restructuring And Mergern Acquisition": NaN,
        "Net Non Operating Interest Income Expense": -32000000.0,
        "Interest Expense Non Operating": 32000000.0,
        "Operating Income": 160000000.0,
        "Operating Expense": 77000000.0,
        "Other Operating Expenses": -6000000.0,
        "Selling General And Administration": 83000000.0,
        "Gross Profit": 237000000.0,
        "Cost Of Revenue": 1739000000.0,
        "Total Revenue": 1976000000.0,
        "Operating Revenue": 1976000000.0
    },
    "2025-01-31": {
        "Tax Effect Of Unusual Items": 168224.299065,
        "Tax Rate For Calcs": 0.084112,
        "Normalized EBITDA": 170000000.0,
        "Total Unusual Items": 2000000.0,
        "Total Unusual Items Excluding Goodwill": 2000000.0,
        "Net Income From Continuing Operation Net Minority Interest": 98000000.0,
        "Reconciled Depreciation": 36000000.0,
        "Reconciled Cost Of Revenue": 1606000000.0,
        "EBITDA": 172000000.0,
        "EBIT": 136000000.0,
        "Net Interest Income": -29000000.0,
        "Interest Expense": 29000000.0,
        "Normalized Income": 96168224.299065,
        "Net Income From Continuing And Discontinued Operation": 98000000.0,
        "Total Expenses": 1702000000.0,
        "Total Operating Income As Reported": 138000000.0,
        "Diluted Average Shares": 49000000.0,
        "Basic Average Shares": 48600000.0,
        "Diluted EPS": 2.0,
        "Basic EPS": 2.02,
        "Diluted NI Availto Com Stockholders": 98000000.0,
        "Net Income Common Stockholders": 98000000.0,
        "Net Income": 98000000.0,
        "Minority Interests": NaN,
        "Net Income Including Noncontrolling Interests": 98000000.0,
        "Net Income Continuous Operations": 98000000.0,
        "Tax Provision": 9000000.0,
        "Pretax Income": 107000000.0,
        "Other Income Expense": 0.0,
        "Other Non Operating Income Expenses": -2000000.0,
        "Special Income Charges": 2000000.0,
        "Gain On Sale Of Business": 0.0,
        "Restructuring And Mergern Acquisition": NaN,
        "Net Non Operating Interest Income Expense": -29000000.0,
        "Interest Expense Non Operating": 29000000.0,
        "Operating Income": 136000000.0,
        "Operating Expense": 96000000.0,
        "Other Operating Expenses": 2000000.0,
        "Selling General And Administration": 94000000.0,
        "Gross Profit": 232000000.0,
        "Cost Of Revenue": 1606000000.0,
        "Total Revenue": 1838000000.0,
        "Operating Revenue": 1838000000.0
    },
    "2025-04-30": {
        "Tax Effect Of Unusual Items": NaN,
        "Tax Rate For Calcs": NaN,
        "Normalized EBITDA": 152000000.0,
        "Total Unusual Items": NaN,
        "Total Unusual Items Excluding Goodwill": NaN,
        "Net Income From Continuing Operation Net Minority Interest": NaN,
        "Reconciled Depreciation": NaN,
        "Reconciled Cost Of Revenue": NaN,
        "EBITDA": NaN,
        "EBIT": NaN,
        "Net Interest Income": NaN,
        "Interest Expense": NaN,
        "Normalized Income": NaN,
        "Net Income From Continuing And Discontinued Operation": NaN,
        "Total Expenses": NaN,
        "Total Operating Income As Reported": NaN,
        "Diluted Average Shares": 47800000.0,
        "Basic Average Shares": 47600000.0,
        "Diluted EPS": NaN,
        "Basic EPS": NaN,
        "Diluted NI Availto Com Stockholders": NaN,
        "Net Income Common Stockholders": NaN,
        "Net Income": NaN,
        "Minority Interests": NaN,
        "Net Income Including Noncontrolling Interests": NaN,
        "Net Income Continuous Operations": 68000000.0,
        "Tax Provision": 18000000.0,
        "Pretax Income": NaN,
        "Other Income Expense": NaN,
        "Other Non Operating Income Expenses": NaN,
        "Special Income Charges": NaN,
        "Gain On Sale Of Business": NaN,
        "Restructuring And Mergern Acquisition": NaN,
        "Net Non Operating Interest Income Expense": NaN,
        "Interest Expense Non Operating": NaN,
        "Operating Income": NaN,
        "Operating Expense": NaN,
        "Other Operating Expenses": NaN,
        "Selling General And Administration": NaN,
        "Gross Profit": NaN,
        "Cost Of Revenue": NaN,
        "Total Revenue": NaN,
        "Operating Revenue": NaN
    }
}