{
    "2023-06-30": {
        "Tax Effect Of Unusual Items": NaN,
        "Tax Rate For Calcs": NaN,
        "Normalized EBITDA": NaN,
        "Total Unusual Items": NaN,
        "Total Unusual Items Excluding Goodwill": NaN,
        "Net Income From Continuing Operation Net Minority Interest": NaN,
        "Reconciled Depreciation": NaN,
        "Reconciled Cost Of Revenue": NaN,
        "EBITDA": NaN,
        "EBIT": NaN,
        "Net Interest Income": NaN,
        "Interest Expense": NaN,
        "Interest Income": NaN,
        "Normalized Income": NaN,
        "Net Income From Continuing And Discontinued Operation": NaN,
        "Total Expenses": NaN,
        "Total Operating Income As Reported": NaN,
        "Diluted Average Shares": 59592000.0,
        "Basic Average Shares": 57987000.0,
        "Diluted EPS": 1.28,
        "Basic EPS": 1.32,
        "Diluted NI Availto Com Stockholders": NaN,
        "Net Income Common Stockholders": NaN,
        "Net Income": NaN,
        "Minority Interests": NaN,
        "Net Income Including Noncontrolling Interests": NaN,
        "Net Income Continuous Operations": NaN,
        "Tax Provision": NaN,
        "Pretax Income": NaN,
        "Other Income Expense": NaN,
        "Other Non Operating Income Expenses": NaN,
        "Special Income Charges": NaN,
        "Restructuring And Mergern Acquisition": NaN,
        "Net Non Operating Interest Income Expense": NaN,
        "Interest Expense Non Operating": NaN,
        "Interest Income Non Operating": NaN,
        "Operating Income": NaN,
        "Operating Expense": NaN,
        "Research And Development": NaN,
        "Selling General And Administration": NaN,
        "Gross Profit": NaN,
        "Cost Of Revenue": NaN,
        "Total Revenue": NaN,
        "Operating Revenue": NaN
    },
    "2023-03-31": {
        "Tax Effect Of Unusual Items": NaN,
        "Tax Rate For Calcs": NaN,
        "Normalized EBITDA": NaN,
        "Total Unusual Items": NaN,
        "Total Unusual Items Excluding Goodwill": NaN,
        "Net Income From Continuing Operation Net Minority Interest": NaN,
        "Reconciled Depreciation": NaN,
        "Reconciled Cost Of Revenue": NaN,
        "EBITDA": NaN,
        "EBIT": NaN,
        "Net Interest Income": NaN,
        "Interest Expense": NaN,
        "Interest Income": NaN,
        "Normalized Income": NaN,
        "Net Income From Continuing And Discontinued Operation": NaN,
        "Total Expenses": NaN,
        "Total Operating Income As Reported": NaN,
        "Diluted Average Shares": NaN,
        "Basic Average Shares": NaN,
        "Diluted EPS": NaN,
        "Basic EPS": NaN,
        "Diluted NI Availto Com Stockholders": NaN,
        "Net Income Common Stockholders": NaN,
        "Net Income": NaN,
        "Minority Interests": NaN,
        "Net Income Including Noncontrolling Interests": NaN,
        "Net Income Continuous Operations": NaN,
        "Tax Provision": NaN,
        "Pretax Income": NaN,
        "Other Income Expense": NaN,
        "Other Non Operating Income Expenses": NaN,
        "Special Income Charges": NaN,
        "Gain On Sale Of Ppe": 0.0,
        "Restructuring And Mergern Acquisition": NaN,
        "Net Non Operating Interest Income Expense": NaN,
        "Interest Expense Non Operating": NaN,
        "Interest Income Non Operating": NaN,
        "Operating Income": NaN,
        "Operating Expense": NaN,
        "Research And Development": NaN,
        "Selling General And Administration": NaN,
        "Gross Profit": NaN,
        "Cost Of Revenue": NaN,
        "Total Revenue": NaN,
        "Operating Revenue": NaN
    },
    "2022-12-31": {
        "Tax Effect Of Unusual Items": NaN,
        "Tax Rate For Calcs": NaN,
        "Normalized EBITDA": NaN,
        "Total Unusual Items": NaN,
        "Total Unusual Items Excluding Goodwill": NaN,
        "Net Income From Continuing Operation Net Minority Interest": NaN,
        "Reconciled Depreciation": NaN,
        "Reconciled Cost Of Revenue": NaN,
        "EBITDA": NaN,
        "EBIT": NaN,
        "Net Interest Income": NaN,
        "Interest Expense": NaN,
        "Interest Income": NaN,
        "Normalized Income": NaN,
        "Net Income From Continuing And Discontinued Operation": NaN,
        "Total Expenses": NaN,
        "Total Operating Income As Reported": NaN,
        "Diluted Average Shares": NaN,
        "Basic Average Shares": NaN,
        "Diluted EPS": NaN,
        "Basic EPS": NaN,
        "Diluted NI Availto Com Stockholders": NaN,
        "Net Income Common Stockholders": NaN,
        "Net Income": NaN,
        "Minority Interests": NaN,
        "Net Income Including Noncontrolling Interests": NaN,
        "Net Income Continuous Operations": NaN,
        "Tax Provision": NaN,
        "Pretax Income": NaN,
        "Other Income Expense": NaN,
        "Other Non Operating Income Expenses": NaN,
        "Special Income Charges": NaN,
        "Gain On Sale Of Ppe": 0.0,
        "Restructuring And Mergern Acquisition": NaN,
        "Net Non Operating Interest Income Expense": NaN,
        "Interest Expense Non Operating": NaN,
        "Interest Income Non Operating": NaN,
        "Operating Income": NaN,
        "Operating Expense": NaN,
        "Research And Development": NaN,
        "Selling General And Administration": NaN,
        "Gross Profit": NaN,
        "Cost Of Revenue": NaN,
        "Total Revenue": NaN,
        "Operating Revenue": NaN
    },
    "2022-09-30": {
        "Tax Effect Of Unusual Items": NaN,
        "Tax Rate For Calcs": NaN,
        "Normalized EBITDA": NaN,
        "Total Unusual Items": NaN,
        "Total Unusual Items Excluding Goodwill": NaN,
        "Net Income From Continuing Operation Net Minority Interest": NaN,
        "Reconciled Depreciation": NaN,
        "Reconciled Cost Of Revenue": NaN,
        "EBITDA": NaN,
        "EBIT": NaN,
        "Net Interest Income": NaN,
        "Interest Expense": NaN,
        "Interest Income": NaN,
        "Normalized Income": NaN,
        "Net Income From Continuing And Discontinued Operation": NaN,
        "Total Expenses": NaN,
        "Total Operating Income As Reported": NaN,
        "Diluted Average Shares": NaN,
        "Basic Average Shares": NaN,
        "Diluted EPS": NaN,
        "Basic EPS": NaN,
        "Diluted NI Availto Com Stockholders": NaN,
        "Net Income Common Stockholders": NaN,
        "Net Income": NaN,
        "Minority Interests": NaN,
        "Net Income Including Noncontrolling Interests": NaN,
        "Net Income Continuous Operations": NaN,
        "Tax Provision": NaN,
        "Pretax Income": NaN,
        "Other Income Expense": NaN,
        "Other Non Operating Income Expenses": NaN,
        "Special Income Charges": NaN,
        "Gain On Sale Of Ppe": 0.0,
        "Restructuring And Mergern Acquisition": NaN,
        "Net Non Operating Interest Income Expense": NaN,
        "Interest Expense Non Operating": NaN,
        "Interest Income Non Operating": NaN,
        "Operating Income": NaN,
        "Operating Expense": NaN,
        "Research And Development": NaN,
        "Selling General And Administration": NaN,
        "Gross Profit": NaN,
        "Cost Of Revenue": NaN,
        "Total Revenue": NaN,
        "Operating Revenue": NaN
    },
    "2022-06-30": {
        "Tax Effect Of Unusual Items": -108728.784747,
        "Tax Rate For Calcs": 0.027223,
        "Normalized EBITDA": 118443000.0,
        "Total Unusual Items": -3994000.0,
        "Total Unusual Items Excluding Goodwill": -3994000.0,
        "Net Income From Continuing Operation Net Minority Interest": 79543000.0,
        "Reconciled Depreciation": 27065000.0,
        "Reconciled Cost Of Revenue": 1853870000.0,
        "EBITDA": 114449000.0,
        "EBIT": 87384000.0,
        "Net Interest Income": -5075000.0,
        "Interest Expense": 5615000.0,
        "Interest Income": 540000.0,
        "Normalized Income": 83428271.215253,
        "Net Income From Continuing And Discontinued Operation": 79543000.0,
        "Total Expenses": 1920447000.0,
        "Total Operating Income As Reported": 94618000.0,
        "Diluted Average Shares": 61702000.0,
        "Basic Average Shares": 59970000.0,
        "Diluted EPS": 1.25,
        "Basic EPS": 1.29,
        "Diluted NI Availto Com Stockholders": 79543000.0,
        "Net Income Common Stockholders": 79543000.0,
        "Net Income": 79543000.0,
        "Minority Interests": NaN,
        "Net Income Including Noncontrolling Interests": 79543000.0,
        "Net Income Continuous Operations": 79543000.0,
        "Tax Provision": 2226000.0,
        "Pretax Income": 81769000.0,
        "Other Income Expense": -11768000.0,
        "Other Non Operating Income Expenses": -7774000.0,
        "Special Income Charges": -3994000.0,
        "Gain On Sale Of Ppe": 0.0,
        "Restructuring And Mergern Acquisition": 3994000.0,
        "Net Non Operating Interest Income Expense": -5075000.0,
        "Interest Expense Non Operating": 5615000.0,
        "Interest Income Non Operating": 540000.0,
        "Operating Income": 98612000.0,
        "Operating Expense": 66577000.0,
        "Research And Development": 5071000.0,
        "Selling General And Administration": 61506000.0,
        "Gross Profit": 165189000.0,
        "Cost Of Revenue": 1853870000.0,
        "Total Revenue": 2019059000.0,
        "Operating Revenue": 2019059000.0
    },
    "2022-03-31": {
        "Diluted EPS": 0.76,
        "Total Revenue": NaN,
        "Gross Profit": 146,
        "Operating Income": 76,
        "EBIT": 104,
        "Net Income": 49
    },
    "2021-12-31": {
        "Diluted EPS": 0.85,
        "Total Revenue": NaN,
        "Gross Profit": 141,
        "Operating Income": 78,
        "EBIT": 106,
        "Net Income": 56
    },
    "2021-09-30": {
        "Diluted EPS": 0.56,
        "Total Revenue": NaN,
        "Gross Profit": 106,
        "Operating Income": 41,
        "EBIT": 69,
        "Net Income": 37
    },
    "2021-06-30": {
        "Diluted EPS": 1.74,
        "Total Revenue": NaN,
        "Gross Profit": 137,
        "Operating Income": 74,
        "EBIT": 102,
        "Net Income": 117
    },
    "2021-03-31": {
        "Diluted EPS": 0.7,
        "Total Revenue": NaN,
        "Gross Profit": 143,
        "Operating Income": 65,
        "EBIT": 92,
        "Net Income": 47
    },
    "2020-12-31": {
        "Diluted EPS": 0.72,
        "Total Revenue": NaN,
        "Gross Profit": 141,
        "Operating Income": 76,
        "EBIT": 103,
        "Net Income": 48
    },
    "2020-09-30": {
        "Diluted EPS": 0.64,
        "Total Revenue": NaN,
        "Gross Profit": 143,
        "Operating Income": 73,
        "EBIT": 102,
        "Net Income": 45
    },
    "2020-06-30": {
        "Diluted EPS": 0.64,
        "Total Revenue": NaN,
        "Gross Profit": 131,
        "Operating Income": 64,
        "EBIT": 93,
        "Net Income": 45
    },
    "2020-03-31": {
        "Diluted EPS": 0.07,
        "Total Revenue": NaN,
        "Gross Profit": 107,
        "Operating Income": 24,
        "EBIT": 61,
        "Net Income": 5
    },
    "2019-12-31": {
        "Diluted EPS": 0.53,
        "Total Revenue": NaN,
        "Gross Profit": 135,
        "Operating Income": 57,
        "EBIT": 86,
        "Net Income": 38
    },
    "2019-09-30": {
        "Diluted EPS": 0.26,
        "Total Revenue": NaN,
        "Gross Profit": 142,
        "Operating Income": 63,
        "EBIT": 92,
        "Net Income": 20
    },
    "2019-06-30": {
        "Diluted EPS": 0.6,
        "Total Revenue": NaN,
        "Gross Profit": 148,
        "Operating Income": 67,
        "EBIT": 97,
        "Net Income": 43
    },
    "2019-03-31": {
        "Diluted EPS": 0.57,
        "Total Revenue": NaN,
        "Gross Profit": 153,
        "Operating Income": 78,
        "EBIT": 107,
        "Net Income": 41
    },
    "2018-12-31": {
        "Diluted EPS": 0.54,
        "Total Revenue": NaN,
        "Gross Profit": 149,
        "Operating Income": 78,
        "EBIT": 107,
        "Net Income": 38
    },
    "2018-09-30": {
        "Diluted EPS": -0.01,
        "Total Revenue": NaN,
        "Gross Profit": 121,
        "Operating Income": 10,
        "EBIT": 70,
        "Net Income": 1
    },
    "2018-06-30": {
        "Diluted EPS": 0.47,
        "Total Revenue": NaN,
        "Gross Profit": 119,
        "Operating Income": 47,
        "EBIT": 77,
        "Net Income": 34
    },
    "2018-03-31": {
        "Diluted EPS": 0.33,
        "Total Revenue": NaN,
        "Gross Profit": 115,
        "Operating Income": 49,
        "EBIT": 79,
        "Net Income": 25
    },
    "2017-12-31": {
        "Diluted EPS": -2.16,
        "Total Revenue": NaN,
        "Gross Profit": 109,
        "Operating Income": 14,
        "EBIT": 43,
        "Net Income": -155
    },
    "2017-09-30": {
        "Diluted EPS": 0.32,
        "Total Revenue": NaN,
        "Gross Profit": 124,
        "Operating Income": 43,
        "EBIT": 74,
        "Net Income": 26
    },
    "2017-06-30": {
        "Diluted EPS": 0.47,
        "Total Revenue": NaN,
        "Gross Profit": 131,
        "Operating Income": 67,
        "EBIT": 96,
        "Net Income": 36
    },
    "2017-03-31": {
        "Diluted EPS": 0.41,
        "Total Revenue": NaN,
        "Gross Profit": 133,
        "Operating Income": 58,
        "EBIT": 87,
        "Net Income": 32
    },
    "2016-12-31": {
        "Diluted EPS": 0.58,
        "Total Revenue": NaN,
        "Gross Profit": 132,
        "Operating Income": 59,
        "EBIT": 88,
        "Net Income": 45
    },
    "2016-09-30": {
        "Diluted EPS": 1.28,
        "Total Revenue": NaN,
        "Gross Profit": 127,
        "Operating Income": 55,
        "EBIT": 85,
        "Net Income": 101
    },
    "2016-06-30": {
        "Diluted EPS": 0.38,
        "Total Revenue": NaN,
        "Gross Profit": 127,
        "Operating Income": 55,
        "EBIT": 83,
        "Net Income": 30
    },
    "2016-03-31": {
        "Diluted EPS": 0.39,
        "Total Revenue": NaN,
        "Gross Profit": 137,
        "Operating Income": 61,
        "EBIT": 89,
        "Net Income": 30
    },
    "2015-12-31": {
        "Diluted EPS": 0.33,
        "Total Revenue": NaN,
        "Gross Profit": 124,
        "Operating Income": 54,
        "EBIT": 80,
        "Net Income": 27
    },
    "2015-09-30": {
        "Diluted EPS": 3.69,
        "Total Revenue": NaN,
        "Gross Profit": 122,
        "Operating Income": 53,
        "EBIT": 79,
        "Net Income": 315
    },
    "2015-06-30": {
        "Diluted EPS": 0.29,
        "Total Revenue": NaN,
        "Gross Profit": 121,
        "Operating Income": 47,
        "EBIT": 72,
        "Net Income": 24
    },
    "2015-03-31": {
        "Diluted EPS": 0.17,
        "Total Revenue": NaN,
        "Gross Profit": 115,
        "Operating Income": 50,
        "EBIT": 75,
        "Net Income": 15
    },
    "2014-12-31": {
        "Diluted EPS": 0.26,
        "Total Revenue": NaN,
        "Gross Profit": 126,
        "Operating Income": 53,
        "EBIT": 78,
        "Net Income": 23
    },
    "2014-09-30": {
        "Diluted EPS": 1.53,
        "Total Revenue": NaN,
        "Gross Profit": 132,
        "Operating Income": 62,
        "EBIT": 86,
        "Net Income": 133
    },
    "2014-06-30": {
        "Diluted EPS": 0.24,
        "Total Revenue": NaN,
        "Gross Profit": 127,
        "Operating Income": 53,
        "EBIT": 78,
        "Net Income": 21
    },
    "2014-03-31": {
        "Diluted EPS": 0.24,
        "Total Revenue": NaN,
        "Gross Profit": 119,
        "Operating Income": 45,
        "EBIT": 70,
        "Net Income": 21
    },
    "2013-12-31": {
        "Diluted EPS": 0.26,
        "Total Revenue": NaN,
        "Gross Profit": 111,
        "Operating Income": 40,
        "EBIT": 63,
        "Net Income": 23
    },
    "2013-09-30": {
        "Diluted EPS": 0.45,
        "Total Revenue": NaN,
        "Gross Profit": 115,
        "Operating Income": 45,
        "EBIT": 68,
        "Net Income": 39
    },
    "2013-06-30": {
        "Diluted EPS": 0.22,
        "Total Revenue": NaN,
        "Gross Profit": 114,
        "Operating Income": 36,
        "EBIT": 59,
        "Net Income": 19
    },
    "2013-03-31": {
        "Diluted EPS": 0.25,
        "Total Revenue": NaN,
        "Gross Profit": 100,
        "Operating Income": 46,
        "EBIT": 70,
        "Net Income": 21
    },
    "2012-12-31": {
        "Diluted EPS": 0.01,
        "Total Revenue": NaN,
        "Gross Profit": 97,
        "Operating Income": 31,
        "EBIT": 56,
        "Net Income": 1
    },
    "2012-09-30": {
        "Diluted EPS": 1.97,
        "Total Revenue": NaN,
        "Gross Profit": 115,
        "Operating Income": 32,
        "EBIT": 57,
        "Net Income": 164
    },
    "2012-06-30": {
        "Diluted EPS": 0.11,
        "Total Revenue": NaN,
        "Gross Profit": 105,
        "Operating Income": 35,
        "EBIT": 60,
        "Net Income": 9
    },
    "2012-03-31": {
        "Diluted EPS": -0.02,
        "Total Revenue": NaN,
        "Gross Profit": 106,
        "Operating Income": 30,
        "EBIT": 55,
        "Net Income": -1
    },
    "2011-12-31": {
        "Diluted EPS": 0.1,
        "Total Revenue": NaN,
        "Gross Profit": 109,
        "Operating Income": 40,
        "EBIT": 65,
        "Net Income": 9
    },
    "2011-09-30": {
        "Diluted EPS": 0.22,
        "Total Revenue": NaN,
        "Gross Profit": 134,
        "Operating Income": 54,
        "EBIT": 83,
        "Net Income": 18
    },
    "2011-06-30": {
        "Diluted EPS": 0.11,
        "Total Revenue": NaN,
        "Gross Profit": 132,
        "Operating Income": 53,
        "EBIT": 78,
        "Net Income": 9
    },
    "2011-03-31": {
        "Diluted EPS": 0.16,
        "Total Revenue": NaN,
        "Gross Profit": 117,
        "Operating Income": 45,
        "EBIT": 70,
        "Net Income": 13
    },
    "2010-12-31": {
        "Diluted EPS": 0.34,
        "Total Revenue": NaN,
        "Gross Profit": 128,
        "Operating Income": 61,
        "EBIT": 86,
        "Net Income": 28
    },
    "2010-09-30": {
        "Diluted EPS": 0.36,
        "Total Revenue": NaN,
        "Gross Profit": 132,
        "Operating Income": 58,
        "EBIT": 83,
        "Net Income": 31
    },
    "2010-06-30": {
        "Diluted EPS": 0.26,
        "Total Revenue": NaN,
        "Gross Profit": 124,
        "Operating Income": 62,
        "EBIT": 84,
        "Net Income": 22
    },
    "2010-03-31": {
        "Diluted EPS": 0.12,
        "Total Revenue": NaN,
        "Gross Profit": 117,
        "Operating Income": 45,
        "EBIT": 67,
        "Net Income": 10
    },
    "2009-12-31": {
        "Diluted EPS": 0.74,
        "Total Revenue": NaN,
        "Gross Profit": 110,
        "Operating Income": 40,
        "EBIT": 61,
        "Net Income": 59
    },
    "2009-09-30": {
        "Diluted EPS": -0.41,
        "Total Revenue": NaN,
        "Gross Profit": 94,
        "Operating Income": 8,
        "EBIT": 29,
        "Net Income": -33
    },
    "2009-06-30": {
        "Diluted EPS": -0.52,
        "Total Revenue": NaN,
        "Gross Profit": 76,
        "Operating Income": -1,
        "EBIT": 21,
        "Net Income": -42
    },
    "2009-03-31": {
        "Diluted EPS": -0.45,
        "Total Revenue": NaN,
        "Gross Profit": 69,
        "Operating Income": -13,
        "EBIT": 8,
        "Net Income": -38
    },
    "2023-09-30": {
        "Tax Effect Of Unusual Items": -1066211.432721,
        "Tax Rate For Calcs": 0.246637,
        "Normalized EBITDA": 129852000.0,
        "Total Unusual Items": -4323000.0,
        "Total Unusual Items Excluding Goodwill": -4323000.0,
        "Net Income From Continuing Operation Net Minority Interest": 61841000.0,
        "Reconciled Depreciation": 30521000.0,
        "Reconciled Cost Of Revenue": 1878591000.0,
        "EBITDA": 125529000.0,
        "EBIT": 95008000.0,
        "Net Interest Income": -4347000.0,
        "Interest Expense": 8257000.0,
        "Interest Income": 3910000.0,
        "Normalized Income": 65097788.567279,
        "Net Income From Continuing And Discontinued Operation": 61841000.0,
        "Total Expenses": 1948430000.0,
        "Total Operating Income As Reported": 99266000.0,
        "Diluted Average Shares": 59178000.0,
        "Basic Average Shares": 57406000.0,
        "Diluted EPS": 1.04,
        "Basic EPS": 1.08,
        "Diluted NI Availto Com Stockholders": 61841000.0,
        "Net Income Common Stockholders": 61841000.0,
        "Net Income": 61841000.0,
        "Minority Interests": -3514000.0,
        "Net Income Including Noncontrolling Interests": 65355000.0,
        "Net Income Continuous Operations": 65355000.0,
        "Tax Provision": 21396000.0,
        "Pretax Income": 86751000.0,
        "Other Income Expense": -12491000.0,
        "Other Non Operating Income Expenses": -8168000.0,
        "Special Income Charges": -4323000.0,
        "Restructuring And Mergern Acquisition": 4323000.0,
        "Net Non Operating Interest Income Expense": -4347000.0,
        "Interest Expense Non Operating": 8257000.0,
        "Interest Income Non Operating": 3910000.0,
        "Operating Income": 103589000.0,
        "Operating Expense": 69839000.0,
        "Research And Development": 7715000.0,
        "Selling General And Administration": 62124000.0,
        "Gross Profit": 173428000.0,
        "Cost Of Revenue": 1878591000.0,
        "Total Revenue": 2052019000.0,
        "Operating Revenue": 2052019000.0
    },
    "2023-12-31": {
        "Tax Effect Of Unusual Items": -569400.0,
        "Tax Rate For Calcs": 0.26,
        "Normalized EBITDA": 123016000.0,
        "Total Unusual Items": -2190000.0,
        "Total Unusual Items Excluding Goodwill": -2190000.0,
        "Net Income From Continuing Operation Net Minority Interest": 57068000.0,
        "Reconciled Depreciation": 30726000.0,
        "Reconciled Cost Of Revenue": 1713958000.0,
        "EBITDA": 120826000.0,
        "EBIT": 90100000.0,
        "Net Interest Income": -4755000.0,
        "Interest Expense": 8412000.0,
        "Interest Income": 3657000.0,
        "Normalized Income": 58688600.0,
        "Net Income From Continuing And Discontinued Operation": 57068000.0,
        "Total Expenses": 1785032000.0,
        "Total Operating Income As Reported": 87576000.0,
        "Diluted Average Shares": 58240000.0,
        "Basic Average Shares": 56538000.0,
        "Diluted EPS": 0.98,
        "Basic EPS": 1.01,
        "Diluted NI Availto Com Stockholders": 57068000.0,
        "Net Income Common Stockholders": 57068000.0,
        "Net Income": 57068000.0,
        "Minority Interests": -3296000.0,
        "Net Income Including Noncontrolling Interests": 60364000.0,
        "Net Income Continuous Operations": 60364000.0,
        "Tax Provision": 21324000.0,
        "Pretax Income": 81688000.0,
        "Other Income Expense": -3323000.0,
        "Other Non Operating Income Expenses": -1133000.0,
        "Special Income Charges": -2190000.0,
        "Restructuring And Mergern Acquisition": 2190000.0,
        "Net Non Operating Interest Income Expense": -4755000.0,
        "Interest Expense Non Operating": 8412000.0,
        "Interest Income Non Operating": 3657000.0,
        "Operating Income": 89766000.0,
        "Operating Expense": 71074000.0,
        "Research And Development": 6289000.0,
        "Selling General And Administration": 64785000.0,
        "Gross Profit": 160840000.0,
        "Cost Of Revenue": 1713958000.0,
        "Total Revenue": 1874798000.0,
        "Operating Revenue": 1874798000.0
    },
    "2024-03-31": {
        "Tax Effect Of Unusual Items": -851240.0,
        "Tax Rate For Calcs": 0.26,
        "Normalized EBITDA": 116197000.0,
        "Total Unusual Items": -3274000.0,
        "Total Unusual Items Excluding Goodwill": -3274000.0,
        "Net Income From Continuing Operation Net Minority Interest": 52485000.0,
        "Reconciled Depreciation": 30274000.0,
        "Reconciled Cost Of Revenue": 1679838000.0,
        "EBITDA": 112923000.0,
        "EBIT": 82649000.0,
        "Net Interest Income": -4806000.0,
        "Interest Expense": 8218000.0,
        "Interest Income": 3412000.0,
        "Normalized Income": 54907760.0,
        "Net Income From Continuing And Discontinued Operation": 52485000.0,
        "Total Expenses": 1755360000.0,
        "Total Operating Income As Reported": 75961000.0,
        "Diluted Average Shares": 56669000.0,
        "Basic Average Shares": 55585000.0,
        "Diluted EPS": 0.93,
        "Basic EPS": 0.94,
        "Diluted NI Availto Com Stockholders": 52485000.0,
        "Net Income Common Stockholders": 52485000.0,
        "Net Income": 52485000.0,
        "Minority Interests": -2824000.0,
        "Net Income Including Noncontrolling Interests": 55309000.0,
        "Net Income Continuous Operations": 55309000.0,
        "Tax Provision": 19122000.0,
        "Pretax Income": 74431000.0,
        "Other Income Expense": 2000.0,
        "Other Non Operating Income Expenses": 3276000.0,
        "Special Income Charges": -3274000.0,
        "Restructuring And Mergern Acquisition": 3274000.0,
        "Net Non Operating Interest Income Expense": -4806000.0,
        "Interest Expense Non Operating": 8218000.0,
        "Interest Income Non Operating": 3412000.0,
        "Operating Income": 79235000.0,
        "Operating Expense": 75522000.0,
        "Research And Development": 6323000.0,
        "Selling General And Administration": 69199000.0,
        "Gross Profit": 154757000.0,
        "Cost Of Revenue": 1679838000.0,
        "Total Revenue": 1834595000.0,
        "Operating Revenue": 1834595000.0
    },
    "2024-06-30": {
        "Tax Effect Of Unusual Items": -484110.0,
        "Tax Rate For Calcs": 0.27,
        "Normalized EBITDA": 113701000.0,
        "Total Unusual Items": -1793000.0,
        "Total Unusual Items Excluding Goodwill": -1793000.0,
        "Net Income From Continuing Operation Net Minority Interest": 51602000.0,
        "Reconciled Depreciation": 29764000.0,
        "Reconciled Cost Of Revenue": 1687891000.0,
        "EBITDA": 111908000.0,
        "EBIT": 82144000.0,
        "Net Interest Income": -4934000.0,
        "Interest Expense": 7506000.0,
        "Interest Income": 2572000.0,
        "Normalized Income": 52910890.0,
        "Net Income From Continuing And Discontinued Operation": 51602000.0,
        "Total Expenses": 1757270000.0,
        "Total Operating Income As Reported": 82367000.0,
        "Diluted Average Shares": NaN,
        "Basic Average Shares": NaN,
        "Diluted EPS": NaN,
        "Basic EPS": NaN,
        "Diluted NI Availto Com Stockholders": 51602000.0,
        "Net Income Common Stockholders": 51602000.0,
        "Net Income": 51602000.0,
        "Minority Interests": -3136000.0,
        "Net Income Including Noncontrolling Interests": 54738000.0,
        "Net Income Continuous Operations": 54738000.0,
        "Tax Provision": 19900000.0,
        "Pretax Income": 74638000.0,
        "Other Income Expense": -4588000.0,
        "Other Non Operating Income Expenses": -2795000.0,
        "Special Income Charges": -1793000.0,
        "Restructuring And Mergern Acquisition": 1793000.0,
        "Net Non Operating Interest Income Expense": -4934000.0,
        "Interest Expense Non Operating": 7506000.0,
        "Interest Income Non Operating": 2572000.0,
        "Operating Income": 84160000.0,
        "Operating Expense": 69379000.0,
        "Research And Development": 7659000.0,
        "Selling General And Administration": 61720000.0,
        "Gross Profit": 153539000.0,
        "Cost Of Revenue": 1687891000.0,
        "Total Revenue": 1841430000.0,
        "Operating Revenue": 1841430000.0
    },
    "2024-09-30": {
        "Tax Effect Of Unusual Items": -665270.690728,
        "Tax Rate For Calcs": 0.223997,
        "Normalized EBITDA": 126449000.0,
        "Total Unusual Items": -2970000.0,
        "Total Unusual Items Excluding Goodwill": -2970000.0,
        "Net Income From Continuing Operation Net Minority Interest": 61381000.0,
        "Reconciled Depreciation": 31654000.0,
        "Reconciled Cost Of Revenue": 1846212000.0,
        "EBITDA": 123479000.0,
        "EBIT": 91825000.0,
        "Net Interest Income": -2248000.0,
        "Interest Expense": 5047000.0,
        "Interest Income": 2799000.0,
        "Normalized Income": 63685729.309272,
        "Net Income From Continuing And Discontinued Operation": 61381000.0,
        "Total Expenses": 1924945000.0,
        "Total Operating Income As Reported": 89590000.0,
        "Diluted Average Shares": 56235000.0,
        "Basic Average Shares": 54783000.0,
        "Diluted EPS": 1.09,
        "Basic EPS": 1.12,
        "Diluted NI Availto Com Stockholders": 61381000.0,
        "Net Income Common Stockholders": 61381000.0,
        "Net Income": 61381000.0,
        "Minority Interests": -5959000.0,
        "Net Income Including Noncontrolling Interests": 67340000.0,
        "Net Income Continuous Operations": 67340000.0,
        "Tax Provision": 19438000.0,
        "Pretax Income": 86778000.0,
        "Other Income Expense": -3534000.0,
        "Other Non Operating Income Expenses": -564000.0,
        "Special Income Charges": -2970000.0,
        "Restructuring And Mergern Acquisition": 2970000.0,
        "Net Non Operating Interest Income Expense": -2248000.0,
        "Interest Expense Non Operating": 5047000.0,
        "Interest Income Non Operating": 2799000.0,
        "Operating Income": 92560000.0,
        "Operating Expense": 78733000.0,
        "Research And Development": 8243000.0,
        "Selling General And Administration": 70490000.0,
        "Gross Profit": 171293000.0,
        "Cost Of Revenue": 1846212000.0,
        "Total Revenue": 2017505000.0,
        "Operating Revenue": 2017505000.0
    },
    "2024-12-31": {
        "Tax Effect Of Unusual Items": -258480.0,
        "Tax Rate For Calcs": 0.18,
        "Normalized EBITDA": 124558000.0,
        "Total Unusual Items": -1436000.0,
        "Total Unusual Items Excluding Goodwill": -1436000.0,
        "Net Income From Continuing Operation Net Minority Interest": 65003000.0,
        "Reconciled Depreciation": 31845000.0,
        "Reconciled Cost Of Revenue": 1838433000.0,
        "EBITDA": 123122000.0,
        "EBIT": 91277000.0,
        "Net Interest Income": -1605000.0,
        "Interest Expense": 5001000.0,
        "Interest Income": 3396000.0,
        "Normalized Income": 66180520.0,
        "Net Income From Continuing And Discontinued Operation": 65003000.0,
        "Total Expenses": 1916302000.0,
        "Total Operating Income As Reported": 88610000.0,
        "Diluted Average Shares": 55853000.0,
        "Basic Average Shares": 54206000.0,
        "Diluted EPS": 1.16,
        "Basic EPS": 1.2,
        "Diluted NI Availto Com Stockholders": 65003000.0,
        "Net Income Common Stockholders": 65003000.0,
        "Net Income": 65003000.0,
        "Minority Interests": -5881000.0,
        "Net Income Including Noncontrolling Interests": 70884000.0,
        "Net Income Continuous Operations": 70884000.0,
        "Tax Provision": 15392000.0,
        "Pretax Income": 86276000.0,
        "Other Income Expense": -2165000.0,
        "Other Non Operating Income Expenses": -729000.0,
        "Special Income Charges": -1436000.0,
        "Restructuring And Mergern Acquisition": 1436000.0,
        "Net Non Operating Interest Income Expense": -1605000.0,
        "Interest Expense Non Operating": 5001000.0,
        "Interest Income Non Operating": 3396000.0,
        "Operating Income": 90046000.0,
        "Operating Expense": 77869000.0,
        "Research And Development": 7024000.0,
        "Selling General And Administration": 70845000.0,
        "Gross Profit": 167915000.0,
        "Cost Of Revenue": 1838433000.0,
        "Total Revenue": 2006348000.0,
        "Operating Revenue": 2006348000.0
    },
    "2025-03-31": {
        "Tax Effect Of Unusual Items": -198000.0,
        "Tax Rate For Calcs": 0.2,
        "Normalized EBITDA": 122582000.0,
        "Total Unusual Items": -990000.0,
        "Total Unusual Items Excluding Goodwill": -990000.0,
        "Net Income From Continuing Operation Net Minority Interest": 64208000.0,
        "Reconciled Depreciation": 28208000.0,
        "Reconciled Cost Of Revenue": 1807845000.0,
        "EBITDA": 121592000.0,
        "EBIT": 93384000.0,
        "Net Interest Income": -1256000.0,
        "Interest Expense": 4979000.0,
        "Interest Income": 3723000.0,
        "Normalized Income": 65000000.0,
        "Net Income From Continuing And Discontinued Operation": 64208000.0,
        "Total Expenses": 1891474000.0,
        "Total Operating Income As Reported": 91616000.0,
        "Diluted Average Shares": 55511000.0,
        "Basic Average Shares": 54405000.0,
        "Diluted EPS": 1.16,
        "Basic EPS": 1.18,
        "Diluted NI Availto Com Stockholders": 64208000.0,
        "Net Income Common Stockholders": 64208000.0,
        "Net Income": 64208000.0,
        "Minority Interests": -6307000.0,
        "Net Income Including Noncontrolling Interests": 70515000.0,
        "Net Income Continuous Operations": 70515000.0,
        "Tax Provision": 17890000.0,
        "Pretax Income": 88405000.0,
        "Other Income Expense": -2945000.0,
        "Other Non Operating Income Expenses": -1955000.0,
        "Special Income Charges": -990000.0,
        "Restructuring And Mergern Acquisition": 990000.0,
        "Net Non Operating Interest Income Expense": -1256000.0,
        "Interest Expense Non Operating": 4979000.0,
        "Interest Income Non Operating": 3723000.0,
        "Operating Income": 92606000.0,
        "Operating Expense": 83629000.0,
        "Research And Development": 7316000.0,
        "Selling General And Administration": 76313000.0,
        "Gross Profit": 176235000.0,
        "Cost Of Revenue": 1807845000.0,
        "Total Revenue": 1984080000.0,
        "Operating Revenue": 1984080000.0
    },
    "2025-06-30": {
        "Tax Effect Of Unusual Items": -1510600.0,
        "Tax Rate For Calcs": 0.2,
        "Normalized EBITDA": 133704000.0,
        "Total Unusual Items": -7553000.0,
        "Total Unusual Items Excluding Goodwill": -7553000.0,
        "Net Income From Continuing Operation Net Minority Interest": 68616000.0,
        "Reconciled Depreciation": 29760000.0,
        "Reconciled Cost Of Revenue": 1860512000.0,
        "EBITDA": 126151000.0,
        "EBIT": 96391000.0,
        "Net Interest Income": -781000.0,
        "Interest Expense": 4981000.0,
        "Interest Income": 4200000.0,
        "Normalized Income": 74658400.0,
        "Net Income From Continuing And Discontinued Operation": 68616000.0,
        "Total Expenses": 1938132000.0,
        "Total Operating Income As Reported": 95877000.0,
        "Diluted Average Shares": 54493000.0,
        "Basic Average Shares": 53614000.0,
        "Diluted EPS": 1.26,
        "Basic EPS": 1.28,
        "Diluted NI Availto Com Stockholders": 68616000.0,
        "Net Income Common Stockholders": 68616000.0,
        "Net Income": 68616000.0,
        "Minority Interests": -4272000.0,
        "Net Income Including Noncontrolling Interests": 72888000.0,
        "Net Income Continuous Operations": 72888000.0,
        "Tax Provision": 18522000.0,
        "Pretax Income": 91410000.0,
        "Other Income Expense": -11239000.0,
        "Other Non Operating Income Expenses": -3686000.0,
        "Special Income Charges": -7553000.0,
        "Restructuring And Mergern Acquisition": 7553000.0,
        "Net Non Operating Interest Income Expense": -781000.0,
        "Interest Expense Non Operating": 4981000.0,
        "Interest Income Non Operating": 4200000.0,
        "Operating Income": 103430000.0,
        "Operating Expense": 77620000.0,
        "Research And Development": 8078000.0,
        "Selling General And Administration": 69542000.0,
        "Gross Profit": 181050000.0,
        "Cost Of Revenue": 1860512000.0,
        "Total Revenue": 2041562000.0,
        "Operating Revenue": 2041562000.0
    },
    "2025-09-30": {
        "Tax Effect Of Unusual Items": -8885620.191718,
        "Tax Rate For Calcs": 0.291313,
        "Normalized EBITDA": 138682000.0,
        "Total Unusual Items": -30502000.0,
        "Total Unusual Items Excluding Goodwill": -30502000.0,
        "Net Income From Continuing Operation Net Minority Interest": 48066000.0,
        "Reconciled Depreciation": 29653000.0,
        "Reconciled Cost Of Revenue": 1905235000.0,
        "EBITDA": 108180000.0,
        "EBIT": 78527000.0,
        "Net Interest Income": -654000.0,
        "Interest Expense": 5190000.0,
        "Interest Income": 4536000.0,
        "Normalized Income": 69682379.808282,
        "Net Income From Continuing And Discontinued Operation": 48066000.0,
        "Total Expenses": 1987425000.0,
        "Total Operating Income As Reported": 78465000.0,
        "Diluted Average Shares": 54860000.0,
        "Basic Average Shares": 53567000.0,
        "Diluted EPS": 0.88,
        "Basic EPS": 0.9,
        "Diluted NI Availto Com Stockholders": 48066000.0,
        "Net Income Common Stockholders": 48066000.0,
        "Net Income": 48066000.0,
        "Minority Interests": -3907000.0,
        "Net Income Including Noncontrolling Interests": 51973000.0,
        "Net Income Continuous Operations": 51973000.0,
        "Tax Provision": 21364000.0,
        "Pretax Income": 73337000.0,
        "Other Income Expense": -34976000.0,
        "Other Non Operating Income Expenses": -4474000.0,
        "Special Income Charges": -30502000.0,
        "Restructuring And Mergern Acquisition": 30502000.0,
        "Net Non Operating Interest Income Expense": -654000.0,
        "Interest Expense Non Operating": 5190000.0,
        "Interest Income Non Operating": 4536000.0,
        "Operating Income": 108967000.0,
        "Operating Expense": 82190000.0,
        "Research And Development": 8669000.0,
        "Selling General And Administration": 73521000.0,
        "Gross Profit": 191157000.0,
        "Cost Of Revenue": 1905235000.0,
        "Total Revenue": 2096392000.0,
        "Operating Revenue": 2096392000.0
    }
}