{
    "2023-06-30": {
        "Tax Effect Of Unusual Items": NaN,
        "Tax Rate For Calcs": NaN,
        "Normalized EBITDA": NaN,
        "Total Unusual Items": NaN,
        "Total Unusual Items Excluding Goodwill": NaN,
        "Net Income From Continuing Operation Net Minority Interest": NaN,
        "Reconciled Depreciation": NaN,
        "Reconciled Cost Of Revenue": NaN,
        "EBITDA": NaN,
        "EBIT": NaN,
        "Net Interest Income": NaN,
        "Interest Expense": NaN,
        "Interest Income": NaN,
        "Normalized Income": NaN,
        "Net Income From Continuing And Discontinued Operation": NaN,
        "Total Expenses": NaN,
        "Total Operating Income As Reported": NaN,
        "Diluted Average Shares": NaN,
        "Basic Average Shares": NaN,
        "Diluted EPS": NaN,
        "Basic EPS": NaN,
        "Diluted NI Availto Com Stockholders": NaN,
        "Net Income Common Stockholders": NaN,
        "Net Income": NaN,
        "Minority Interests": NaN,
        "Net Income Including Noncontrolling Interests": NaN,
        "Net Income Discontinuous Operations": NaN,
        "Net Income Continuous Operations": NaN,
        "Tax Provision": NaN,
        "Pretax Income": NaN,
        "Other Income Expense": NaN,
        "Other Non Operating Income Expenses": NaN,
        "Special Income Charges": NaN,
        "Restructuring And Mergern Acquisition": NaN,
        "Gain On Sale Of Security": -11000000.0,
        "Net Non Operating Interest Income Expense": NaN,
        "Total Other Finance Cost": -1000000.0,
        "Interest Expense Non Operating": NaN,
        "Interest Income Non Operating": NaN,
        "Operating Income": NaN,
        "Operating Expense": NaN,
        "Other Operating Expenses": NaN,
        "Research And Development": NaN,
        "Selling General And Administration": NaN,
        "Selling And Marketing Expense": NaN,
        "General And Administrative Expense": NaN,
        "Other Gand A": NaN,
        "Gross Profit": NaN,
        "Cost Of Revenue": NaN,
        "Total Revenue": NaN,
        "Operating Revenue": NaN
    },
    "2023-03-31": {
        "Tax Effect Of Unusual Items": NaN,
        "Tax Rate For Calcs": NaN,
        "Normalized EBITDA": NaN,
        "Total Unusual Items": NaN,
        "Total Unusual Items Excluding Goodwill": NaN,
        "Net Income From Continuing Operation Net Minority Interest": NaN,
        "Reconciled Depreciation": NaN,
        "Reconciled Cost Of Revenue": NaN,
        "EBITDA": NaN,
        "EBIT": NaN,
        "Net Interest Income": NaN,
        "Interest Expense": NaN,
        "Interest Income": NaN,
        "Normalized Income": NaN,
        "Net Income From Continuing And Discontinued Operation": NaN,
        "Total Expenses": NaN,
        "Total Operating Income As Reported": NaN,
        "Diluted Average Shares": NaN,
        "Basic Average Shares": NaN,
        "Diluted EPS": NaN,
        "Basic EPS": NaN,
        "Diluted NI Availto Com Stockholders": NaN,
        "Net Income Common Stockholders": NaN,
        "Net Income": NaN,
        "Minority Interests": NaN,
        "Net Income Including Noncontrolling Interests": NaN,
        "Net Income Discontinuous Operations": NaN,
        "Net Income Continuous Operations": NaN,
        "Tax Provision": NaN,
        "Pretax Income": NaN,
        "Other Income Expense": NaN,
        "Other Non Operating Income Expenses": NaN,
        "Special Income Charges": NaN,
        "Restructuring And Mergern Acquisition": NaN,
        "Gain On Sale Of Security": -133000000.0,
        "Net Non Operating Interest Income Expense": NaN,
        "Total Other Finance Cost": 1000000.0,
        "Interest Expense Non Operating": NaN,
        "Interest Income Non Operating": NaN,
        "Operating Income": NaN,
        "Operating Expense": NaN,
        "Other Operating Expenses": NaN,
        "Research And Development": NaN,
        "Selling General And Administration": NaN,
        "Selling And Marketing Expense": NaN,
        "General And Administrative Expense": NaN,
        "Other Gand A": NaN,
        "Gross Profit": NaN,
        "Cost Of Revenue": NaN,
        "Total Revenue": NaN,
        "Operating Revenue": NaN
    },
    "2022-12-31": {
        "Tax Effect Of Unusual Items": NaN,
        "Tax Rate For Calcs": NaN,
        "Normalized EBITDA": NaN,
        "Total Unusual Items": NaN,
        "Total Unusual Items Excluding Goodwill": NaN,
        "Net Income From Continuing Operation Net Minority Interest": NaN,
        "Reconciled Depreciation": NaN,
        "Reconciled Cost Of Revenue": NaN,
        "EBITDA": NaN,
        "EBIT": NaN,
        "Net Interest Income": NaN,
        "Interest Expense": NaN,
        "Interest Income": NaN,
        "Normalized Income": NaN,
        "Net Income From Continuing And Discontinued Operation": NaN,
        "Total Expenses": NaN,
        "Total Operating Income As Reported": NaN,
        "Diluted Average Shares": NaN,
        "Basic Average Shares": NaN,
        "Diluted EPS": NaN,
        "Basic EPS": NaN,
        "Diluted NI Availto Com Stockholders": NaN,
        "Net Income Common Stockholders": NaN,
        "Net Income": NaN,
        "Minority Interests": NaN,
        "Net Income Including Noncontrolling Interests": NaN,
        "Net Income Discontinuous Operations": NaN,
        "Net Income Continuous Operations": NaN,
        "Tax Provision": NaN,
        "Pretax Income": NaN,
        "Other Income Expense": NaN,
        "Other Non Operating Income Expenses": NaN,
        "Special Income Charges": NaN,
        "Restructuring And Mergern Acquisition": NaN,
        "Gain On Sale Of Security": -959000000.0,
        "Net Non Operating Interest Income Expense": NaN,
        "Total Other Finance Cost": NaN,
        "Interest Expense Non Operating": NaN,
        "Interest Income Non Operating": NaN,
        "Operating Income": NaN,
        "Operating Expense": NaN,
        "Other Operating Expenses": NaN,
        "Research And Development": NaN,
        "Selling General And Administration": NaN,
        "Selling And Marketing Expense": NaN,
        "General And Administrative Expense": NaN,
        "Other Gand A": NaN,
        "Gross Profit": NaN,
        "Cost Of Revenue": NaN,
        "Total Revenue": NaN,
        "Operating Revenue": NaN
    },
    "2022-09-30": {
        "Tax Effect Of Unusual Items": NaN,
        "Tax Rate For Calcs": NaN,
        "Normalized EBITDA": NaN,
        "Total Unusual Items": NaN,
        "Total Unusual Items Excluding Goodwill": NaN,
        "Net Income From Continuing Operation Net Minority Interest": NaN,
        "Reconciled Depreciation": NaN,
        "Reconciled Cost Of Revenue": NaN,
        "EBITDA": NaN,
        "EBIT": NaN,
        "Net Interest Income": NaN,
        "Interest Expense": NaN,
        "Interest Income": NaN,
        "Normalized Income": NaN,
        "Net Income From Continuing And Discontinued Operation": NaN,
        "Total Expenses": NaN,
        "Total Operating Income As Reported": NaN,
        "Diluted Average Shares": NaN,
        "Basic Average Shares": NaN,
        "Diluted EPS": NaN,
        "Basic EPS": NaN,
        "Diluted NI Availto Com Stockholders": NaN,
        "Net Income Common Stockholders": NaN,
        "Net Income": NaN,
        "Minority Interests": NaN,
        "Net Income Including Noncontrolling Interests": NaN,
        "Net Income Discontinuous Operations": -292000000.0,
        "Net Income Continuous Operations": NaN,
        "Tax Provision": NaN,
        "Pretax Income": NaN,
        "Other Income Expense": NaN,
        "Other Non Operating Income Expenses": NaN,
        "Special Income Charges": NaN,
        "Restructuring And Mergern Acquisition": NaN,
        "Gain On Sale Of Security": NaN,
        "Net Non Operating Interest Income Expense": NaN,
        "Total Other Finance Cost": NaN,
        "Interest Expense Non Operating": NaN,
        "Interest Income Non Operating": NaN,
        "Operating Income": NaN,
        "Operating Expense": NaN,
        "Other Operating Expenses": NaN,
        "Research And Development": NaN,
        "Selling General And Administration": NaN,
        "Selling And Marketing Expense": NaN,
        "General And Administrative Expense": NaN,
        "Other Gand A": NaN,
        "Gross Profit": NaN,
        "Cost Of Revenue": NaN,
        "Total Revenue": NaN,
        "Operating Revenue": NaN
    },
    "2022-06-30": {
        "Tax Effect Of Unusual Items": -52000000.0,
        "Tax Rate For Calcs": 0.4,
        "Normalized EBITDA": 1438000000.0,
        "Total Unusual Items": -130000000.0,
        "Total Unusual Items Excluding Goodwill": -130000000.0,
        "Net Income From Continuing Operation Net Minority Interest": 334000000.0,
        "Reconciled Depreciation": 473000000.0,
        "Reconciled Cost Of Revenue": 2199000000.0,
        "EBITDA": 1308000000.0,
        "EBIT": 835000000.0,
        "Net Interest Income": -118000000.0,
        "Interest Expense": 297000000.0,
        "Interest Income": 178000000.0,
        "Normalized Income": 412000000.0,
        "Net Income From Continuing And Discontinued Operation": 334000000.0,
        "Total Expenses": 6715000000.0,
        "Total Operating Income As Reported": 673000000.0,
        "Diluted Average Shares": 1174000000.0,
        "Basic Average Shares": 1171000000.0,
        "Diluted EPS": 0.28,
        "Basic EPS": 0.29,
        "Diluted NI Availto Com Stockholders": 334000000.0,
        "Net Income Common Stockholders": 334000000.0,
        "Net Income": 334000000.0,
        "Minority Interests": 131000000.0,
        "Net Income Including Noncontrolling Interests": 203000000.0,
        "Net Income Discontinuous Operations": NaN,
        "Net Income Continuous Operations": 203000000.0,
        "Tax Provision": 335000000.0,
        "Pretax Income": 538000000.0,
        "Other Income Expense": -147000000.0,
        "Other Non Operating Income Expenses": -17000000.0,
        "Special Income Charges": -130000000.0,
        "Restructuring And Mergern Acquisition": 130000000.0,
        "Net Non Operating Interest Income Expense": -118000000.0,
        "Total Other Finance Cost": -1000000.0,
        "Interest Expense Non Operating": 297000000.0,
        "Interest Income Non Operating": 178000000.0,
        "Operating Income": 802000000.0,
        "Operating Expense": 4516000000.0,
        "Other Operating Expenses": 98000000.0,
        "Research And Development": 1545000000.0,
        "Selling General And Administration": 2873000000.0,
        "Selling And Marketing Expense": 2343000000.0,
        "General And Administrative Expense": 530000000.0,
        "Other Gand A": 530000000.0,
        "Gross Profit": 5318000000.0,
        "Cost Of Revenue": 2199000000.0,
        "Total Revenue": 7516000000.0,
        "Operating Revenue": 7516000000.0
    },
    "2022-03-31": {
        "Diluted EPS": 0.71,
        "Total Revenue": NaN,
        "Gross Profit": NaN,
        "Operating Income": NaN,
        "EBIT": NaN,
        "Net Income": 830
    },
    "2021-12-31": {
        "Diluted EPS": 1.42,
        "Total Revenue": NaN,
        "Gross Profit": NaN,
        "Operating Income": NaN,
        "EBIT": NaN,
        "Net Income": NaN
    },
    "2021-09-30": {
        "Diluted EPS": 1.41,
        "Total Revenue": NaN,
        "Gross Profit": NaN,
        "Operating Income": NaN,
        "EBIT": NaN,
        "Net Income": NaN
    },
    "2021-06-30": {
        "Diluted EPS": 1.39,
        "Total Revenue": NaN,
        "Gross Profit": NaN,
        "Operating Income": NaN,
        "EBIT": NaN,
        "Net Income": NaN
    },
    "2021-03-31": {
        "Diluted EPS": 1.06,
        "Total Revenue": NaN,
        "Gross Profit": NaN,
        "Operating Income": NaN,
        "EBIT": NaN,
        "Net Income": NaN
    },
    "2020-12-31": {
        "Diluted EPS": 1.87,
        "Total Revenue": NaN,
        "Gross Profit": NaN,
        "Operating Income": NaN,
        "EBIT": NaN,
        "Net Income": NaN
    },
    "2020-09-30": {
        "Diluted EPS": 1.54,
        "Total Revenue": NaN,
        "Gross Profit": NaN,
        "Operating Income": NaN,
        "EBIT": NaN,
        "Net Income": NaN
    },
    "2020-06-30": {
        "Diluted EPS": 0.81,
        "Total Revenue": NaN,
        "Gross Profit": NaN,
        "Operating Income": NaN,
        "EBIT": NaN,
        "Net Income": 954
    },
    "2020-03-31": {
        "Diluted EPS": 0.75,
        "Total Revenue": NaN,
        "Gross Profit": NaN,
        "Operating Income": NaN,
        "EBIT": NaN,
        "Net Income": 898
    },
    "2019-12-31": {
        "Diluted EPS": 1.53,
        "Total Revenue": NaN,
        "Gross Profit": NaN,
        "Operating Income": NaN,
        "EBIT": NaN,
        "Net Income": NaN
    },
    "2019-09-30": {
        "Diluted EPS": 1.16,
        "Total Revenue": NaN,
        "Gross Profit": NaN,
        "Operating Income": NaN,
        "EBIT": NaN,
        "Net Income": NaN
    },
    "2019-06-30": {
        "Diluted EPS": 0.54,
        "Total Revenue": NaN,
        "Gross Profit": NaN,
        "Operating Income": 930,
        "EBIT": NaN,
        "Net Income": 640
    },
    "2019-03-31": {
        "Diluted EPS": -0.11,
        "Total Revenue": NaN,
        "Gross Profit": NaN,
        "Operating Income": -153,
        "EBIT": 349,
        "Net Income": -129
    },
    "2018-12-31": {
        "Diluted EPS": 1.65,
        "Total Revenue": NaN,
        "Gross Profit": NaN,
        "Operating Income": NaN,
        "EBIT": NaN,
        "Net Income": NaN
    },
    "2018-09-30": {
        "Diluted EPS": 0.95,
        "Total Revenue": NaN,
        "Gross Profit": NaN,
        "Operating Income": NaN,
        "EBIT": NaN,
        "Net Income": NaN
    },
    "2018-06-30": {
        "Diluted EPS": 0.72,
        "Total Revenue": NaN,
        "Gross Profit": NaN,
        "Operating Income": NaN,
        "EBIT": NaN,
        "Net Income": 857
    },
    "2018-03-31": {
        "Diluted EPS": 0.73,
        "Total Revenue": NaN,
        "Gross Profit": NaN,
        "Operating Income": NaN,
        "EBIT": NaN,
        "Net Income": 870
    },
    "2017-12-31": {
        "Diluted EPS": 1.99,
        "Total Revenue": NaN,
        "Gross Profit": NaN,
        "Operating Income": NaN,
        "EBIT": NaN,
        "Net Income": NaN
    },
    "2017-09-30": {
        "Diluted EPS": 0.96,
        "Total Revenue": NaN,
        "Gross Profit": NaN,
        "Operating Income": NaN,
        "EBIT": NaN,
        "Net Income": NaN
    },
    "2017-06-30": {
        "Diluted EPS": 0.62,
        "Total Revenue": NaN,
        "Gross Profit": NaN,
        "Operating Income": NaN,
        "EBIT": NaN,
        "Net Income": 735
    },
    "2017-03-31": {
        "Diluted EPS": 0.46,
        "Total Revenue": NaN,
        "Gross Profit": NaN,
        "Operating Income": 718,
        "EBIT": NaN,
        "Net Income": 555
    },
    "2016-12-31": {
        "Diluted EPS": 1.23,
        "Total Revenue": NaN,
        "Gross Profit": NaN,
        "Operating Income": NaN,
        "EBIT": NaN,
        "Net Income": NaN
    },
    "2016-09-30": {
        "Diluted EPS": 0.68,
        "Total Revenue": NaN,
        "Gross Profit": NaN,
        "Operating Income": NaN,
        "EBIT": NaN,
        "Net Income": 814
    },
    "2016-06-30": {
        "Diluted EPS": 0.77,
        "Total Revenue": NaN,
        "Gross Profit": NaN,
        "Operating Income": NaN,
        "EBIT": NaN,
        "Net Income": 922
    },
    "2016-03-31": {
        "Diluted EPS": 0.53,
        "Total Revenue": NaN,
        "Gross Profit": NaN,
        "Operating Income": 897,
        "EBIT": NaN,
        "Net Income": 631
    },
    "2015-12-31": {
        "Diluted EPS": 1.18,
        "Total Revenue": NaN,
        "Gross Profit": NaN,
        "Operating Income": NaN,
        "EBIT": NaN,
        "Net Income": NaN
    },
    "2015-09-30": {
        "Diluted EPS": 0.84,
        "Total Revenue": NaN,
        "Gross Profit": NaN,
        "Operating Income": NaN,
        "EBIT": NaN,
        "Net Income": 999
    },
    "2015-06-30": {
        "Diluted EPS": 0.43,
        "Total Revenue": NaN,
        "Gross Profit": NaN,
        "Operating Income": 775,
        "EBIT": NaN,
        "Net Income": 521
    },
    "2015-03-31": {
        "Diluted EPS": 0.4,
        "Total Revenue": NaN,
        "Gross Profit": NaN,
        "Operating Income": 719,
        "EBIT": NaN,
        "Net Income": 467
    },
    "2014-12-31": {
        "Diluted EPS": 1.41,
        "Total Revenue": NaN,
        "Gross Profit": NaN,
        "Operating Income": NaN,
        "EBIT": NaN,
        "Net Income": NaN
    },
    "2014-09-30": {
        "Diluted EPS": 0.97,
        "Total Revenue": NaN,
        "Gross Profit": NaN,
        "Operating Income": NaN,
        "EBIT": NaN,
        "Net Income": NaN
    },
    "2014-06-30": {
        "Diluted EPS": 0.65,
        "Total Revenue": NaN,
        "Gross Profit": NaN,
        "Operating Income": 958,
        "EBIT": NaN,
        "Net Income": 764
    },
    "2014-03-31": {
        "Diluted EPS": 0.62,
        "Total Revenue": NaN,
        "Gross Profit": NaN,
        "Operating Income": 990,
        "EBIT": NaN,
        "Net Income": 732
    },
    "2013-12-31": {
        "Diluted EPS": 1.6,
        "Total Revenue": NaN,
        "Gross Profit": NaN,
        "Operating Income": NaN,
        "EBIT": NaN,
        "Net Income": NaN
    },
    "2013-09-30": {
        "Diluted EPS": 0.85,
        "Total Revenue": NaN,
        "Gross Profit": NaN,
        "Operating Income": NaN,
        "EBIT": NaN,
        "Net Income": NaN
    },
    "2013-06-30": {
        "Diluted EPS": 0.8,
        "Total Revenue": NaN,
        "Gross Profit": NaN,
        "Operating Income": NaN,
        "EBIT": NaN,
        "Net Income": 947
    },
    "2013-03-31": {
        "Diluted EPS": 0.58,
        "Total Revenue": NaN,
        "Gross Profit": NaN,
        "Operating Income": 855,
        "EBIT": NaN,
        "Net Income": 687
    },
    "2012-12-31": {
        "Diluted EPS": 1.28,
        "Total Revenue": NaN,
        "Gross Profit": NaN,
        "Operating Income": NaN,
        "EBIT": NaN,
        "Net Income": NaN
    },
    "2012-09-30": {
        "Diluted EPS": 0.65,
        "Total Revenue": NaN,
        "Gross Profit": NaN,
        "Operating Income": NaN,
        "EBIT": NaN,
        "Net Income": 773
    },
    "2012-06-30": {
        "Diluted EPS": 0.71,
        "Total Revenue": NaN,
        "Gross Profit": NaN,
        "Operating Income": NaN,
        "EBIT": NaN,
        "Net Income": 849
    },
    "2012-03-31": {
        "Diluted EPS": 0.49,
        "Total Revenue": NaN,
        "Gross Profit": NaN,
        "Operating Income": 827,
        "EBIT": NaN,
        "Net Income": 582
    },
    "2011-12-31": {
        "Diluted EPS": 1.31,
        "Total Revenue": NaN,
        "Gross Profit": NaN,
        "Operating Income": NaN,
        "EBIT": NaN,
        "Net Income": NaN
    },
    "2011-09-30": {
        "Diluted EPS": 1.46,
        "Total Revenue": NaN,
        "Gross Profit": NaN,
        "Operating Income": NaN,
        "EBIT": NaN,
        "Net Income": NaN
    },
    "2011-06-30": {
        "Diluted EPS": 0.71,
        "Total Revenue": NaN,
        "Gross Profit": NaN,
        "Operating Income": NaN,
        "EBIT": NaN,
        "Net Income": 851
    },
    "2011-03-31": {
        "Diluted EPS": 0.5,
        "Total Revenue": NaN,
        "Gross Profit": NaN,
        "Operating Income": NaN,
        "EBIT": NaN,
        "Net Income": 592
    },
    "2010-12-31": {
        "Diluted EPS": 0.5,
        "Total Revenue": NaN,
        "Gross Profit": NaN,
        "Operating Income": NaN,
        "EBIT": NaN,
        "Net Income": 596
    },
    "2010-09-30": {
        "Diluted EPS": 0.58,
        "Total Revenue": NaN,
        "Gross Profit": NaN,
        "Operating Income": NaN,
        "EBIT": NaN,
        "Net Income": 697
    },
    "2010-06-30": {
        "Diluted EPS": 0.54,
        "Total Revenue": NaN,
        "Gross Profit": NaN,
        "Operating Income": NaN,
        "EBIT": NaN,
        "Net Income": 636
    },
    "2010-03-31": {
        "Diluted EPS": 0.44,
        "Total Revenue": NaN,
        "Gross Profit": NaN,
        "Operating Income": 631,
        "EBIT": 785,
        "Net Income": 515
    },
    "2009-12-31": {
        "Diluted EPS": 0.86,
        "Total Revenue": NaN,
        "Gross Profit": NaN,
        "Operating Income": NaN,
        "EBIT": NaN,
        "Net Income": NaN
    },
    "2009-09-30": {
        "Diluted EPS": 0.54,
        "Total Revenue": NaN,
        "Gross Profit": NaN,
        "Operating Income": NaN,
        "EBIT": NaN,
        "Net Income": 646
    },
    "2009-06-30": {
        "Diluted EPS": 0.51,
        "Total Revenue": NaN,
        "Gross Profit": NaN,
        "Operating Income": NaN,
        "EBIT": NaN,
        "Net Income": 600
    },
    "2009-03-31": {
        "Diluted EPS": 0.23,
        "Total Revenue": NaN,
        "Gross Profit": NaN,
        "Operating Income": 425,
        "EBIT": 589,
        "Net Income": 266
    },
    "2023-09-30": {
        "Tax Effect Of Unusual Items": NaN,
        "Tax Rate For Calcs": NaN,
        "Normalized EBITDA": NaN,
        "Total Unusual Items": NaN,
        "Total Unusual Items Excluding Goodwill": NaN,
        "Net Income From Continuing Operation Net Minority Interest": NaN,
        "Reconciled Depreciation": NaN,
        "Reconciled Cost Of Revenue": NaN,
        "EBITDA": NaN,
        "EBIT": NaN,
        "Net Interest Income": NaN,
        "Interest Expense": NaN,
        "Interest Income": NaN,
        "Normalized Income": NaN,
        "Net Income From Continuing And Discontinued Operation": NaN,
        "Total Expenses": NaN,
        "Total Operating Income As Reported": NaN,
        "Diluted Average Shares": NaN,
        "Basic Average Shares": NaN,
        "Diluted EPS": NaN,
        "Basic EPS": NaN,
        "Diluted NI Availto Com Stockholders": NaN,
        "Net Income Common Stockholders": NaN,
        "Net Income": NaN,
        "Minority Interests": NaN,
        "Net Income Including Noncontrolling Interests": NaN,
        "Net Income Discontinuous Operations": 0.0,
        "Net Income Continuous Operations": NaN,
        "Tax Provision": NaN,
        "Pretax Income": NaN,
        "Other Income Expense": NaN,
        "Other Non Operating Income Expenses": NaN,
        "Special Income Charges": NaN,
        "Restructuring And Mergern Acquisition": NaN,
        "Gain On Sale Of Security": -103000000.0,
        "Net Non Operating Interest Income Expense": NaN,
        "Total Other Finance Cost": NaN,
        "Interest Expense Non Operating": NaN,
        "Interest Income Non Operating": NaN,
        "Operating Income": NaN,
        "Operating Expense": NaN,
        "Other Operating Expenses": NaN,
        "Research And Development": NaN,
        "Selling General And Administration": NaN,
        "Selling And Marketing Expense": NaN,
        "General And Administrative Expense": NaN,
        "Other Gand A": NaN,
        "Gross Profit": NaN,
        "Cost Of Revenue": NaN,
        "Total Revenue": NaN,
        "Operating Revenue": NaN
    },
    "2023-12-31": {
        "Tax Effect Of Unusual Items": 79449419.568823,
        "Tax Rate For Calcs": 0.33665,
        "Normalized EBITDA": 2086000000.0,
        "Total Unusual Items": 236000000.0,
        "Total Unusual Items Excluding Goodwill": 236000000.0,
        "Net Income From Continuing Operation Net Minority Interest": 1222000000.0,
        "Reconciled Depreciation": 331000000.0,
        "Reconciled Cost Of Revenue": 2265000000.0,
        "EBITDA": 2322000000.0,
        "EBIT": 1991000000.0,
        "Net Interest Income": -278000000.0,
        "Interest Expense": 182000000.0,
        "Interest Income": -96000000.0,
        "Normalized Income": 1065449419.568823,
        "Net Income From Continuing And Discontinued Operation": 1313000000.0,
        "Total Expenses": 6573000000.0,
        "Total Operating Income As Reported": 1902000000.0,
        "Diluted Average Shares": 1178000000.0,
        "Basic Average Shares": 1166000000.0,
        "Diluted EPS": 1.01,
        "Basic EPS": 1.02,
        "Diluted NI Availto Com Stockholders": 1313000000.0,
        "Net Income Common Stockholders": 1313000000.0,
        "Net Income": 1313000000.0,
        "Minority Interests": 20000000.0,
        "Net Income Including Noncontrolling Interests": 1292000000.0,
        "Net Income Discontinuous Operations": 91000000.0,
        "Net Income Continuous Operations": 1201000000.0,
        "Tax Provision": 609000000.0,
        "Pretax Income": 1809000000.0,
        "Other Income Expense": 191000000.0,
        "Other Non Operating Income Expenses": -45000000.0,
        "Special Income Charges": 6000000.0,
        "Restructuring And Mergern Acquisition": -6000000.0,
        "Gain On Sale Of Security": 230000000.0,
        "Net Non Operating Interest Income Expense": -278000000.0,
        "Total Other Finance Cost": NaN,
        "Interest Expense Non Operating": 182000000.0,
        "Interest Income Non Operating": -96000000.0,
        "Operating Income": 1896000000.0,
        "Operating Expense": 4308000000.0,
        "Other Operating Expenses": 4000000.0,
        "Research And Development": 1671000000.0,
        "Selling General And Administration": 2633000000.0,
        "Selling And Marketing Expense": 2266000000.0,
        "General And Administrative Expense": 367000000.0,
        "Other Gand A": 367000000.0,
        "Gross Profit": 6204000000.0,
        "Cost Of Revenue": 2265000000.0,
        "Total Revenue": 8468000000.0,
        "Operating Revenue": 8468000000.0
    },
    "2024-03-31": {
        "Tax Effect Of Unusual Items": -358720000.0,
        "Tax Rate For Calcs": 0.16,
        "Normalized EBITDA": 1819000000.0,
        "Total Unusual Items": -2242000000.0,
        "Total Unusual Items Excluding Goodwill": -2242000000.0,
        "Net Income From Continuing Operation Net Minority Interest": -828000000.0,
        "Reconciled Depreciation": 313000000.0,
        "Reconciled Cost Of Revenue": 2279000000.0,
        "EBITDA": -423000000.0,
        "EBIT": -736000000.0,
        "Net Interest Income": -45000000.0,
        "Interest Expense": 244000000.0,
        "Interest Income": 199000000.0,
        "Normalized Income": 1055280000.0,
        "Net Income From Continuing And Discontinued Operation": -828000000.0,
        "Total Expenses": 6586000000.0,
        "Total Operating Income As Reported": 787000000.0,
        "Diluted Average Shares": 1179000000.0,
        "Basic Average Shares": 1167000000.0,
        "Diluted EPS": -0.71,
        "Basic EPS": -0.71,
        "Diluted NI Availto Com Stockholders": -828000000.0,
        "Net Income Common Stockholders": -828000000.0,
        "Net Income": -828000000.0,
        "Minority Interests": -4000000.0,
        "Net Income Including Noncontrolling Interests": -824000000.0,
        "Net Income Discontinuous Operations": NaN,
        "Net Income Continuous Operations": -824000000.0,
        "Tax Provision": -157000000.0,
        "Pretax Income": -980000000.0,
        "Other Income Expense": -2390000000.0,
        "Other Non Operating Income Expenses": -148000000.0,
        "Special Income Charges": -2242000000.0,
        "Restructuring And Mergern Acquisition": 2242000000.0,
        "Gain On Sale Of Security": NaN,
        "Net Non Operating Interest Income Expense": -45000000.0,
        "Total Other Finance Cost": NaN,
        "Interest Expense Non Operating": 244000000.0,
        "Interest Income Non Operating": 199000000.0,
        "Operating Income": 1455000000.0,
        "Operating Expense": 4307000000.0,
        "Other Operating Expenses": 4000000.0,
        "Research And Development": 1665000000.0,
        "Selling General And Administration": 2638000000.0,
        "Selling And Marketing Expense": 2278000000.0,
        "General And Administrative Expense": 360000000.0,
        "Other Gand A": 360000000.0,
        "Gross Profit": 5762000000.0,
        "Cost Of Revenue": 2279000000.0,
        "Total Revenue": 8041000000.0,
        "Operating Revenue": 8041000000.0
    },
    "2024-06-30": {
        "Tax Effect Of Unusual Items": -213278000.0,
        "Tax Rate For Calcs": 0.338,
        "Normalized EBITDA": 2573000000.0,
        "Total Unusual Items": -631000000.0,
        "Total Unusual Items Excluding Goodwill": -631000000.0,
        "Net Income From Continuing Operation Net Minority Interest": 888000000.0,
        "Reconciled Depreciation": 313000000.0,
        "Reconciled Cost Of Revenue": 2272000000.0,
        "EBITDA": 1942000000.0,
        "EBIT": 1629000000.0,
        "Net Interest Income": 170000000.0,
        "Interest Expense": 242000000.0,
        "Interest Income": 412000000.0,
        "Normalized Income": 1305722000.0,
        "Net Income From Continuing And Discontinued Operation": 888000000.0,
        "Total Expenses": 6435000000.0,
        "Total Operating Income As Reported": 1222000000.0,
        "Diluted Average Shares": 1169000000.0,
        "Basic Average Shares": 1166000000.0,
        "Diluted EPS": 0.75,
        "Basic EPS": 0.76,
        "Diluted NI Availto Com Stockholders": 888000000.0,
        "Net Income Common Stockholders": 888000000.0,
        "Net Income": 888000000.0,
        "Minority Interests": -30000000.0,
        "Net Income Including Noncontrolling Interests": 918000000.0,
        "Net Income Discontinuous Operations": 0.0,
        "Net Income Continuous Operations": 918000000.0,
        "Tax Provision": 469000000.0,
        "Pretax Income": 1387000000.0,
        "Other Income Expense": -636000000.0,
        "Other Non Operating Income Expenses": -5000000.0,
        "Special Income Charges": -631000000.0,
        "Restructuring And Mergern Acquisition": 631000000.0,
        "Gain On Sale Of Security": NaN,
        "Net Non Operating Interest Income Expense": 170000000.0,
        "Total Other Finance Cost": NaN,
        "Interest Expense Non Operating": 242000000.0,
        "Interest Income Non Operating": 412000000.0,
        "Operating Income": 1854000000.0,
        "Operating Expense": 4163000000.0,
        "Other Operating Expenses": 5000000.0,
        "Research And Development": 1605000000.0,
        "Selling General And Administration": 2553000000.0,
        "Selling And Marketing Expense": 2217000000.0,
        "General And Administrative Expense": 336000000.0,
        "Other Gand A": 336000000.0,
        "Gross Profit": 6017000000.0,
        "Cost Of Revenue": 2272000000.0,
        "Total Revenue": 8289000000.0,
        "Operating Revenue": 8289000000.0
    },
    "2024-09-30": {
        "Tax Effect Of Unusual Items": 17160000.0,
        "Tax Rate For Calcs": 0.33,
        "Normalized EBITDA": 2657000000.0,
        "Total Unusual Items": 52000000.0,
        "Total Unusual Items Excluding Goodwill": 52000000.0,
        "Net Income From Continuing Operation Net Minority Interest": 1463000000.0,
        "Reconciled Depreciation": 317000000.0,
        "Reconciled Cost Of Revenue": 2258000000.0,
        "EBITDA": 2709000000.0,
        "EBIT": 2392000000.0,
        "Net Interest Income": -1000000.0,
        "Interest Expense": 241000000.0,
        "Interest Income": 240000000.0,
        "Normalized Income": 1428160000.0,
        "Net Income From Continuing And Discontinued Operation": 1463000000.0,
        "Total Expenses": 6307000000.0,
        "Total Operating Income As Reported": 2214000000.0,
        "Diluted Average Shares": 1168000000.0,
        "Basic Average Shares": 1166000000.0,
        "Diluted EPS": 1.24,
        "Basic EPS": 1.25,
        "Diluted NI Availto Com Stockholders": 1463000000.0,
        "Net Income Common Stockholders": 1463000000.0,
        "Net Income": 1463000000.0,
        "Minority Interests": 23000000.0,
        "Net Income Including Noncontrolling Interests": 1441000000.0,
        "Net Income Discontinuous Operations": 0.0,
        "Net Income Continuous Operations": 1441000000.0,
        "Tax Provision": 710000000.0,
        "Pretax Income": 2151000000.0,
        "Other Income Expense": -10000000.0,
        "Other Non Operating Income Expenses": -62000000.0,
        "Special Income Charges": 52000000.0,
        "Restructuring And Mergern Acquisition": -52000000.0,
        "Gain On Sale Of Security": NaN,
        "Net Non Operating Interest Income Expense": -1000000.0,
        "Total Other Finance Cost": NaN,
        "Interest Expense Non Operating": 241000000.0,
        "Interest Income Non Operating": 240000000.0,
        "Operating Income": 2163000000.0,
        "Operating Expense": 4049000000.0,
        "Other Operating Expenses": 22000000.0,
        "Research And Development": 1568000000.0,
        "Selling General And Administration": 2459000000.0,
        "Selling And Marketing Expense": 2098000000.0,
        "General And Administrative Expense": 361000000.0,
        "Other Gand A": 361000000.0,
        "Gross Profit": 6212000000.0,
        "Cost Of Revenue": 2258000000.0,
        "Total Revenue": 8470000000.0,
        "Operating Revenue": 8470000000.0
    },
    "2024-12-31": {
        "Tax Effect Of Unusual Items": 10711372.904395,
        "Tax Rate For Calcs": 0.267784,
        "Normalized EBITDA": 2205000000.0,
        "Total Unusual Items": 40000000.0,
        "Total Unusual Items Excluding Goodwill": 40000000.0,
        "Net Income From Continuing Operation Net Minority Interest": 1601000000.0,
        "Reconciled Depreciation": 337000000.0,
        "Reconciled Cost Of Revenue": 2435000000.0,
        "EBITDA": 2245000000.0,
        "EBIT": 1908000000.0,
        "Net Interest Income": -353000000.0,
        "Interest Expense": -299000000.0,
        "Interest Income": -411000000.0,
        "Normalized Income": 1571711372.904395,
        "Net Income From Continuing And Discontinued Operation": 1601000000.0,
        "Total Expenses": 7038000000.0,
        "Total Operating Income As Reported": 2017000000.0,
        "Diluted Average Shares": 1176000000.0,
        "Basic Average Shares": 1165000000.0,
        "Diluted EPS": 1.36,
        "Basic EPS": 1.37,
        "Diluted NI Availto Com Stockholders": 1601000000.0,
        "Net Income Common Stockholders": 1601000000.0,
        "Net Income": 1601000000.0,
        "Minority Interests": -15000000.0,
        "Net Income Including Noncontrolling Interests": 1616000000.0,
        "Net Income Discontinuous Operations": 0.0,
        "Net Income Continuous Operations": 1616000000.0,
        "Tax Provision": 591000000.0,
        "Pretax Income": 2207000000.0,
        "Other Income Expense": 221000000.0,
        "Other Non Operating Income Expenses": 181000000.0,
        "Special Income Charges": -341000000.0,
        "Restructuring And Mergern Acquisition": 323000000.0,
        "Gain On Sale Of Security": NaN,
        "Net Non Operating Interest Income Expense": -353000000.0,
        "Total Other Finance Cost": NaN,
        "Interest Expense Non Operating": -299000000.0,
        "Interest Income Non Operating": -411000000.0,
        "Operating Income": 2339000000.0,
        "Operating Expense": 4603000000.0,
        "Other Operating Expenses": 54000000.0,
        "Research And Development": 1675000000.0,
        "Selling General And Administration": 2874000000.0,
        "Selling And Marketing Expense": 2496000000.0,
        "General And Administrative Expense": 378000000.0,
        "Other Gand A": 378000000.0,
        "Gross Profit": 6942000000.0,
        "Cost Of Revenue": 2435000000.0,
        "Total Revenue": 9377000000.0,
        "Operating Revenue": 9377000000.0
    }
}