{
    "2023-03-31": {
        "Tax Effect Of Unusual Items": 0.0,
        "Tax Rate For Calcs": 0.0,
        "Normalized EBITDA": -1717834.0,
        "Total Unusual Items": -2503.0,
        "Total Unusual Items Excluding Goodwill": -2503.0,
        "Net Income From Continuing Operation Net Minority Interest": -1751699.0,
        "Reconciled Depreciation": 28127.0,
        "Reconciled Cost Of Revenue": 63664.0,
        "EBITDA": -1720337.0,
        "EBIT": -1748464.0,
        "Net Interest Income": -3227.0,
        "Interest Expense": 3235.0,
        "Interest Income": 8.0,
        "Normalized Income": -1749196.0,
        "Net Income From Continuing And Discontinued Operation": -1751699.0,
        "Total Expenses": 1911808.0,
        "Total Operating Income As Reported": -1781649.0,
        "Diluted Average Shares": 534533.0,
        "Basic Average Shares": 534533.0,
        "Diluted EPS": -3.4,
        "Basic EPS": -3.4,
        "Diluted NI Availto Com Stockholders": -1763447.0,
        "Net Income Common Stockholders": -1763447.0,
        "Preferred Stock Dividends": 11748.0,
        "Net Income": -1751699.0,
        "Net Income Including Noncontrolling Interests": -1751699.0,
        "Net Income Continuous Operations": -1751699.0,
        "Tax Provision": 0.0,
        "Pretax Income": -1751699.0,
        "Other Income Expense": 33177.0,
        "Other Non Operating Income Expenses": 35680.0,
        "Gain On Sale Of Security": -2503.0,
        "Net Non Operating Interest Income Expense": -3227.0,
        "Interest Expense Non Operating": 3235.0,
        "Interest Income Non Operating": 8.0,
        "Operating Income": -1781649.0,
        "Operating Expense": 1848144.0,
        "Other Operating Expenses": 143178.0,
        "Depreciation Amortization Depletion Income Statement": 28127.0,
        "Depreciation And Amortization In Income Statement": 28127.0,
        "Research And Development": 126712.0,
        "Selling General And Administration": 1550127.0,
        "Selling And Marketing Expense": 54944.0,
        "General And Administrative Expense": 1495183.0,
        "Other Gand A": 338750.0,
        "Salaries And Wages": 1156433.0,
        "Gross Profit": 66495.0,
        "Cost Of Revenue": 63664.0,
        "Total Revenue": 130159.0,
        "Operating Revenue": 130159.0
    },
    "2022-12-31": {
        "Tax Effect Of Unusual Items": 0.0,
        "Tax Rate For Calcs": 0.0,
        "Normalized EBITDA": -1916468.0,
        "Total Unusual Items": 760.0,
        "Total Unusual Items Excluding Goodwill": 760.0,
        "Net Income From Continuing Operation Net Minority Interest": -1945551.0,
        "Reconciled Depreciation": 27865.0,
        "Reconciled Cost Of Revenue": 37051.0,
        "EBITDA": -1915708.0,
        "EBIT": -1943573.0,
        "Net Interest Income": -1516.0,
        "Interest Expense": 1978.0,
        "Interest Income": 462.0,
        "Normalized Income": -1946311.0,
        "Net Income From Continuing And Discontinued Operation": -1945551.0,
        "Total Expenses": 2098474.0,
        "Total Operating Income As Reported": -1944795.0,
        "Diluted Average Shares": NaN,
        "Basic Average Shares": NaN,
        "Diluted EPS": NaN,
        "Basic EPS": NaN,
        "Diluted NI Availto Com Stockholders": -1959771.0,
        "Net Income Common Stockholders": -1959771.0,
        "Preferred Stock Dividends": 14220.0,
        "Net Income": -1945551.0,
        "Net Income Including Noncontrolling Interests": -1945551.0,
        "Net Income Continuous Operations": -1945551.0,
        "Tax Provision": 0.0,
        "Pretax Income": -1945551.0,
        "Other Income Expense": 760.0,
        "Other Non Operating Income Expenses": NaN,
        "Gain On Sale Of Security": 760.0,
        "Net Non Operating Interest Income Expense": -1516.0,
        "Interest Expense Non Operating": 1978.0,
        "Interest Income Non Operating": 462.0,
        "Operating Income": -1944795.0,
        "Operating Expense": 2061423.0,
        "Other Operating Expenses": 139886.0,
        "Depreciation Amortization Depletion Income Statement": 27865.0,
        "Depreciation And Amortization In Income Statement": 27865.0,
        "Research And Development": 210646.0,
        "Selling General And Administration": 1683026.0,
        "Selling And Marketing Expense": 129187.0,
        "General And Administrative Expense": 1553839.0,
        "Other Gand A": 338617.0,
        "Salaries And Wages": 1215222.0,
        "Gross Profit": 116628.0,
        "Cost Of Revenue": 37051.0,
        "Total Revenue": 153679.0,
        "Operating Revenue": 153679.0
    },
    "2022-09-30": {
        "Tax Effect Of Unusual Items": 0.0,
        "Tax Rate For Calcs": 0.0,
        "Normalized EBITDA": -2257289.0,
        "Total Unusual Items": -6184.0,
        "Total Unusual Items Excluding Goodwill": -6184.0,
        "Net Income From Continuing Operation Net Minority Interest": -2292308.0,
        "Reconciled Depreciation": 26857.0,
        "Reconciled Cost Of Revenue": 79713.0,
        "EBITDA": -2263473.0,
        "EBIT": -2290330.0,
        "Net Interest Income": -1700.0,
        "Interest Expense": 1978.0,
        "Interest Income": 278.0,
        "Normalized Income": -2286124.0,
        "Net Income From Continuing And Discontinued Operation": -2292308.0,
        "Total Expenses": 2472669.0,
        "Total Operating Income As Reported": -2284424.0,
        "Diluted Average Shares": 524940.0,
        "Basic Average Shares": 524940.0,
        "Diluted EPS": -4.39,
        "Basic EPS": -4.39,
        "Diluted NI Availto Com Stockholders": -2306528.0,
        "Net Income Common Stockholders": -2306528.0,
        "Preferred Stock Dividends": 14220.0,
        "Net Income": -2292308.0,
        "Net Income Including Noncontrolling Interests": -2292308.0,
        "Net Income Continuous Operations": -2292308.0,
        "Tax Provision": 0.0,
        "Pretax Income": -2292308.0,
        "Other Income Expense": -6184.0,
        "Other Non Operating Income Expenses": NaN,
        "Gain On Sale Of Security": -6184.0,
        "Net Non Operating Interest Income Expense": -1700.0,
        "Interest Expense Non Operating": 1978.0,
        "Interest Income Non Operating": 278.0,
        "Operating Income": -2284424.0,
        "Operating Expense": 2392956.0,
        "Other Operating Expenses": 227305.0,
        "Depreciation Amortization Depletion Income Statement": 26857.0,
        "Depreciation And Amortization In Income Statement": 26857.0,
        "Research And Development": 152245.0,
        "Selling General And Administration": 1986549.0,
        "Selling And Marketing Expense": 46832.0,
        "General And Administrative Expense": 1939717.0,
        "Other Gand A": 436494.0,
        "Salaries And Wages": 1503223.0,
        "Gross Profit": 108532.0,
        "Cost Of Revenue": 79713.0,
        "Total Revenue": 188245.0,
        "Operating Revenue": 188245.0
    },
    "2022-06-30": {
        "Tax Effect Of Unusual Items": 0.0,
        "Tax Rate For Calcs": 0.0,
        "Normalized EBITDA": -2204803.0,
        "Total Unusual Items": -10436.0,
        "Total Unusual Items Excluding Goodwill": -10436.0,
        "Net Income From Continuing Operation Net Minority Interest": -2247170.0,
        "Reconciled Depreciation": 29861.0,
        "Reconciled Cost Of Revenue": 193075.0,
        "EBITDA": -2215239.0,
        "EBIT": -2245100.0,
        "Net Interest Income": -894.0,
        "Interest Expense": 2070.0,
        "Interest Income": 1176.0,
        "Normalized Income": -2236734.0,
        "Net Income From Continuing And Discontinued Operation": -2247170.0,
        "Total Expenses": 2472500.0,
        "Total Operating Income As Reported": -2235840.0,
        "Diluted Average Shares": 10498802.0,
        "Basic Average Shares": 10498802.0,
        "Diluted EPS": -0.22,
        "Basic EPS": -0.22,
        "Diluted NI Availto Com Stockholders": -2261390.0,
        "Net Income Common Stockholders": -2261390.0,
        "Preferred Stock Dividends": 14220.0,
        "Net Income": -2247170.0,
        "Net Income Including Noncontrolling Interests": -2247170.0,
        "Net Income Continuous Operations": -2247170.0,
        "Tax Provision": 0.0,
        "Pretax Income": -2247170.0,
        "Other Income Expense": -10436.0,
        "Other Non Operating Income Expenses": NaN,
        "Gain On Sale Of Security": -10436.0,
        "Net Non Operating Interest Income Expense": -894.0,
        "Interest Expense Non Operating": 2070.0,
        "Interest Income Non Operating": 1176.0,
        "Operating Income": -2235840.0,
        "Operating Expense": 2279425.0,
        "Other Operating Expenses": 149994.0,
        "Depreciation Amortization Depletion Income Statement": 29861.0,
        "Depreciation And Amortization In Income Statement": 29861.0,
        "Research And Development": 146885.0,
        "Selling General And Administration": 1952685.0,
        "Selling And Marketing Expense": 152300.0,
        "General And Administrative Expense": 1800385.0,
        "Other Gand A": 448128.0,
        "Salaries And Wages": 1352257.0,
        "Gross Profit": 43585.0,
        "Cost Of Revenue": 193075.0,
        "Total Revenue": 236660.0,
        "Operating Revenue": 236660.0
    },
    "2022-03-31": {
        "Diluted EPS": -0.21,
        "Total Revenue": 0,
        "Gross Profit": 0,
        "Operating Income": -2,
        "EBIT": -2,
        "Net Income": -2
    },
    "2021-12-31": {
        "Diluted EPS": -0.25,
        "Total Revenue": 0,
        "Gross Profit": 0,
        "Operating Income": -2,
        "EBIT": -2,
        "Net Income": -2
    },
    "2021-09-30": {
        "Diluted EPS": -0.24,
        "Total Revenue": 1,
        "Gross Profit": 1,
        "Operating Income": -2,
        "EBIT": -2,
        "Net Income": -3
    },
    "2021-06-30": {
        "Diluted EPS": -0.18,
        "Total Revenue": 0,
        "Gross Profit": 0,
        "Operating Income": -2,
        "EBIT": -2,
        "Net Income": -2
    },
    "2021-03-31": {
        "Diluted EPS": -0.09,
        "Total Revenue": 0,
        "Gross Profit": 0,
        "Operating Income": -1,
        "EBIT": -1,
        "Net Income": -1
    },
    "2020-12-31": {
        "Diluted EPS": 0.38,
        "Total Revenue": 0,
        "Gross Profit": 0,
        "Operating Income": -1,
        "EBIT": -1,
        "Net Income": -2
    },
    "2020-09-30": {
        "Diluted EPS": -0.42,
        "Total Revenue": 0,
        "Gross Profit": 0,
        "Operating Income": -1,
        "EBIT": -1,
        "Net Income": -2
    },
    "2020-06-30": {
        "Diluted EPS": -0.49,
        "Total Revenue": 0,
        "Gross Profit": 0,
        "Operating Income": -1,
        "EBIT": -1,
        "Net Income": -2
    },
    "2020-03-31": {
        "Diluted EPS": -1.3,
        "Total Revenue": 0,
        "Gross Profit": 0,
        "Operating Income": -2,
        "EBIT": -2,
        "Net Income": -2
    },
    "2019-12-31": {
        "Diluted EPS": -1.07,
        "Total Revenue": 0,
        "Gross Profit": 0,
        "Operating Income": -2,
        "EBIT": -2,
        "Net Income": -2
    },
    "2019-09-30": {
        "Diluted EPS": -1.2,
        "Total Revenue": 0,
        "Gross Profit": 0,
        "Operating Income": -2,
        "EBIT": -2,
        "Net Income": -2
    },
    "2019-06-30": {
        "Diluted EPS": -1.5,
        "Total Revenue": 0,
        "Gross Profit": 0,
        "Operating Income": -2,
        "EBIT": -2,
        "Net Income": -2
    },
    "2019-03-31": {
        "Diluted EPS": -1.6,
        "Total Revenue": 0,
        "Gross Profit": 0,
        "Operating Income": -2,
        "EBIT": -1,
        "Net Income": -1
    },
    "2018-12-31": {
        "Diluted EPS": -1.7,
        "Total Revenue": 0,
        "Gross Profit": 0,
        "Operating Income": -2,
        "EBIT": -2,
        "Net Income": -2
    },
    "2018-09-30": {
        "Diluted EPS": -1.6,
        "Total Revenue": 0,
        "Gross Profit": 0,
        "Operating Income": -1,
        "EBIT": -1,
        "Net Income": -1
    },
    "2018-06-30": {
        "Diluted EPS": -2.5,
        "Total Revenue": 0,
        "Gross Profit": 0,
        "Operating Income": -1,
        "EBIT": -1,
        "Net Income": -1
    },
    "2018-03-31": {
        "Diluted EPS": -2.3,
        "Total Revenue": 0,
        "Gross Profit": 0,
        "Operating Income": -1,
        "EBIT": -1,
        "Net Income": -1
    },
    "2017-12-31": {
        "Diluted EPS": -2.8,
        "Total Revenue": 0,
        "Gross Profit": 0,
        "Operating Income": -1,
        "EBIT": 0,
        "Net Income": -1
    },
    "2017-09-30": {
        "Diluted EPS": -2.4,
        "Total Revenue": 0,
        "Gross Profit": 0,
        "Operating Income": -1,
        "EBIT": -1,
        "Net Income": -1
    },
    "2017-06-30": {
        "Diluted EPS": -2.2,
        "Total Revenue": 0,
        "Gross Profit": 0,
        "Operating Income": -1,
        "EBIT": -1,
        "Net Income": -1
    },
    "2017-03-31": {
        "Diluted EPS": -2.6,
        "Total Revenue": 0,
        "Gross Profit": 0,
        "Operating Income": -1,
        "EBIT": -1,
        "Net Income": -1
    },
    "2016-12-31": {
        "Diluted EPS": -1.5,
        "Total Revenue": 0,
        "Gross Profit": 0,
        "Operating Income": -1,
        "EBIT": 0,
        "Net Income": 0
    },
    "2016-09-30": {
        "Diluted EPS": -2.3,
        "Total Revenue": 0,
        "Gross Profit": 0,
        "Operating Income": -1,
        "EBIT": -1,
        "Net Income": -1
    },
    "2016-06-30": {
        "Diluted EPS": -2.4,
        "Total Revenue": 0,
        "Gross Profit": 0,
        "Operating Income": -1,
        "EBIT": -1,
        "Net Income": -1
    },
    "2016-03-31": {
        "Diluted EPS": -0.8,
        "Total Revenue": 0,
        "Gross Profit": 0,
        "Operating Income": 0,
        "EBIT": 0,
        "Net Income": 0
    },
    "2015-12-31": {
        "Diluted EPS": -1.0,
        "Total Revenue": 1,
        "Gross Profit": 1,
        "Operating Income": 0,
        "EBIT": 0,
        "Net Income": 0
    },
    "2015-09-30": {
        "Diluted EPS": -1.8,
        "Total Revenue": 0,
        "Gross Profit": 0,
        "Operating Income": -1,
        "EBIT": -1,
        "Net Income": -1
    },
    "2015-06-30": {
        "Diluted EPS": -1.4,
        "Total Revenue": 0,
        "Gross Profit": 0,
        "Operating Income": 0,
        "EBIT": 0,
        "Net Income": 0
    },
    "2015-03-31": {
        "Diluted EPS": -1.2,
        "Total Revenue": 0,
        "Gross Profit": 0,
        "Operating Income": 0,
        "EBIT": 0,
        "Net Income": 0
    },
    "2014-12-31": {
        "Diluted EPS": 0.0,
        "Total Revenue": 0,
        "Gross Profit": 0,
        "Operating Income": 0,
        "EBIT": 0,
        "Net Income": 0
    },
    "2014-09-30": {
        "Diluted EPS": 0.0,
        "Total Revenue": 0,
        "Gross Profit": 0,
        "Operating Income": -1,
        "EBIT": -1,
        "Net Income": -1
    },
    "2014-06-30": {
        "Diluted EPS": 0.0,
        "Total Revenue": 0,
        "Gross Profit": 0,
        "Operating Income": -2,
        "EBIT": -2,
        "Net Income": -2
    },
    "2014-03-31": {
        "Diluted EPS": 0.0,
        "Total Revenue": 0,
        "Gross Profit": 0,
        "Operating Income": 0,
        "EBIT": 0,
        "Net Income": 0
    },
    "2013-12-31": {
        "Diluted EPS": 0.0,
        "Total Revenue": 0,
        "Gross Profit": 0,
        "Operating Income": 0,
        "EBIT": 0,
        "Net Income": 0
    },
    "2013-09-30": {
        "Diluted EPS": 0.0,
        "Total Revenue": 0,
        "Gross Profit": 0,
        "Operating Income": 0,
        "EBIT": 0,
        "Net Income": 0
    },
    "2013-06-30": {
        "Diluted EPS": 0.0,
        "Total Revenue": 0,
        "Gross Profit": 0,
        "Operating Income": 0,
        "EBIT": 0,
        "Net Income": 0
    },
    "2013-03-31": {
        "Diluted EPS": 0.0,
        "Total Revenue": 0,
        "Gross Profit": 0,
        "Operating Income": 0,
        "EBIT": 0,
        "Net Income": 0
    },
    "2012-12-31": {
        "Diluted EPS": 0.0,
        "Total Revenue": 0,
        "Gross Profit": 0,
        "Operating Income": 0,
        "EBIT": 0,
        "Net Income": 0
    },
    "2012-09-30": {
        "Diluted EPS": 0.0,
        "Total Revenue": 0,
        "Gross Profit": 0,
        "Operating Income": 0,
        "EBIT": 0,
        "Net Income": 0
    },
    "2012-06-30": {
        "Diluted EPS": 0.0,
        "Total Revenue": 0,
        "Gross Profit": 0,
        "Operating Income": 0,
        "EBIT": 0,
        "Net Income": 0
    },
    "2012-03-31": {
        "Diluted EPS": 0.0,
        "Total Revenue": 0,
        "Gross Profit": 0,
        "Operating Income": 0,
        "EBIT": 0,
        "Net Income": 0
    },
    "2011-12-31": {
        "Diluted EPS": 0.0,
        "Total Revenue": 0,
        "Gross Profit": 0,
        "Operating Income": 0,
        "EBIT": 0,
        "Net Income": 0
    },
    "2011-09-30": {
        "Diluted EPS": 0.0,
        "Total Revenue": 0,
        "Gross Profit": 0,
        "Operating Income": 0,
        "EBIT": 0,
        "Net Income": 0
    },
    "2011-06-30": {
        "Diluted EPS": 0.0,
        "Total Revenue": 0,
        "Gross Profit": 0,
        "Operating Income": 0,
        "EBIT": 0,
        "Net Income": 0
    },
    "2011-03-31": {
        "Diluted EPS": 0.0,
        "Total Revenue": 0,
        "Gross Profit": 0,
        "Operating Income": 0,
        "EBIT": 0,
        "Net Income": 0
    },
    "2010-12-31": {
        "Diluted EPS": 20.0,
        "Total Revenue": 0,
        "Gross Profit": 0,
        "Operating Income": 0,
        "EBIT": 0,
        "Net Income": 0
    },
    "2010-09-30": {
        "Diluted EPS": 0.0,
        "Total Revenue": 0,
        "Gross Profit": 0,
        "Operating Income": 0,
        "EBIT": 0,
        "Net Income": 0
    },
    "2010-06-30": {
        "Diluted EPS": -20.0,
        "Total Revenue": 0,
        "Gross Profit": 0,
        "Operating Income": 0,
        "EBIT": 0,
        "Net Income": 0
    },
    "2010-03-31": {
        "Diluted EPS": 0.0,
        "Total Revenue": NaN,
        "Gross Profit": NaN,
        "Operating Income": 0,
        "EBIT": 0,
        "Net Income": 0
    },
    "2009-12-31": {
        "Diluted EPS": -8.54,
        "Total Revenue": NaN,
        "Gross Profit": NaN,
        "Operating Income": 0,
        "EBIT": 0,
        "Net Income": 0
    },
    "2009-09-30": {
        "Diluted EPS": -6.0,
        "Total Revenue": NaN,
        "Gross Profit": NaN,
        "Operating Income": 0,
        "EBIT": 0,
        "Net Income": 0
    },
    "2009-06-30": {
        "Diluted EPS": 0.0,
        "Total Revenue": NaN,
        "Gross Profit": NaN,
        "Operating Income": 0,
        "EBIT": 0,
        "Net Income": 0
    },
    "2009-03-31": {
        "Diluted EPS": -5.46,
        "Total Revenue": NaN,
        "Gross Profit": NaN,
        "Operating Income": 0,
        "EBIT": 0,
        "Net Income": 0
    },
    "2023-06-30": {
        "Tax Effect Of Unusual Items": 0.0,
        "Tax Rate For Calcs": 0.0,
        "Normalized EBITDA": -1282540.0,
        "Total Unusual Items": -849.0,
        "Total Unusual Items Excluding Goodwill": -849.0,
        "Net Income From Continuing Operation Net Minority Interest": -1308094.0,
        "Reconciled Depreciation": 21470.0,
        "Reconciled Cost Of Revenue": 36491.0,
        "EBITDA": -1283389.0,
        "EBIT": -1304859.0,
        "Net Interest Income": -3226.0,
        "Interest Expense": 3235.0,
        "Interest Income": 9.0,
        "Normalized Income": -1307245.0,
        "Net Income From Continuing And Discontinued Operation": -1308094.0,
        "Total Expenses": 1401062.0,
        "Total Operating Income As Reported": -1304019.0,
        "Diluted Average Shares": 538635.0,
        "Basic Average Shares": 538635.0,
        "Diluted EPS": -2.4,
        "Basic EPS": -2.4,
        "Diluted NI Availto Com Stockholders": -1318782.0,
        "Net Income Common Stockholders": -1318782.0,
        "Preferred Stock Dividends": 10688.0,
        "Net Income": -1308094.0,
        "Net Income Including Noncontrolling Interests": -1308094.0,
        "Net Income Continuous Operations": -1308094.0,
        "Tax Provision": 0.0,
        "Pretax Income": -1308094.0,
        "Other Income Expense": -849.0,
        "Other Non Operating Income Expenses": NaN,
        "Gain On Sale Of Security": -849.0,
        "Net Non Operating Interest Income Expense": -3226.0,
        "Interest Expense Non Operating": 3235.0,
        "Interest Income Non Operating": 9.0,
        "Operating Income": -1304019.0,
        "Operating Expense": 1364571.0,
        "Other Operating Expenses": 241132.0,
        "Depreciation Amortization Depletion Income Statement": 21470.0,
        "Depreciation And Amortization In Income Statement": 21470.0,
        "Research And Development": 105259.0,
        "Selling General And Administration": 996710.0,
        "Selling And Marketing Expense": 57824.0,
        "General And Administrative Expense": 938886.0,
        "Other Gand A": 246215.0,
        "Salaries And Wages": 692671.0,
        "Gross Profit": 60552.0,
        "Cost Of Revenue": 36491.0,
        "Total Revenue": 97043.0,
        "Operating Revenue": 97043.0
    },
    "2023-09-30": {
        "Tax Effect Of Unusual Items": 0.0,
        "Tax Rate For Calcs": 0.0,
        "Normalized EBITDA": -843868.0,
        "Total Unusual Items": -4.0,
        "Total Unusual Items Excluding Goodwill": -4.0,
        "Net Income From Continuing Operation Net Minority Interest": -871661.0,
        "Reconciled Depreciation": 24554.0,
        "Reconciled Cost Of Revenue": 176116.0,
        "EBITDA": -843872.0,
        "EBIT": -868426.0,
        "Net Interest Income": -3235.0,
        "Interest Expense": 3235.0,
        "Interest Income": 0.0,
        "Normalized Income": -871657.0,
        "Net Income From Continuing And Discontinued Operation": -871661.0,
        "Total Expenses": 1042315.0,
        "Total Operating Income As Reported": -900327.0,
        "Diluted Average Shares": 560310.0,
        "Basic Average Shares": 560310.0,
        "Diluted EPS": -1.57,
        "Basic EPS": -1.57,
        "Diluted NI Availto Com Stockholders": -882348.0,
        "Net Income Common Stockholders": -882348.0,
        "Preferred Stock Dividends": 10687.0,
        "Net Income": -871661.0,
        "Net Income Including Noncontrolling Interests": -871661.0,
        "Net Income Continuous Operations": -871661.0,
        "Tax Provision": 0.0,
        "Pretax Income": -871661.0,
        "Other Income Expense": 31901.0,
        "Other Non Operating Income Expenses": 31905.0,
        "Gain On Sale Of Security": -4.0,
        "Net Non Operating Interest Income Expense": -3235.0,
        "Interest Expense Non Operating": 3235.0,
        "Interest Income Non Operating": 0.0,
        "Operating Income": -900327.0,
        "Operating Expense": 866199.0,
        "Other Operating Expenses": 140289.0,
        "Depreciation Amortization Depletion Income Statement": 24554.0,
        "Depreciation And Amortization In Income Statement": 24554.0,
        "Research And Development": 245.0,
        "Selling General And Administration": 701111.0,
        "Selling And Marketing Expense": 15797.0,
        "General And Administrative Expense": 685314.0,
        "Other Gand A": 312342.0,
        "Salaries And Wages": 372972.0,
        "Gross Profit": -34128.0,
        "Cost Of Revenue": 176116.0,
        "Total Revenue": 141988.0,
        "Operating Revenue": 141988.0
    }
}