{
    "2022-06-30": {
        "Diluted EPS": 0.0,
        "Total Revenue": NaN,
        "Gross Profit": NaN,
        "Operating Income": NaN,
        "Net Income": NaN
    },
    "2021-12-31": {
        "Diluted EPS": -5.41,
        "Total Revenue": NaN,
        "Gross Profit": NaN,
        "Operating Income": -70,
        "EBIT": -70,
        "Net Income": -93
    },
    "2021-09-30": {
        "Diluted EPS": -0.04,
        "Total Revenue": NaN,
        "Gross Profit": NaN,
        "Operating Income": -2,
        "EBIT": -2,
        "Net Income": -1
    },
    "2021-06-30": {
        "Diluted EPS": -0.63,
        "Total Revenue": NaN,
        "Gross Profit": NaN,
        "Operating Income": -1,
        "EBIT": -1,
        "Net Income": -4
    },
    "2021-03-31": {
        "Diluted EPS": 0.3,
        "Total Revenue": NaN,
        "Gross Profit": NaN,
        "Operating Income": 0,
        "EBIT": 0,
        "Net Income": 2
    },
    "2020-12-31": {
        "Diluted EPS": 0.0,
        "Total Revenue": NaN,
        "Gross Profit": NaN,
        "Operating Income": NaN,
        "EBIT": NaN,
        "Net Income": NaN
    },
    "2019-12-31": {
        "Diluted EPS": 0.0,
        "Total Revenue": NaN,
        "Gross Profit": NaN,
        "Operating Income": NaN,
        "EBIT": NaN,
        "Net Income": NaN
    },
    "2025-03-31": {
        "Tax Effect Of Unusual Items": -4695810.0,
        "Tax Rate For Calcs": 0.21,
        "Normalized EBITDA": 15533000.0,
        "Total Unusual Items": -22361000.0,
        "Total Unusual Items Excluding Goodwill": -22361000.0,
        "Net Income From Continuing Operation Net Minority Interest": -32581000.0,
        "Reconciled Depreciation": 2687000.0,
        "Reconciled Cost Of Revenue": 1237000.0,
        "EBITDA": -6828000.0,
        "EBIT": -9515000.0,
        "Net Interest Income": 177000.0,
        "Interest Expense": NaN,
        "Interest Income": 177000.0,
        "Normalized Income": -14915810.0,
        "Net Income From Continuing And Discontinued Operation": -32581000.0,
        "Total Expenses": 12902000.0,
        "Total Operating Income As Reported": -9515000.0,
        "Diluted Average Shares": 96655349.0,
        "Basic Average Shares": 96655349.0,
        "Diluted EPS": -0.34,
        "Basic EPS": -0.34,
        "Diluted NI Availto Com Stockholders": -32581000.0,
        "Net Income Common Stockholders": -32581000.0,
        "Net Income": -32581000.0,
        "Net Income Including Noncontrolling Interests": -32581000.0,
        "Net Income Continuous Operations": -32581000.0,
        "Tax Provision": 715000.0,
        "Pretax Income": -31866000.0,
        "Other Income Expense": -22528000.0,
        "Other Non Operating Income Expenses": -167000.0,
        "Gain On Sale Of Security": -22361000.0,
        "Net Non Operating Interest Income Expense": 177000.0,
        "Total Other Finance Cost": NaN,
        "Interest Expense Non Operating": NaN,
        "Interest Income Non Operating": 177000.0,
        "Operating Income": -9515000.0,
        "Operating Expense": 11665000.0,
        "Other Operating Expenses": NaN,
        "Provision For Doubtful Accounts": NaN,
        "Depreciation Amortization Depletion Income Statement": 2687000.0,
        "Depreciation And Amortization In Income Statement": 2687000.0,
        "Depreciation Income Statement": 2687000.0,
        "Research And Development": 2493000.0,
        "Selling General And Administration": 6485000.0,
        "General And Administrative Expense": NaN,
        "Other Gand A": NaN,
        "Insurance And Claims": NaN,
        "Salaries And Wages": NaN,
        "Gross Profit": 2150000.0,
        "Cost Of Revenue": 1237000.0,
        "Total Revenue": 3387000.0,
        "Operating Revenue": 3387000.0
    },
    "2024-06-30": {
        "Tax Effect Of Unusual Items": NaN,
        "Tax Rate For Calcs": NaN,
        "Normalized EBITDA": NaN,
        "Total Unusual Items": NaN,
        "Total Unusual Items Excluding Goodwill": NaN,
        "Net Income From Continuing Operation Net Minority Interest": NaN,
        "Reconciled Depreciation": NaN,
        "Reconciled Cost Of Revenue": NaN,
        "EBITDA": NaN,
        "EBIT": NaN,
        "Net Interest Income": NaN,
        "Interest Expense": 2000.0,
        "Interest Income": NaN,
        "Normalized Income": NaN,
        "Net Income From Continuing And Discontinued Operation": NaN,
        "Total Expenses": NaN,
        "Total Operating Income As Reported": NaN,
        "Diluted Average Shares": 90678183.0,
        "Basic Average Shares": 90678183.0,
        "Diluted EPS": -0.2,
        "Basic EPS": -0.2,
        "Diluted NI Availto Com Stockholders": NaN,
        "Net Income Common Stockholders": NaN,
        "Net Income": NaN,
        "Net Income Including Noncontrolling Interests": NaN,
        "Net Income Continuous Operations": NaN,
        "Tax Provision": NaN,
        "Pretax Income": NaN,
        "Other Income Expense": NaN,
        "Other Non Operating Income Expenses": NaN,
        "Gain On Sale Of Security": NaN,
        "Net Non Operating Interest Income Expense": NaN,
        "Total Other Finance Cost": 55000.0,
        "Interest Expense Non Operating": 2000.0,
        "Interest Income Non Operating": NaN,
        "Operating Income": NaN,
        "Operating Expense": NaN,
        "Other Operating Expenses": 650000.0,
        "Provision For Doubtful Accounts": -28000.0,
        "Depreciation Amortization Depletion Income Statement": NaN,
        "Depreciation And Amortization In Income Statement": NaN,
        "Depreciation Income Statement": NaN,
        "Research And Development": 138000.0,
        "Selling General And Administration": NaN,
        "General And Administrative Expense": 13206000.0,
        "Other Gand A": 5990000.0,
        "Insurance And Claims": 442000.0,
        "Salaries And Wages": 6774000.0,
        "Gross Profit": NaN,
        "Cost Of Revenue": NaN,
        "Total Revenue": NaN,
        "Operating Revenue": NaN
    },
    "2024-03-31": {
        "Tax Effect Of Unusual Items": NaN,
        "Tax Rate For Calcs": NaN,
        "Normalized EBITDA": NaN,
        "Total Unusual Items": NaN,
        "Total Unusual Items Excluding Goodwill": NaN,
        "Net Income From Continuing Operation Net Minority Interest": NaN,
        "Reconciled Depreciation": NaN,
        "Reconciled Cost Of Revenue": NaN,
        "EBITDA": NaN,
        "EBIT": NaN,
        "Net Interest Income": NaN,
        "Interest Expense": NaN,
        "Interest Income": NaN,
        "Normalized Income": NaN,
        "Net Income From Continuing And Discontinued Operation": NaN,
        "Total Expenses": NaN,
        "Total Operating Income As Reported": NaN,
        "Diluted Average Shares": NaN,
        "Basic Average Shares": NaN,
        "Diluted EPS": NaN,
        "Basic EPS": NaN,
        "Diluted NI Availto Com Stockholders": NaN,
        "Net Income Common Stockholders": NaN,
        "Net Income": NaN,
        "Net Income Including Noncontrolling Interests": NaN,
        "Net Income Continuous Operations": NaN,
        "Tax Provision": NaN,
        "Pretax Income": NaN,
        "Other Income Expense": NaN,
        "Other Non Operating Income Expenses": NaN,
        "Gain On Sale Of Security": NaN,
        "Net Non Operating Interest Income Expense": NaN,
        "Total Other Finance Cost": NaN,
        "Interest Expense Non Operating": NaN,
        "Interest Income Non Operating": NaN,
        "Operating Income": NaN,
        "Operating Expense": NaN,
        "Other Operating Expenses": NaN,
        "Provision For Doubtful Accounts": NaN,
        "Depreciation Amortization Depletion Income Statement": NaN,
        "Depreciation And Amortization In Income Statement": NaN,
        "Depreciation Income Statement": NaN,
        "Research And Development": 4387000.0,
        "Selling General And Administration": NaN,
        "General And Administrative Expense": NaN,
        "Other Gand A": NaN,
        "Insurance And Claims": NaN,
        "Salaries And Wages": NaN,
        "Gross Profit": NaN,
        "Cost Of Revenue": NaN,
        "Total Revenue": NaN,
        "Operating Revenue": NaN
    },
    "2025-06-30": {
        "Tax Effect Of Unusual Items": -1872.0,
        "Tax Rate For Calcs": 0.006,
        "Normalized EBITDA": -4529000.0,
        "Total Unusual Items": -312000.0,
        "Total Unusual Items Excluding Goodwill": -312000.0,
        "Net Income From Continuing Operation Net Minority Interest": -6652000.0,
        "Reconciled Depreciation": 1848000.0,
        "Reconciled Cost Of Revenue": 1189000.0,
        "EBITDA": -4841000.0,
        "EBIT": -6689000.0,
        "Net Interest Income": 285000.0,
        "Interest Expense": 3000.0,
        "Interest Income": 288000.0,
        "Normalized Income": -6341872.0,
        "Net Income From Continuing And Discontinued Operation": -6652000.0,
        "Total Expenses": 10725000.0,
        "Total Operating Income As Reported": -6285000.0,
        "Diluted Average Shares": 103206882.0,
        "Basic Average Shares": 103206882.0,
        "Diluted EPS": -0.06,
        "Basic EPS": -0.06,
        "Diluted NI Availto Com Stockholders": -6652000.0,
        "Net Income Common Stockholders": -6652000.0,
        "Net Income": -6652000.0,
        "Net Income Including Noncontrolling Interests": -6652000.0,
        "Net Income Continuous Operations": -6652000.0,
        "Tax Provision": -40000.0,
        "Pretax Income": -6692000.0,
        "Other Income Expense": -692000.0,
        "Other Non Operating Income Expenses": -380000.0,
        "Gain On Sale Of Security": -312000.0,
        "Net Non Operating Interest Income Expense": 285000.0,
        "Total Other Finance Cost": NaN,
        "Interest Expense Non Operating": 3000.0,
        "Interest Income Non Operating": 288000.0,
        "Operating Income": -6285000.0,
        "Operating Expense": 9536000.0,
        "Other Operating Expenses": 484000.0,
        "Provision For Doubtful Accounts": -49000.0,
        "Depreciation Amortization Depletion Income Statement": 1848000.0,
        "Depreciation And Amortization In Income Statement": 1848000.0,
        "Depreciation Income Statement": 1848000.0,
        "Research And Development": NaN,
        "Selling General And Administration": 7253000.0,
        "General And Administrative Expense": 7253000.0,
        "Other Gand A": 2816000.0,
        "Insurance And Claims": 262000.0,
        "Salaries And Wages": 4175000.0,
        "Gross Profit": 3251000.0,
        "Cost Of Revenue": 1189000.0,
        "Total Revenue": 4440000.0,
        "Operating Revenue": 4440000.0
    },
    "2025-09-30": {
        "Tax Effect Of Unusual Items": 344578.0,
        "Tax Rate For Calcs": 0.029,
        "Normalized EBITDA": -6285000.0,
        "Total Unusual Items": 11882000.0,
        "Total Unusual Items Excluding Goodwill": 11882000.0,
        "Net Income From Continuing Operation Net Minority Interest": 3967000.0,
        "Reconciled Depreciation": 1502000.0,
        "Reconciled Cost Of Revenue": 1171000.0,
        "EBITDA": 5597000.0,
        "EBIT": 4095000.0,
        "Net Interest Income": 272000.0,
        "Interest Expense": 9000.0,
        "Interest Income": 281000.0,
        "Normalized Income": -7570422.0,
        "Net Income From Continuing And Discontinued Operation": 3967000.0,
        "Total Expenses": 11715000.0,
        "Total Operating Income As Reported": -8082000.0,
        "Diluted Average Shares": 130984243.0,
        "Basic Average Shares": 105984243.0,
        "Diluted EPS": -0.02,
        "Basic EPS": 0.04,
        "Diluted NI Availto Com Stockholders": 3967000.0,
        "Net Income Common Stockholders": 3967000.0,
        "Net Income": 3967000.0,
        "Net Income Including Noncontrolling Interests": 3967000.0,
        "Net Income Continuous Operations": 3967000.0,
        "Tax Provision": 119000.0,
        "Pretax Income": 4086000.0,
        "Other Income Expense": 11896000.0,
        "Other Non Operating Income Expenses": 14000.0,
        "Gain On Sale Of Security": 11882000.0,
        "Net Non Operating Interest Income Expense": 272000.0,
        "Total Other Finance Cost": NaN,
        "Interest Expense Non Operating": 9000.0,
        "Interest Income Non Operating": 281000.0,
        "Operating Income": -8082000.0,
        "Operating Expense": 10544000.0,
        "Other Operating Expenses": 553000.0,
        "Provision For Doubtful Accounts": -11000.0,
        "Depreciation Amortization Depletion Income Statement": 1502000.0,
        "Depreciation And Amortization In Income Statement": 1502000.0,
        "Depreciation Income Statement": 1502000.0,
        "Research And Development": NaN,
        "Selling General And Administration": 8500000.0,
        "General And Administrative Expense": 8500000.0,
        "Other Gand A": 2802000.0,
        "Insurance And Claims": 265000.0,
        "Salaries And Wages": 5433000.0,
        "Gross Profit": 2462000.0,
        "Cost Of Revenue": 1171000.0,
        "Total Revenue": 3633000.0,
        "Operating Revenue": 3633000.0
    },
    "2024-12-31": {
        "Tax Effect Of Unusual Items": -11573100.0,
        "Tax Rate For Calcs": 0.21,
        "Normalized EBITDA": -11877000.0,
        "Total Unusual Items": -55110000.0,
        "Total Unusual Items Excluding Goodwill": -55110000.0,
        "Net Income From Continuing Operation Net Minority Interest": -70903000.0,
        "Reconciled Depreciation": 3132000.0,
        "Reconciled Cost Of Revenue": 1242000.0,
        "EBITDA": -66987000.0,
        "EBIT": -70119000.0,
        "Net Interest Income": -2256000.0,
        "Interest Expense": -5000.0,
        "Interest Income": 183000.0,
        "Normalized Income": -27366100.0,
        "Net Income From Continuing And Discontinued Operation": -70903000.0,
        "Total Expenses": 12215000.0,
        "Total Operating Income As Reported": -11435000.0,
        "Diluted Average Shares": NaN,
        "Basic Average Shares": NaN,
        "Diluted EPS": NaN,
        "Basic EPS": NaN,
        "Diluted NI Availto Com Stockholders": -70903000.0,
        "Net Income Common Stockholders": -70903000.0,
        "Net Income": -70903000.0,
        "Net Income Including Noncontrolling Interests": -70903000.0,
        "Net Income Continuous Operations": -70903000.0,
        "Tax Provision": 789000.0,
        "Pretax Income": -70114000.0,
        "Other Income Expense": -58867000.0,
        "Other Non Operating Income Expenses": -3757000.0,
        "Gain On Sale Of Security": -55110000.0,
        "Net Non Operating Interest Income Expense": -2256000.0,
        "Total Other Finance Cost": NaN,
        "Interest Expense Non Operating": -5000.0,
        "Interest Income Non Operating": 183000.0,
        "Operating Income": -8991000.0,
        "Operating Expense": 10973000.0,
        "Other Operating Expenses": 12362000.0,
        "Provision For Doubtful Accounts": -41000.0,
        "Depreciation Amortization Depletion Income Statement": 3132000.0,
        "Depreciation And Amortization In Income Statement": 3132000.0,
        "Depreciation Income Statement": 3132000.0,
        "Research And Development": NaN,
        "Selling General And Administration": -4480000.0,
        "General And Administrative Expense": -4480000.0,
        "Other Gand A": 3277000.0,
        "Insurance And Claims": 517000.0,
        "Salaries And Wages": -8274000.0,
        "Gross Profit": 1982000.0,
        "Cost Of Revenue": 1242000.0,
        "Total Revenue": 3224000.0,
        "Operating Revenue": 3224000.0
    },
    "2024-09-30": {
        "Tax Effect Of Unusual Items": 13230.0,
        "Tax Rate For Calcs": 0.21,
        "Normalized EBITDA": -8230000.0,
        "Total Unusual Items": 63000.0,
        "Total Unusual Items Excluding Goodwill": 63000.0,
        "Net Income From Continuing Operation Net Minority Interest": -12090000.0,
        "Reconciled Depreciation": 3577000.0,
        "Reconciled Cost Of Revenue": 1228000.0,
        "EBITDA": -8167000.0,
        "EBIT": -11744000.0,
        "Net Interest Income": 271000.0,
        "Interest Expense": 65000.0,
        "Interest Income": 281000.0,
        "Normalized Income": -12139770.0,
        "Net Income From Continuing And Discontinued Operation": -12090000.0,
        "Total Expenses": 14313000.0,
        "Total Operating Income As Reported": -11496000.0,
        "Diluted Average Shares": 91200564.0,
        "Basic Average Shares": 91200564.0,
        "Diluted EPS": -0.13,
        "Basic EPS": -0.13,
        "Diluted NI Availto Com Stockholders": -12090000.0,
        "Net Income Common Stockholders": -12090000.0,
        "Net Income": -12090000.0,
        "Net Income Including Noncontrolling Interests": -12090000.0,
        "Net Income Continuous Operations": -12090000.0,
        "Tax Provision": 281000.0,
        "Pretax Income": -11809000.0,
        "Other Income Expense": -584000.0,
        "Other Non Operating Income Expenses": -647000.0,
        "Gain On Sale Of Security": 63000.0,
        "Net Non Operating Interest Income Expense": 271000.0,
        "Total Other Finance Cost": -55000.0,
        "Interest Expense Non Operating": 65000.0,
        "Interest Income Non Operating": 281000.0,
        "Operating Income": -11496000.0,
        "Operating Expense": 13085000.0,
        "Other Operating Expenses": 560000.0,
        "Provision For Doubtful Accounts": 75000.0,
        "Depreciation Amortization Depletion Income Statement": 3577000.0,
        "Depreciation And Amortization In Income Statement": 3577000.0,
        "Depreciation Income Statement": 3577000.0,
        "Research And Development": NaN,
        "Selling General And Administration": 8873000.0,
        "General And Administrative Expense": 8873000.0,
        "Other Gand A": 3423000.0,
        "Insurance And Claims": 449000.0,
        "Salaries And Wages": 5001000.0,
        "Gross Profit": 1589000.0,
        "Cost Of Revenue": 1228000.0,
        "Total Revenue": 2817000.0,
        "Operating Revenue": 2817000.0
    }
}