{
    "2023-03-31": {
        "Tax Effect Of Unusual Items": NaN,
        "Tax Rate For Calcs": NaN,
        "Normalized EBITDA": NaN,
        "Total Unusual Items": NaN,
        "Total Unusual Items Excluding Goodwill": NaN,
        "Net Income From Continuing Operation Net Minority Interest": NaN,
        "Reconciled Depreciation": NaN,
        "EBITDA": NaN,
        "EBIT": NaN,
        "Net Interest Income": NaN,
        "Interest Income": NaN,
        "Normalized Income": NaN,
        "Net Income From Continuing And Discontinued Operation": NaN,
        "Total Expenses": NaN,
        "Total Operating Income As Reported": NaN,
        "Diluted Average Shares": 41739000.0,
        "Basic Average Shares": 41739000.0,
        "Diluted EPS": -0.58,
        "Basic EPS": -0.58,
        "Diluted NI Availto Com Stockholders": NaN,
        "Average Dilution Earnings": 0.0,
        "Net Income Common Stockholders": NaN,
        "Net Income": NaN,
        "Net Income Including Noncontrolling Interests": NaN,
        "Net Income Continuous Operations": NaN,
        "Pretax Income": NaN,
        "Other Income Expense": NaN,
        "Other Non Operating Income Expenses": NaN,
        "Gain On Sale Of Security": NaN,
        "Net Non Operating Interest Income Expense": NaN,
        "Interest Income Non Operating": NaN,
        "Operating Income": NaN,
        "Operating Expense": NaN,
        "Research And Development": NaN,
        "Selling General And Administration": NaN,
        "General And Administrative Expense": NaN,
        "Other Gand A": NaN,
        "Total Revenue": NaN,
        "Operating Revenue": NaN
    },
    "2022-12-31": {
        "Tax Effect Of Unusual Items": NaN,
        "Tax Rate For Calcs": NaN,
        "Normalized EBITDA": NaN,
        "Total Unusual Items": NaN,
        "Total Unusual Items Excluding Goodwill": NaN,
        "Net Income From Continuing Operation Net Minority Interest": NaN,
        "Reconciled Depreciation": NaN,
        "EBITDA": NaN,
        "EBIT": NaN,
        "Net Interest Income": NaN,
        "Interest Income": NaN,
        "Normalized Income": NaN,
        "Net Income From Continuing And Discontinued Operation": NaN,
        "Total Expenses": NaN,
        "Total Operating Income As Reported": NaN,
        "Diluted Average Shares": 40775000.0,
        "Basic Average Shares": 40775000.0,
        "Diluted EPS": -0.47,
        "Basic EPS": -0.47,
        "Diluted NI Availto Com Stockholders": NaN,
        "Average Dilution Earnings": NaN,
        "Net Income Common Stockholders": NaN,
        "Net Income": NaN,
        "Net Income Including Noncontrolling Interests": NaN,
        "Net Income Continuous Operations": NaN,
        "Pretax Income": NaN,
        "Other Income Expense": NaN,
        "Other Non Operating Income Expenses": NaN,
        "Gain On Sale Of Security": NaN,
        "Net Non Operating Interest Income Expense": NaN,
        "Interest Income Non Operating": NaN,
        "Operating Income": NaN,
        "Operating Expense": NaN,
        "Research And Development": NaN,
        "Selling General And Administration": NaN,
        "General And Administrative Expense": NaN,
        "Other Gand A": NaN,
        "Total Revenue": NaN,
        "Operating Revenue": NaN
    },
    "2022-09-30": {
        "Tax Effect Of Unusual Items": 0.0,
        "Tax Rate For Calcs": 0.0,
        "Normalized EBITDA": -21345000.0,
        "Net Income From Continuing Operation Net Minority Interest": -20257000.0,
        "Reconciled Depreciation": 300000.0,
        "EBITDA": -21345000.0,
        "EBIT": -21345000.0,
        "Net Interest Income": 878000.0,
        "Interest Income": 878000.0,
        "Normalized Income": -20257000.0,
        "Net Income From Continuing And Discontinued Operation": -20257000.0,
        "Total Expenses": 21345000.0,
        "Total Operating Income As Reported": -21345000.0,
        "Diluted Average Shares": 40050000.0,
        "Basic Average Shares": 40050000.0,
        "Diluted EPS": -0.51,
        "Basic EPS": -0.51,
        "Diluted NI Availto Com Stockholders": -20257000.0,
        "Net Income Common Stockholders": -20257000.0,
        "Net Income": -20257000.0,
        "Net Income Including Noncontrolling Interests": -20257000.0,
        "Net Income Continuous Operations": -20257000.0,
        "Pretax Income": -20257000.0,
        "Other Income Expense": 210000.0,
        "Other Non Operating Income Expenses": 210000.0,
        "Net Non Operating Interest Income Expense": 878000.0,
        "Interest Income Non Operating": 878000.0,
        "Operating Income": -21345000.0,
        "Operating Expense": 21345000.0,
        "Research And Development": 18526000.0,
        "Selling General And Administration": 2819000.0,
        "General And Administrative Expense": 2819000.0,
        "Other Gand A": 2819000.0,
        "Total Revenue": 0.0,
        "Operating Revenue": 0.0
    },
    "2022-06-30": {
        "Tax Effect Of Unusual Items": 0.0,
        "Tax Rate For Calcs": 0.0,
        "Normalized EBITDA": -19917000.0,
        "Net Income From Continuing Operation Net Minority Interest": -19328000.0,
        "Reconciled Depreciation": 299000.0,
        "EBITDA": -19917000.0,
        "EBIT": -19917000.0,
        "Net Interest Income": 314000.0,
        "Interest Income": 314000.0,
        "Normalized Income": -19328000.0,
        "Net Income From Continuing And Discontinued Operation": -19328000.0,
        "Total Expenses": 19917000.0,
        "Total Operating Income As Reported": -19917000.0,
        "Diluted Average Shares": 40015000.0,
        "Basic Average Shares": 40015000.0,
        "Diluted EPS": -0.48,
        "Basic EPS": -0.48,
        "Diluted NI Availto Com Stockholders": -19328000.0,
        "Net Income Common Stockholders": -19328000.0,
        "Net Income": -19328000.0,
        "Net Income Including Noncontrolling Interests": -19328000.0,
        "Net Income Continuous Operations": -19328000.0,
        "Pretax Income": -19328000.0,
        "Other Income Expense": 275000.0,
        "Other Non Operating Income Expenses": 275000.0,
        "Net Non Operating Interest Income Expense": 314000.0,
        "Interest Income Non Operating": 314000.0,
        "Operating Income": -19917000.0,
        "Operating Expense": 19917000.0,
        "Research And Development": 16948000.0,
        "Selling General And Administration": 2969000.0,
        "General And Administrative Expense": 2969000.0,
        "Other Gand A": 2969000.0,
        "Total Revenue": 0.0,
        "Operating Revenue": 0.0
    },
    "2023-06-30": {
        "Tax Effect Of Unusual Items": NaN,
        "Tax Rate For Calcs": NaN,
        "Normalized EBITDA": NaN,
        "Total Unusual Items": NaN,
        "Total Unusual Items Excluding Goodwill": NaN,
        "Net Income From Continuing Operation Net Minority Interest": NaN,
        "Reconciled Depreciation": NaN,
        "EBITDA": NaN,
        "EBIT": NaN,
        "Net Interest Income": NaN,
        "Interest Income": NaN,
        "Normalized Income": NaN,
        "Net Income From Continuing And Discontinued Operation": NaN,
        "Total Expenses": NaN,
        "Total Operating Income As Reported": NaN,
        "Diluted Average Shares": 41793000.0,
        "Basic Average Shares": 41793000.0,
        "Diluted EPS": -0.63,
        "Basic EPS": -0.63,
        "Diluted NI Availto Com Stockholders": NaN,
        "Average Dilution Earnings": NaN,
        "Net Income Common Stockholders": NaN,
        "Net Income": NaN,
        "Net Income Including Noncontrolling Interests": NaN,
        "Net Income Continuous Operations": NaN,
        "Pretax Income": NaN,
        "Other Income Expense": NaN,
        "Other Non Operating Income Expenses": NaN,
        "Gain On Sale Of Security": NaN,
        "Net Non Operating Interest Income Expense": NaN,
        "Interest Income Non Operating": NaN,
        "Operating Income": NaN,
        "Operating Expense": NaN,
        "Research And Development": NaN,
        "Selling General And Administration": NaN,
        "General And Administrative Expense": NaN,
        "Other Gand A": NaN,
        "Total Revenue": NaN,
        "Operating Revenue": NaN
    },
    "2022-03-31": {
        "Diluted EPS": -0.44,
        "Total Revenue": NaN,
        "Gross Profit": NaN,
        "Operating Income": -18,
        "EBIT": -18,
        "Net Income": -18
    },
    "2021-12-31": {
        "Diluted EPS": -0.36,
        "Total Revenue": NaN,
        "Gross Profit": NaN,
        "Operating Income": -14,
        "EBIT": -14,
        "Net Income": -14
    },
    "2021-09-30": {
        "Diluted EPS": -0.24,
        "Total Revenue": NaN,
        "Gross Profit": NaN,
        "Operating Income": -10,
        "EBIT": -10,
        "Net Income": -10
    },
    "2021-06-30": {
        "Diluted EPS": -0.13,
        "Total Revenue": NaN,
        "Gross Profit": NaN,
        "Operating Income": -5,
        "EBIT": -5,
        "Net Income": -5
    },
    "2021-03-31": {
        "Diluted EPS": -0.09,
        "Total Revenue": NaN,
        "Gross Profit": NaN,
        "Operating Income": -4,
        "EBIT": -4,
        "Net Income": -4
    },
    "2020-12-31": {
        "Diluted EPS": -0.08,
        "Total Revenue": NaN,
        "Gross Profit": NaN,
        "Operating Income": -3,
        "EBIT": -3,
        "Net Income": -3
    },
    "2020-09-30": {
        "Diluted EPS": -0.06,
        "Total Revenue": NaN,
        "Gross Profit": NaN,
        "Operating Income": -1,
        "EBIT": -1,
        "Net Income": -1
    },
    "2020-06-30": {
        "Diluted EPS": -0.05,
        "Total Revenue": NaN,
        "Gross Profit": NaN,
        "Operating Income": -1,
        "EBIT": -1,
        "Net Income": -1
    },
    "2020-03-31": {
        "Diluted EPS": -0.05,
        "Total Revenue": NaN,
        "Gross Profit": NaN,
        "Operating Income": -1,
        "EBIT": -1,
        "Net Income": -1
    },
    "2019-12-31": {
        "Diluted EPS": -0.09,
        "Total Revenue": NaN,
        "Gross Profit": NaN,
        "Operating Income": -2,
        "EBIT": -2,
        "Net Income": -2
    },
    "2019-09-30": {
        "Diluted EPS": -0.04,
        "Total Revenue": NaN,
        "Gross Profit": NaN,
        "Operating Income": -1,
        "EBIT": -1,
        "Net Income": -1
    },
    "2019-06-30": {
        "Diluted EPS": -0.06,
        "Total Revenue": NaN,
        "Gross Profit": NaN,
        "Operating Income": -1,
        "EBIT": -1,
        "Net Income": -1
    },
    "2019-03-31": {
        "Diluted EPS": -0.08,
        "Total Revenue": NaN,
        "Gross Profit": NaN,
        "Operating Income": -1,
        "EBIT": -1,
        "Net Income": -1
    },
    "2018-12-31": {
        "Diluted EPS": 0.19,
        "Total Revenue": NaN,
        "Gross Profit": NaN,
        "Operating Income": -1,
        "EBIT": -1,
        "Net Income": -1
    },
    "2018-09-30": {
        "Diluted EPS": -0.11,
        "Total Revenue": NaN,
        "Gross Profit": NaN,
        "Operating Income": -1,
        "EBIT": -1,
        "Net Income": -1
    },
    "2018-06-30": {
        "Diluted EPS": -0.36,
        "Total Revenue": NaN,
        "Gross Profit": NaN,
        "Operating Income": -2,
        "EBIT": -2,
        "Net Income": -2
    },
    "2018-03-31": {
        "Diluted EPS": -0.33,
        "Total Revenue": NaN,
        "Gross Profit": NaN,
        "Operating Income": -2,
        "EBIT": -2,
        "Net Income": -2
    },
    "2017-12-31": {
        "Diluted EPS": -0.36,
        "Total Revenue": NaN,
        "Gross Profit": NaN,
        "Operating Income": -2,
        "EBIT": -2,
        "Net Income": -2
    },
    "2017-09-30": {
        "Diluted EPS": -0.4,
        "Total Revenue": NaN,
        "Gross Profit": NaN,
        "Operating Income": -3,
        "EBIT": -3,
        "Net Income": -3
    },
    "2017-06-30": {
        "Diluted EPS": -0.64,
        "Total Revenue": NaN,
        "Gross Profit": NaN,
        "Operating Income": -4,
        "EBIT": -4,
        "Net Income": -4
    },
    "2017-03-31": {
        "Diluted EPS": -0.42,
        "Total Revenue": NaN,
        "Gross Profit": NaN,
        "Operating Income": -3,
        "EBIT": -3,
        "Net Income": -3
    },
    "2016-12-31": {
        "Diluted EPS": -0.37,
        "Total Revenue": NaN,
        "Gross Profit": NaN,
        "Operating Income": -3,
        "EBIT": -3,
        "Net Income": -3
    },
    "2016-09-30": {
        "Diluted EPS": -0.54,
        "Total Revenue": NaN,
        "Gross Profit": NaN,
        "Operating Income": -4,
        "EBIT": -4,
        "Net Income": -4
    },
    "2016-06-30": {
        "Diluted EPS": -0.46,
        "Total Revenue": NaN,
        "Gross Profit": NaN,
        "Operating Income": -3,
        "EBIT": -3,
        "Net Income": -3
    },
    "2016-03-31": {
        "Diluted EPS": -0.91,
        "Total Revenue": NaN,
        "Gross Profit": NaN,
        "Operating Income": -6,
        "EBIT": -6,
        "Net Income": -6
    },
    "2015-12-31": {
        "Diluted EPS": -0.7,
        "Total Revenue": NaN,
        "Gross Profit": NaN,
        "Operating Income": -5,
        "EBIT": -5,
        "Net Income": -5
    },
    "2015-09-30": {
        "Diluted EPS": -0.56,
        "Total Revenue": NaN,
        "Gross Profit": NaN,
        "Operating Income": -4,
        "EBIT": -4,
        "Net Income": -4
    },
    "2015-06-30": {
        "Diluted EPS": -0.49,
        "Total Revenue": NaN,
        "Gross Profit": NaN,
        "Operating Income": -3,
        "EBIT": -3,
        "Net Income": -3
    },
    "2015-03-31": {
        "Diluted EPS": -0.42,
        "Total Revenue": NaN,
        "Gross Profit": NaN,
        "Operating Income": -3,
        "EBIT": -3,
        "Net Income": -3
    },
    "2014-12-31": {
        "Diluted EPS": -0.28,
        "Total Revenue": NaN,
        "Gross Profit": NaN,
        "Operating Income": -2,
        "EBIT": -2,
        "Net Income": -2
    },
    "2014-09-30": {
        "Diluted EPS": -0.56,
        "Total Revenue": NaN,
        "Gross Profit": NaN,
        "Operating Income": -4,
        "EBIT": -4,
        "Net Income": -4
    },
    "2014-06-30": {
        "Diluted EPS": -0.49,
        "Total Revenue": NaN,
        "Gross Profit": NaN,
        "Operating Income": -3,
        "EBIT": -3,
        "Net Income": -3
    },
    "2014-03-31": {
        "Diluted EPS": -0.56,
        "Total Revenue": NaN,
        "Gross Profit": NaN,
        "Operating Income": -3,
        "EBIT": -3,
        "Net Income": -3
    },
    "2013-12-31": {
        "Diluted EPS": 5.18,
        "Total Revenue": 35,
        "Gross Profit": 35,
        "Operating Income": 33,
        "EBIT": 33,
        "Net Income": 33
    },
    "2013-09-30": {
        "Diluted EPS": -0.14,
        "Total Revenue": 2,
        "Gross Profit": 2,
        "Operating Income": -1,
        "EBIT": -1,
        "Net Income": -1
    },
    "2013-06-30": {
        "Diluted EPS": -0.07,
        "Total Revenue": 2,
        "Gross Profit": 2,
        "Operating Income": 0,
        "EBIT": 0,
        "Net Income": 0
    },
    "2013-03-31": {
        "Diluted EPS": -0.07,
        "Total Revenue": 2,
        "Gross Profit": 2,
        "Operating Income": 0,
        "EBIT": 0,
        "Net Income": 0
    },
    "2012-12-31": {
        "Diluted EPS": -0.35,
        "Total Revenue": 2,
        "Gross Profit": 2,
        "Operating Income": -2,
        "EBIT": -2,
        "Net Income": -2
    },
    "2012-09-30": {
        "Diluted EPS": -0.21,
        "Total Revenue": 3,
        "Gross Profit": 3,
        "Operating Income": -2,
        "EBIT": -2,
        "Net Income": -2
    },
    "2012-06-30": {
        "Diluted EPS": 0.0,
        "Total Revenue": 3,
        "Gross Profit": 3,
        "Operating Income": 0,
        "EBIT": 0,
        "Net Income": 0
    },
    "2012-03-31": {
        "Diluted EPS": 0.0,
        "Total Revenue": 3,
        "Gross Profit": 3,
        "Operating Income": 0,
        "EBIT": 0,
        "Net Income": 0
    },
    "2011-12-31": {
        "Diluted EPS": -0.04,
        "Total Revenue": 3,
        "Gross Profit": 3,
        "Operating Income": -1,
        "EBIT": -1,
        "Net Income": 0
    },
    "2011-09-30": {
        "Diluted EPS": -0.14,
        "Total Revenue": 3,
        "Gross Profit": 3,
        "Operating Income": -1,
        "EBIT": -1,
        "Net Income": -1
    },
    "2011-06-30": {
        "Diluted EPS": -0.21,
        "Total Revenue": 3,
        "Gross Profit": 3,
        "Operating Income": -1,
        "EBIT": -1,
        "Net Income": -1
    },
    "2011-03-31": {
        "Diluted EPS": -0.03,
        "Total Revenue": 3,
        "Gross Profit": 3,
        "Operating Income": 0,
        "EBIT": 0,
        "Net Income": 0
    },
    "2010-12-31": {
        "Diluted EPS": -1.54,
        "Total Revenue": 8,
        "Gross Profit": 8,
        "Operating Income": -10,
        "EBIT": -9,
        "Net Income": -9
    },
    "2010-09-30": {
        "Diluted EPS": -0.14,
        "Total Revenue": 3,
        "Gross Profit": 3,
        "Operating Income": -2,
        "EBIT": -2,
        "Net Income": -1
    },
    "2010-06-30": {
        "Diluted EPS": -0.14,
        "Total Revenue": 3,
        "Gross Profit": 3,
        "Operating Income": -1,
        "EBIT": -1,
        "Net Income": -1
    },
    "2010-03-31": {
        "Diluted EPS": -0.14,
        "Total Revenue": 3,
        "Gross Profit": 3,
        "Operating Income": -1,
        "EBIT": -1,
        "Net Income": -1
    },
    "2009-12-31": {
        "Diluted EPS": -0.07,
        "Total Revenue": 4,
        "Gross Profit": 4,
        "Operating Income": -2,
        "EBIT": -2,
        "Net Income": 0
    },
    "2009-09-30": {
        "Diluted EPS": -0.21,
        "Total Revenue": 4,
        "Gross Profit": 4,
        "Operating Income": -2,
        "EBIT": -2,
        "Net Income": -1
    },
    "2009-06-30": {
        "Diluted EPS": 0.0,
        "Total Revenue": 6,
        "Gross Profit": 6,
        "Operating Income": 0,
        "EBIT": 0,
        "Net Income": 0
    },
    "2009-03-31": {
        "Diluted EPS": -0.28,
        "Total Revenue": 7,
        "Gross Profit": 7,
        "Operating Income": -3,
        "EBIT": -2,
        "Net Income": -2
    },
    "2023-09-30": {
        "Tax Effect Of Unusual Items": NaN,
        "Tax Rate For Calcs": NaN,
        "Normalized EBITDA": NaN,
        "Total Unusual Items": NaN,
        "Total Unusual Items Excluding Goodwill": NaN,
        "Net Income From Continuing Operation Net Minority Interest": NaN,
        "Reconciled Depreciation": NaN,
        "EBITDA": NaN,
        "EBIT": NaN,
        "Net Interest Income": NaN,
        "Interest Income": NaN,
        "Normalized Income": NaN,
        "Net Income From Continuing And Discontinued Operation": NaN,
        "Total Expenses": NaN,
        "Total Operating Income As Reported": NaN,
        "Diluted Average Shares": 42002000.0,
        "Basic Average Shares": 42002000.0,
        "Diluted EPS": -0.61,
        "Basic EPS": -0.61,
        "Diluted NI Availto Com Stockholders": NaN,
        "Average Dilution Earnings": 0.0,
        "Net Income Common Stockholders": NaN,
        "Net Income": NaN,
        "Net Income Including Noncontrolling Interests": NaN,
        "Net Income Continuous Operations": NaN,
        "Pretax Income": NaN,
        "Other Income Expense": NaN,
        "Other Non Operating Income Expenses": NaN,
        "Gain On Sale Of Security": NaN,
        "Net Non Operating Interest Income Expense": NaN,
        "Interest Income Non Operating": NaN,
        "Operating Income": NaN,
        "Operating Expense": NaN,
        "Research And Development": NaN,
        "Selling General And Administration": NaN,
        "General And Administrative Expense": NaN,
        "Other Gand A": NaN,
        "Total Revenue": NaN,
        "Operating Revenue": NaN
    },
    "2023-12-31": {
        "Tax Effect Of Unusual Items": 0.0,
        "Tax Rate For Calcs": 0.0,
        "Normalized EBITDA": -22433000.0,
        "Total Unusual Items": NaN,
        "Total Unusual Items Excluding Goodwill": NaN,
        "Net Income From Continuing Operation Net Minority Interest": -20919000.0,
        "Reconciled Depreciation": 356000.0,
        "EBITDA": -22433000.0,
        "EBIT": -22789000.0,
        "Net Interest Income": 1579000.0,
        "Interest Income": 1579000.0,
        "Normalized Income": -20919000.0,
        "Net Income From Continuing And Discontinued Operation": -20919000.0,
        "Total Expenses": 22789000.0,
        "Total Operating Income As Reported": -22789000.0,
        "Diluted Average Shares": NaN,
        "Basic Average Shares": NaN,
        "Diluted EPS": NaN,
        "Basic EPS": NaN,
        "Diluted NI Availto Com Stockholders": -20919000.0,
        "Average Dilution Earnings": NaN,
        "Net Income Common Stockholders": -20919000.0,
        "Net Income": -20919000.0,
        "Net Income Including Noncontrolling Interests": -20919000.0,
        "Net Income Continuous Operations": -20919000.0,
        "Pretax Income": -20919000.0,
        "Other Income Expense": 291000.0,
        "Other Non Operating Income Expenses": 291000.0,
        "Gain On Sale Of Security": NaN,
        "Net Non Operating Interest Income Expense": 1579000.0,
        "Interest Income Non Operating": 1579000.0,
        "Operating Income": -22789000.0,
        "Operating Expense": 22789000.0,
        "Research And Development": 18731000.0,
        "Selling General And Administration": 4058000.0,
        "General And Administrative Expense": 4058000.0,
        "Other Gand A": 4058000.0,
        "Total Revenue": 0.0,
        "Operating Revenue": 0.0
    },
    "2024-03-31": {
        "Tax Effect Of Unusual Items": 9038610.0,
        "Tax Rate For Calcs": 0.21,
        "Normalized EBITDA": -62664000.0,
        "Total Unusual Items": 43041000.0,
        "Total Unusual Items Excluding Goodwill": 43041000.0,
        "Net Income From Continuing Operation Net Minority Interest": 25043000.0,
        "Reconciled Depreciation": 311000.0,
        "EBITDA": -19623000.0,
        "EBIT": -19934000.0,
        "Net Interest Income": 1776000.0,
        "Interest Income": 1776000.0,
        "Normalized Income": -8959390.0,
        "Net Income From Continuing And Discontinued Operation": 25043000.0,
        "Total Expenses": 19934000.0,
        "Total Operating Income As Reported": -19934000.0,
        "Diluted Average Shares": 44102000.0,
        "Basic Average Shares": 43001000.0,
        "Diluted EPS": -0.43,
        "Basic EPS": 0.58,
        "Diluted NI Availto Com Stockholders": -18749000.0,
        "Average Dilution Earnings": -43792000.0,
        "Net Income Common Stockholders": 25043000.0,
        "Net Income": 25043000.0,
        "Net Income Including Noncontrolling Interests": 25043000.0,
        "Net Income Continuous Operations": 25043000.0,
        "Pretax Income": 25043000.0,
        "Other Income Expense": 43201000.0,
        "Other Non Operating Income Expenses": 160000.0,
        "Gain On Sale Of Security": 43041000.0,
        "Net Non Operating Interest Income Expense": 1776000.0,
        "Interest Income Non Operating": 1776000.0,
        "Operating Income": -19934000.0,
        "Operating Expense": 19934000.0,
        "Research And Development": 16233000.0,
        "Selling General And Administration": 3701000.0,
        "General And Administrative Expense": 3701000.0,
        "Other Gand A": 3701000.0,
        "Total Revenue": 0.0,
        "Operating Revenue": 0.0
    },
    "2024-06-30": {
        "Tax Effect Of Unusual Items": 13679820.0,
        "Tax Rate For Calcs": 0.21,
        "Normalized EBITDA": -126242000.0,
        "Total Unusual Items": 65142000.0,
        "Total Unusual Items Excluding Goodwill": 65142000.0,
        "Net Income From Continuing Operation Net Minority Interest": 6155000.0,
        "Reconciled Depreciation": 302000.0,
        "EBITDA": -61100000.0,
        "EBIT": -61402000.0,
        "Net Interest Income": 2316000.0,
        "Interest Income": 2316000.0,
        "Normalized Income": -45307180.0,
        "Net Income From Continuing And Discontinued Operation": 6155000.0,
        "Total Expenses": 61402000.0,
        "Total Operating Income As Reported": -61402000.0,
        "Diluted Average Shares": 46202000.0,
        "Basic Average Shares": 46202000.0,
        "Diluted EPS": 0.13,
        "Basic EPS": 0.13,
        "Diluted NI Availto Com Stockholders": 6155000.0,
        "Average Dilution Earnings": 0.0,
        "Net Income Common Stockholders": 6155000.0,
        "Net Income": 6155000.0,
        "Net Income Including Noncontrolling Interests": 6155000.0,
        "Net Income Continuous Operations": 6155000.0,
        "Pretax Income": 6155000.0,
        "Other Income Expense": 65241000.0,
        "Other Non Operating Income Expenses": 99000.0,
        "Gain On Sale Of Security": 65142000.0,
        "Net Non Operating Interest Income Expense": 2316000.0,
        "Interest Income Non Operating": 2316000.0,
        "Operating Income": -61402000.0,
        "Operating Expense": 61402000.0,
        "Research And Development": 15198000.0,
        "Selling General And Administration": 46204000.0,
        "General And Administrative Expense": 46204000.0,
        "Other Gand A": 46204000.0,
        "Total Revenue": 0.0,
        "Operating Revenue": 0.0
    },
    "2024-09-30": {
        "Tax Effect Of Unusual Items": 0.0,
        "Tax Rate For Calcs": 0.0,
        "Normalized EBITDA": -30364000.0,
        "Total Unusual Items": NaN,
        "Total Unusual Items Excluding Goodwill": NaN,
        "Net Income From Continuing Operation Net Minority Interest": -27943000.0,
        "Reconciled Depreciation": 259000.0,
        "EBITDA": -30364000.0,
        "EBIT": -30623000.0,
        "Net Interest Income": 2618000.0,
        "Interest Income": 2618000.0,
        "Normalized Income": -27943000.0,
        "Net Income From Continuing And Discontinued Operation": -27943000.0,
        "Total Expenses": 30623000.0,
        "Total Operating Income As Reported": -30623000.0,
        "Diluted Average Shares": 47976000.0,
        "Basic Average Shares": 47976000.0,
        "Diluted EPS": -0.58,
        "Basic EPS": -0.58,
        "Diluted NI Availto Com Stockholders": -27943000.0,
        "Average Dilution Earnings": 0.0,
        "Net Income Common Stockholders": -27943000.0,
        "Net Income": -27943000.0,
        "Net Income Including Noncontrolling Interests": -27943000.0,
        "Net Income Continuous Operations": -27943000.0,
        "Pretax Income": -27943000.0,
        "Other Income Expense": 62000.0,
        "Other Non Operating Income Expenses": 62000.0,
        "Gain On Sale Of Security": NaN,
        "Net Non Operating Interest Income Expense": 2618000.0,
        "Interest Income Non Operating": 2618000.0,
        "Operating Income": -30623000.0,
        "Operating Expense": 30623000.0,
        "Research And Development": 17676000.0,
        "Selling General And Administration": 12947000.0,
        "General And Administrative Expense": 12947000.0,
        "Other Gand A": 12947000.0,
        "Total Revenue": 0.0,
        "Operating Revenue": 0.0
    },
    "2024-12-31": {
        "Tax Effect Of Unusual Items": 0.0,
        "Tax Rate For Calcs": 0.0,
        "Normalized EBITDA": -30059000.0,
        "Total Unusual Items": 0.0,
        "Total Unusual Items Excluding Goodwill": 0.0,
        "Net Income From Continuing Operation Net Minority Interest": -27597000.0,
        "Reconciled Depreciation": 260000.0,
        "EBITDA": -30059000.0,
        "EBIT": -30319000.0,
        "Net Interest Income": 1800000.0,
        "Interest Income": 1800000.0,
        "Normalized Income": -27597000.0,
        "Net Income From Continuing And Discontinued Operation": -27597000.0,
        "Total Expenses": 30319000.0,
        "Total Operating Income As Reported": -29487000.0,
        "Diluted Average Shares": 4809900000.0,
        "Basic Average Shares": 48099000.0,
        "Diluted EPS": -0.57,
        "Basic EPS": -0.57,
        "Diluted NI Availto Com Stockholders": -27597000.0,
        "Average Dilution Earnings": 0.0,
        "Net Income Common Stockholders": -27597000.0,
        "Net Income": -27597000.0,
        "Net Income Including Noncontrolling Interests": -27597000.0,
        "Net Income Continuous Operations": -27597000.0,
        "Pretax Income": -27597000.0,
        "Other Income Expense": 923000.0,
        "Other Non Operating Income Expenses": 923000.0,
        "Gain On Sale Of Security": 0.0,
        "Net Non Operating Interest Income Expense": 1800000.0,
        "Interest Income Non Operating": 1800000.0,
        "Operating Income": -30319000.0,
        "Operating Expense": 30319000.0,
        "Research And Development": 20530000.0,
        "Selling General And Administration": 8957000.0,
        "General And Administrative Expense": 8957000.0,
        "Other Gand A": 8957000.0,
        "Total Revenue": 0.0,
        "Operating Revenue": 0.0
    },
    "2025-03-31": {
        "Tax Effect Of Unusual Items": 0.0,
        "Tax Rate For Calcs": 0.0,
        "Normalized EBITDA": -24366000.0,
        "Total Unusual Items": NaN,
        "Total Unusual Items Excluding Goodwill": NaN,
        "Net Income From Continuing Operation Net Minority Interest": -23403000.0,
        "Reconciled Depreciation": 220000.0,
        "EBITDA": -24366000.0,
        "EBIT": -24586000.0,
        "Net Interest Income": 1265000.0,
        "Interest Income": 1265000.0,
        "Normalized Income": -23403000.0,
        "Net Income From Continuing And Discontinued Operation": -23403000.0,
        "Total Expenses": 24586000.0,
        "Total Operating Income As Reported": -24586000.0,
        "Diluted Average Shares": 48262000.0,
        "Basic Average Shares": 48262000.0,
        "Diluted EPS": -0.48,
        "Basic EPS": -0.48,
        "Diluted NI Availto Com Stockholders": -23403000.0,
        "Average Dilution Earnings": 0.0,
        "Net Income Common Stockholders": -23403000.0,
        "Net Income": -23403000.0,
        "Net Income Including Noncontrolling Interests": -23403000.0,
        "Net Income Continuous Operations": -23403000.0,
        "Pretax Income": -23403000.0,
        "Other Income Expense": -82000.0,
        "Other Non Operating Income Expenses": -82000.0,
        "Gain On Sale Of Security": NaN,
        "Net Non Operating Interest Income Expense": 1265000.0,
        "Interest Income Non Operating": 1265000.0,
        "Operating Income": -24586000.0,
        "Operating Expense": 24586000.0,
        "Research And Development": 13666000.0,
        "Selling General And Administration": 10920000.0,
        "General And Administrative Expense": 10920000.0,
        "Other Gand A": 10920000.0,
        "Total Revenue": 0.0,
        "Operating Revenue": 0.0
    }
}