{
    "2024-09-30": {
        "Tax Effect Of Unusual Items": 0.0,
        "Tax Rate For Calcs": 0.21,
        "Normalized EBITDA": 14131676.0,
        "Total Unusual Items": 0.0,
        "Total Unusual Items Excluding Goodwill": 0.0,
        "Net Income From Continuing Operation Net Minority Interest": 2832894.0,
        "Reconciled Depreciation": 1018359.0,
        "Reconciled Cost Of Revenue": 9512360.0,
        "EBITDA": 14131676.0,
        "EBIT": 13113317.0,
        "Net Interest Income": 2484.0,
        "Interest Expense": 5466.0,
        "Interest Income": 7950.0,
        "Normalized Income": 2832894.0,
        "Net Income From Continuing And Discontinued Operation": 2832894.0,
        "Total Expenses": 39250280.0,
        "Rent Expense Supplemental": 602787.0,
        "Total Operating Income As Reported": 13834603.0,
        "Diluted Average Shares": 95095144.0,
        "Basic Average Shares": 95095144.0,
        "Diluted EPS": 0.03,
        "Basic EPS": 0.03,
        "Diluted NI Availto Com Stockholders": 2832894.0,
        "Net Income Common Stockholders": 2832894.0,
        "Net Income": 2832894.0,
        "Minority Interests": -1573.0,
        "Net Income Including Noncontrolling Interests": 2834467.0,
        "Net Income Continuous Operations": 2834467.0,
        "Tax Provision": 10273384.0,
        "Pretax Income": 13107851.0,
        "Other Income Expense": -729236.0,
        "Other Non Operating Income Expenses": -729236.0,
        "Special Income Charges": 0.0,
        "Gain On Sale Of Business": 0.0,
        "Other Special Charges": NaN,
        "Gain On Sale Of Security": NaN,
        "Net Non Operating Interest Income Expense": 2484.0,
        "Interest Expense Non Operating": 5466.0,
        "Interest Income Non Operating": 7950.0,
        "Operating Income": 13834603.0,
        "Operating Expense": 29404487.0,
        "Other Taxes": 151609.0,
        "Depreciation Amortization Depletion Income Statement": 684926.0,
        "Depreciation And Amortization In Income Statement": 684926.0,
        "Selling General And Administration": 28567952.0,
        "Selling And Marketing Expense": 621759.0,
        "General And Administrative Expense": 27946193.0,
        "Other Gand A": 7491686.0,
        "Rent And Landing Fees": 602787.0,
        "Salaries And Wages": 19851720.0,
        "Gross Profit": 43239090.0,
        "Cost Of Revenue": 9845793.0,
        "Total Revenue": 53084883.0,
        "Operating Revenue": 53084883.0
    },
    "2024-06-30": {
        "Tax Effect Of Unusual Items": NaN,
        "Tax Rate For Calcs": NaN,
        "Normalized EBITDA": NaN,
        "Total Unusual Items": NaN,
        "Total Unusual Items Excluding Goodwill": NaN,
        "Net Income From Continuing Operation Net Minority Interest": NaN,
        "Reconciled Depreciation": NaN,
        "Reconciled Cost Of Revenue": NaN,
        "EBITDA": NaN,
        "EBIT": NaN,
        "Net Interest Income": NaN,
        "Interest Expense": NaN,
        "Interest Income": NaN,
        "Normalized Income": NaN,
        "Net Income From Continuing And Discontinued Operation": NaN,
        "Total Expenses": NaN,
        "Rent Expense Supplemental": 549160.0,
        "Total Operating Income As Reported": NaN,
        "Diluted Average Shares": 100743253.0,
        "Basic Average Shares": 100743253.0,
        "Diluted EPS": 0.18348,
        "Basic EPS": 0.18348,
        "Diluted NI Availto Com Stockholders": NaN,
        "Net Income Common Stockholders": NaN,
        "Net Income": NaN,
        "Minority Interests": NaN,
        "Net Income Including Noncontrolling Interests": NaN,
        "Net Income Continuous Operations": NaN,
        "Tax Provision": NaN,
        "Pretax Income": NaN,
        "Other Income Expense": NaN,
        "Other Non Operating Income Expenses": NaN,
        "Special Income Charges": NaN,
        "Gain On Sale Of Business": NaN,
        "Other Special Charges": NaN,
        "Gain On Sale Of Security": NaN,
        "Net Non Operating Interest Income Expense": NaN,
        "Interest Expense Non Operating": NaN,
        "Interest Income Non Operating": NaN,
        "Operating Income": NaN,
        "Operating Expense": NaN,
        "Other Taxes": 149278.0,
        "Depreciation Amortization Depletion Income Statement": 258654.0,
        "Depreciation And Amortization In Income Statement": 258654.0,
        "Selling General And Administration": NaN,
        "Selling And Marketing Expense": 223094.0,
        "General And Administrative Expense": NaN,
        "Other Gand A": NaN,
        "Rent And Landing Fees": 549160.0,
        "Salaries And Wages": NaN,
        "Gross Profit": NaN,
        "Cost Of Revenue": NaN,
        "Total Revenue": NaN,
        "Operating Revenue": NaN
    },
    "2023-12-31": {
        "Tax Effect Of Unusual Items": NaN,
        "Tax Rate For Calcs": NaN,
        "Normalized EBITDA": NaN,
        "Total Unusual Items": NaN,
        "Total Unusual Items Excluding Goodwill": NaN,
        "Net Income From Continuing Operation Net Minority Interest": NaN,
        "Reconciled Depreciation": NaN,
        "Reconciled Cost Of Revenue": NaN,
        "EBITDA": NaN,
        "EBIT": NaN,
        "Net Interest Income": NaN,
        "Interest Expense": NaN,
        "Interest Income": NaN,
        "Normalized Income": NaN,
        "Net Income From Continuing And Discontinued Operation": NaN,
        "Total Expenses": NaN,
        "Rent Expense Supplemental": NaN,
        "Total Operating Income As Reported": NaN,
        "Diluted Average Shares": NaN,
        "Basic Average Shares": NaN,
        "Diluted EPS": NaN,
        "Basic EPS": NaN,
        "Diluted NI Availto Com Stockholders": NaN,
        "Net Income Common Stockholders": NaN,
        "Net Income": NaN,
        "Minority Interests": NaN,
        "Net Income Including Noncontrolling Interests": NaN,
        "Net Income Continuous Operations": NaN,
        "Tax Provision": NaN,
        "Pretax Income": NaN,
        "Other Income Expense": NaN,
        "Other Non Operating Income Expenses": NaN,
        "Special Income Charges": NaN,
        "Gain On Sale Of Business": NaN,
        "Other Special Charges": 28264.0,
        "Gain On Sale Of Security": NaN,
        "Net Non Operating Interest Income Expense": NaN,
        "Interest Expense Non Operating": NaN,
        "Interest Income Non Operating": NaN,
        "Operating Income": NaN,
        "Operating Expense": NaN,
        "Other Taxes": NaN,
        "Depreciation Amortization Depletion Income Statement": NaN,
        "Depreciation And Amortization In Income Statement": NaN,
        "Selling General And Administration": NaN,
        "Selling And Marketing Expense": NaN,
        "General And Administrative Expense": NaN,
        "Other Gand A": NaN,
        "Rent And Landing Fees": NaN,
        "Salaries And Wages": NaN,
        "Gross Profit": NaN,
        "Cost Of Revenue": NaN,
        "Total Revenue": NaN,
        "Operating Revenue": NaN
    },
    "2023-09-30": {
        "Tax Effect Of Unusual Items": NaN,
        "Tax Rate For Calcs": NaN,
        "Normalized EBITDA": NaN,
        "Total Unusual Items": NaN,
        "Total Unusual Items Excluding Goodwill": NaN,
        "Net Income From Continuing Operation Net Minority Interest": NaN,
        "Reconciled Depreciation": NaN,
        "Reconciled Cost Of Revenue": NaN,
        "EBITDA": NaN,
        "EBIT": NaN,
        "Net Interest Income": NaN,
        "Interest Expense": NaN,
        "Interest Income": NaN,
        "Normalized Income": NaN,
        "Net Income From Continuing And Discontinued Operation": NaN,
        "Total Expenses": NaN,
        "Rent Expense Supplemental": NaN,
        "Total Operating Income As Reported": NaN,
        "Diluted Average Shares": 100743253.0,
        "Basic Average Shares": 100743253.0,
        "Diluted EPS": 0.082948,
        "Basic EPS": 0.082948,
        "Diluted NI Availto Com Stockholders": NaN,
        "Net Income Common Stockholders": NaN,
        "Net Income": NaN,
        "Minority Interests": NaN,
        "Net Income Including Noncontrolling Interests": NaN,
        "Net Income Continuous Operations": NaN,
        "Tax Provision": NaN,
        "Pretax Income": NaN,
        "Other Income Expense": NaN,
        "Other Non Operating Income Expenses": NaN,
        "Special Income Charges": NaN,
        "Gain On Sale Of Business": 0.0,
        "Other Special Charges": 28516.0,
        "Net Non Operating Interest Income Expense": NaN,
        "Interest Expense Non Operating": NaN,
        "Interest Income Non Operating": NaN,
        "Operating Income": NaN,
        "Operating Expense": NaN,
        "Other Taxes": NaN,
        "Depreciation Amortization Depletion Income Statement": NaN,
        "Depreciation And Amortization In Income Statement": NaN,
        "Selling General And Administration": NaN,
        "Selling And Marketing Expense": NaN,
        "General And Administrative Expense": NaN,
        "Other Gand A": NaN,
        "Rent And Landing Fees": NaN,
        "Salaries And Wages": NaN,
        "Gross Profit": NaN,
        "Cost Of Revenue": NaN,
        "Total Revenue": NaN,
        "Operating Revenue": NaN
    },
    "2024-12-31": {
        "Tax Effect Of Unusual Items": -3162382.65,
        "Tax Rate For Calcs": 0.21,
        "Normalized EBITDA": 22062294.0,
        "Total Unusual Items": -15058965.0,
        "Total Unusual Items Excluding Goodwill": -15058965.0,
        "Net Income From Continuing Operation Net Minority Interest": 6539221.0,
        "Reconciled Depreciation": 931596.0,
        "Reconciled Cost Of Revenue": 10548170.0,
        "EBITDA": 7003329.0,
        "EBIT": 6071733.0,
        "Net Interest Income": -29742.0,
        "Interest Expense": 12402.0,
        "Interest Income": -17340.0,
        "Normalized Income": 18435803.35,
        "Net Income From Continuing And Discontinued Operation": 6539221.0,
        "Total Expenses": 24643910.0,
        "Rent Expense Supplemental": NaN,
        "Total Operating Income As Reported": 4717662.0,
        "Diluted Average Shares": NaN,
        "Basic Average Shares": NaN,
        "Diluted EPS": NaN,
        "Basic EPS": NaN,
        "Diluted NI Availto Com Stockholders": 6539221.0,
        "Net Income Common Stockholders": 6539221.0,
        "Net Income": 6539221.0,
        "Minority Interests": -8663.0,
        "Net Income Including Noncontrolling Interests": 6547884.0,
        "Net Income Continuous Operations": 6547884.0,
        "Tax Provision": -488553.0,
        "Pretax Income": 6059331.0,
        "Other Income Expense": -13687554.0,
        "Other Non Operating Income Expenses": 1371411.0,
        "Special Income Charges": -15058965.0,
        "Gain On Sale Of Business": 0.0,
        "Other Special Charges": NaN,
        "Gain On Sale Of Security": NaN,
        "Net Non Operating Interest Income Expense": -29742.0,
        "Interest Expense Non Operating": 12402.0,
        "Interest Income Non Operating": -17340.0,
        "Operating Income": 19776627.0,
        "Operating Expense": 14095740.0,
        "Other Taxes": NaN,
        "Depreciation Amortization Depletion Income Statement": NaN,
        "Depreciation And Amortization In Income Statement": NaN,
        "Selling General And Administration": 14095740.0,
        "Selling And Marketing Expense": NaN,
        "General And Administrative Expense": 14095740.0,
        "Other Gand A": 13880503.0,
        "Rent And Landing Fees": NaN,
        "Salaries And Wages": 215237.0,
        "Gross Profit": 33872367.0,
        "Cost Of Revenue": 10548170.0,
        "Total Revenue": 44420537.0,
        "Operating Revenue": 44420537.0
    },
    "2025-03-31": {
        "Tax Effect Of Unusual Items": 2769901.9046,
        "Tax Rate For Calcs": 0.3167,
        "Normalized EBITDA": 23339780.0,
        "Total Unusual Items": 8746138.0,
        "Total Unusual Items Excluding Goodwill": 8746138.0,
        "Net Income From Continuing Operation Net Minority Interest": 21502446.0,
        "Reconciled Depreciation": 628304.0,
        "Reconciled Cost Of Revenue": 9428718.0,
        "EBITDA": 32085918.0,
        "EBIT": 31457614.0,
        "Net Interest Income": 49126.0,
        "Interest Expense": 6207.0,
        "Interest Income": 55333.0,
        "Normalized Income": 15526209.9046,
        "Net Income From Continuing And Discontinued Operation": 21502446.0,
        "Total Expenses": 23126627.0,
        "Rent Expense Supplemental": 640589.0,
        "Total Operating Income As Reported": 24202074.0,
        "Diluted Average Shares": 103276637.0,
        "Basic Average Shares": 103276637.0,
        "Diluted EPS": 0.21,
        "Basic EPS": 0.21,
        "Diluted NI Availto Com Stockholders": 21502446.0,
        "Net Income Common Stockholders": 21502446.0,
        "Net Income": 21502446.0,
        "Minority Interests": 10496.0,
        "Net Income Including Noncontrolling Interests": 21491950.0,
        "Net Income Continuous Operations": 21491950.0,
        "Tax Provision": 9959457.0,
        "Pretax Income": 31451407.0,
        "Other Income Expense": 7200207.0,
        "Other Non Operating Income Expenses": -1545931.0,
        "Special Income Charges": 8746138.0,
        "Gain On Sale Of Business": 0.0,
        "Other Special Charges": -8746138.0,
        "Gain On Sale Of Security": NaN,
        "Net Non Operating Interest Income Expense": 49126.0,
        "Interest Expense Non Operating": 6207.0,
        "Interest Income Non Operating": 55333.0,
        "Operating Income": 24202074.0,
        "Operating Expense": 13531010.0,
        "Other Taxes": 245462.0,
        "Depreciation Amortization Depletion Income Statement": 461405.0,
        "Depreciation And Amortization In Income Statement": 461405.0,
        "Selling General And Administration": 12824143.0,
        "Selling And Marketing Expense": 682166.0,
        "General And Administrative Expense": 12141977.0,
        "Other Gand A": 4815269.0,
        "Rent And Landing Fees": 640589.0,
        "Salaries And Wages": 6686119.0,
        "Gross Profit": 37733084.0,
        "Cost Of Revenue": 9595617.0,
        "Total Revenue": 47328701.0,
        "Operating Revenue": 47328701.0
    },
    "2024-03-31": {
        "Tax Effect Of Unusual Items": NaN,
        "Tax Rate For Calcs": NaN,
        "Normalized EBITDA": NaN,
        "Total Unusual Items": NaN,
        "Total Unusual Items Excluding Goodwill": NaN,
        "Net Income From Continuing Operation Net Minority Interest": NaN,
        "Reconciled Depreciation": NaN,
        "Reconciled Cost Of Revenue": NaN,
        "EBITDA": NaN,
        "EBIT": NaN,
        "Net Interest Income": NaN,
        "Interest Expense": NaN,
        "Interest Income": NaN,
        "Normalized Income": NaN,
        "Net Income From Continuing And Discontinued Operation": NaN,
        "Total Expenses": NaN,
        "Rent Expense Supplemental": 684770.0,
        "Total Operating Income As Reported": NaN,
        "Diluted Average Shares": 100743253.0,
        "Basic Average Shares": 100743253.0,
        "Diluted EPS": 0.186194,
        "Basic EPS": 0.186194,
        "Diluted NI Availto Com Stockholders": NaN,
        "Net Income Common Stockholders": NaN,
        "Net Income": NaN,
        "Minority Interests": NaN,
        "Net Income Including Noncontrolling Interests": NaN,
        "Net Income Continuous Operations": NaN,
        "Tax Provision": NaN,
        "Pretax Income": NaN,
        "Other Income Expense": NaN,
        "Other Non Operating Income Expenses": NaN,
        "Special Income Charges": NaN,
        "Gain On Sale Of Business": NaN,
        "Other Special Charges": NaN,
        "Gain On Sale Of Security": NaN,
        "Net Non Operating Interest Income Expense": NaN,
        "Interest Expense Non Operating": NaN,
        "Interest Income Non Operating": NaN,
        "Operating Income": NaN,
        "Operating Expense": NaN,
        "Other Taxes": 100056.0,
        "Depreciation Amortization Depletion Income Statement": 968704.0,
        "Depreciation And Amortization In Income Statement": 968704.0,
        "Selling General And Administration": NaN,
        "Selling And Marketing Expense": 711630.0,
        "General And Administrative Expense": NaN,
        "Other Gand A": NaN,
        "Rent And Landing Fees": 684770.0,
        "Salaries And Wages": NaN,
        "Gross Profit": NaN,
        "Cost Of Revenue": NaN,
        "Total Revenue": NaN,
        "Operating Revenue": NaN
    },
    "2025-06-30": {
        "Tax Effect Of Unusual Items": 23442.72,
        "Tax Rate For Calcs": 0.21,
        "Normalized EBITDA": 14114481.0,
        "Total Unusual Items": 111632.0,
        "Total Unusual Items Excluding Goodwill": 111632.0,
        "Net Income From Continuing Operation Net Minority Interest": 2458240.0,
        "Reconciled Depreciation": 636101.0,
        "Reconciled Cost Of Revenue": 13183932.0,
        "EBITDA": 14226113.0,
        "EBIT": 13590012.0,
        "Net Interest Income": -26769.0,
        "Interest Expense": 49651.0,
        "Interest Income": 22882.0,
        "Normalized Income": 2370050.72,
        "Net Income From Continuing And Discontinued Operation": 2458240.0,
        "Total Expenses": 28804655.0,
        "Rent Expense Supplemental": 558738.0,
        "Total Operating Income As Reported": 14554192.0,
        "Diluted Average Shares": 103507249.0,
        "Basic Average Shares": 103507249.0,
        "Diluted EPS": 0.02,
        "Basic EPS": 0.02,
        "Diluted NI Availto Com Stockholders": 2458240.0,
        "Net Income Common Stockholders": 2458240.0,
        "Net Income": 2458240.0,
        "Minority Interests": 18388.0,
        "Net Income Including Noncontrolling Interests": 2439852.0,
        "Net Income Continuous Operations": 2439852.0,
        "Tax Provision": 11100509.0,
        "Pretax Income": 13540361.0,
        "Other Income Expense": -987062.0,
        "Other Non Operating Income Expenses": -1098694.0,
        "Special Income Charges": 0.0,
        "Gain On Sale Of Business": 0.0,
        "Other Special Charges": NaN,
        "Gain On Sale Of Security": 111632.0,
        "Net Non Operating Interest Income Expense": -26769.0,
        "Interest Expense Non Operating": 49651.0,
        "Interest Income Non Operating": 22882.0,
        "Operating Income": 14554192.0,
        "Operating Expense": 15456385.0,
        "Other Taxes": 591817.0,
        "Depreciation Amortization Depletion Income Statement": 471763.0,
        "Depreciation And Amortization In Income Statement": 471763.0,
        "Selling General And Administration": 14392805.0,
        "Selling And Marketing Expense": 973933.0,
        "General And Administrative Expense": 13418872.0,
        "Other Gand A": 5952370.0,
        "Rent And Landing Fees": 558738.0,
        "Salaries And Wages": 6907764.0,
        "Gross Profit": 30010577.0,
        "Cost Of Revenue": 13348270.0,
        "Total Revenue": 43358847.0,
        "Operating Revenue": 43358847.0
    },
    "2025-09-30": {
        "Tax Effect Of Unusual Items": 10547.027381,
        "Tax Rate For Calcs": 0.306564,
        "Normalized EBITDA": 19267306.0,
        "Total Unusual Items": 34404.0,
        "Total Unusual Items Excluding Goodwill": 34404.0,
        "Net Income From Continuing Operation Net Minority Interest": 12824636.0,
        "Reconciled Depreciation": 746211.0,
        "Reconciled Cost Of Revenue": 12705957.0,
        "EBITDA": 19301710.0,
        "EBIT": 18555499.0,
        "Net Interest Income": 71749.0,
        "Interest Expense": 48635.0,
        "Interest Income": 120384.0,
        "Normalized Income": 12800779.027381,
        "Net Income From Continuing And Discontinued Operation": 12824636.0,
        "Total Expenses": 27471995.0,
        "Rent Expense Supplemental": 607885.0,
        "Total Operating Income As Reported": 15881240.0,
        "Diluted Average Shares": 102642634.0,
        "Basic Average Shares": 102642634.0,
        "Diluted EPS": 0.12,
        "Basic EPS": 0.12,
        "Diluted NI Availto Com Stockholders": 12824636.0,
        "Net Income Common Stockholders": 12824636.0,
        "Net Income": 12824636.0,
        "Minority Interests": -8690.0,
        "Net Income Including Noncontrolling Interests": 12833326.0,
        "Net Income Continuous Operations": 12833326.0,
        "Tax Provision": 5673538.0,
        "Pretax Income": 18506864.0,
        "Other Income Expense": 2553875.0,
        "Other Non Operating Income Expenses": 2519471.0,
        "Special Income Charges": 0.0,
        "Gain On Sale Of Business": 0.0,
        "Other Special Charges": NaN,
        "Gain On Sale Of Security": 34404.0,
        "Net Non Operating Interest Income Expense": 71749.0,
        "Interest Expense Non Operating": 48635.0,
        "Interest Income Non Operating": 120384.0,
        "Operating Income": 15881240.0,
        "Operating Expense": 14730247.0,
        "Other Taxes": 70772.0,
        "Depreciation Amortization Depletion Income Statement": 710420.0,
        "Depreciation And Amortization In Income Statement": 710420.0,
        "Selling General And Administration": 13949055.0,
        "Selling And Marketing Expense": 300675.0,
        "General And Administrative Expense": 13648380.0,
        "Other Gand A": 6284328.0,
        "Rent And Landing Fees": 607885.0,
        "Salaries And Wages": 6756167.0,
        "Gross Profit": 30611487.0,
        "Cost Of Revenue": 12741748.0,
        "Total Revenue": 43353235.0,
        "Operating Revenue": 43353235.0
    }
}