{
    "2023-03-31": {
        "Tax Effect Of Unusual Items": NaN,
        "Tax Rate For Calcs": NaN,
        "Normalized EBITDA": NaN,
        "Total Unusual Items": NaN,
        "Total Unusual Items Excluding Goodwill": NaN,
        "Net Income From Continuing Operation Net Minority Interest": NaN,
        "Reconciled Depreciation": NaN,
        "Reconciled Cost Of Revenue": NaN,
        "EBITDA": NaN,
        "EBIT": NaN,
        "Net Interest Income": NaN,
        "Interest Expense": NaN,
        "Interest Income": NaN,
        "Normalized Income": NaN,
        "Net Income From Continuing And Discontinued Operation": NaN,
        "Total Expenses": NaN,
        "Total Operating Income As Reported": NaN,
        "Diluted Average Shares": 11018.0,
        "Basic Average Shares": 11018.0,
        "Diluted EPS": -154.6,
        "Basic EPS": -154.6,
        "Diluted NI Availto Com Stockholders": NaN,
        "Net Income Common Stockholders": NaN,
        "Net Income": NaN,
        "Net Income Including Noncontrolling Interests": NaN,
        "Net Income Continuous Operations": NaN,
        "Tax Provision": NaN,
        "Pretax Income": NaN,
        "Other Income Expense": NaN,
        "Special Income Charges": NaN,
        "Gain On Sale Of Security": NaN,
        "Net Non Operating Interest Income Expense": NaN,
        "Interest Expense Non Operating": NaN,
        "Interest Income Non Operating": NaN,
        "Operating Income": NaN,
        "Operating Expense": NaN,
        "Other Taxes": NaN,
        "Depreciation Amortization Depletion Income Statement": NaN,
        "Depreciation And Amortization In Income Statement": NaN,
        "Depreciation Income Statement": NaN,
        "Research And Development": NaN,
        "Selling General And Administration": NaN,
        "Selling And Marketing Expense": NaN,
        "General And Administrative Expense": NaN,
        "Other Gand A": NaN,
        "Salaries And Wages": NaN,
        "Gross Profit": NaN,
        "Cost Of Revenue": NaN,
        "Total Revenue": NaN,
        "Operating Revenue": NaN
    },
    "2022-12-31": {
        "Tax Effect Of Unusual Items": NaN,
        "Tax Rate For Calcs": NaN,
        "Normalized EBITDA": NaN,
        "Total Unusual Items": NaN,
        "Total Unusual Items Excluding Goodwill": NaN,
        "Net Income From Continuing Operation Net Minority Interest": NaN,
        "Reconciled Depreciation": NaN,
        "Reconciled Cost Of Revenue": NaN,
        "EBITDA": NaN,
        "EBIT": NaN,
        "Net Interest Income": NaN,
        "Interest Expense": NaN,
        "Interest Income": NaN,
        "Normalized Income": NaN,
        "Net Income From Continuing And Discontinued Operation": NaN,
        "Total Expenses": NaN,
        "Total Operating Income As Reported": NaN,
        "Diluted Average Shares": NaN,
        "Basic Average Shares": NaN,
        "Diluted EPS": NaN,
        "Basic EPS": NaN,
        "Diluted NI Availto Com Stockholders": NaN,
        "Net Income Common Stockholders": NaN,
        "Net Income": NaN,
        "Net Income Including Noncontrolling Interests": NaN,
        "Net Income Continuous Operations": NaN,
        "Tax Provision": NaN,
        "Pretax Income": NaN,
        "Other Income Expense": NaN,
        "Special Income Charges": -18326719.0,
        "Other Special Charges": 0.0,
        "Gain On Sale Of Security": NaN,
        "Net Non Operating Interest Income Expense": NaN,
        "Interest Expense Non Operating": NaN,
        "Interest Income Non Operating": NaN,
        "Operating Income": NaN,
        "Operating Expense": NaN,
        "Other Taxes": NaN,
        "Depreciation Amortization Depletion Income Statement": NaN,
        "Depreciation And Amortization In Income Statement": NaN,
        "Depreciation Income Statement": NaN,
        "Research And Development": NaN,
        "Selling General And Administration": NaN,
        "Selling And Marketing Expense": NaN,
        "General And Administrative Expense": NaN,
        "Other Gand A": NaN,
        "Salaries And Wages": NaN,
        "Gross Profit": NaN,
        "Cost Of Revenue": NaN,
        "Total Revenue": NaN,
        "Operating Revenue": NaN
    },
    "2022-09-30": {
        "Tax Effect Of Unusual Items": NaN,
        "Tax Rate For Calcs": NaN,
        "Normalized EBITDA": NaN,
        "Total Unusual Items": NaN,
        "Total Unusual Items Excluding Goodwill": NaN,
        "Net Income From Continuing Operation Net Minority Interest": NaN,
        "Reconciled Depreciation": NaN,
        "Reconciled Cost Of Revenue": NaN,
        "EBITDA": NaN,
        "EBIT": NaN,
        "Net Interest Income": NaN,
        "Interest Expense": NaN,
        "Interest Income": NaN,
        "Normalized Income": NaN,
        "Net Income From Continuing And Discontinued Operation": NaN,
        "Total Expenses": NaN,
        "Total Operating Income As Reported": NaN,
        "Diluted Average Shares": 188856.0,
        "Basic Average Shares": 188856.0,
        "Diluted EPS": -8.0,
        "Basic EPS": -8.0,
        "Diluted NI Availto Com Stockholders": NaN,
        "Net Income Common Stockholders": NaN,
        "Net Income": NaN,
        "Net Income Including Noncontrolling Interests": NaN,
        "Net Income Continuous Operations": NaN,
        "Tax Provision": NaN,
        "Pretax Income": NaN,
        "Other Income Expense": NaN,
        "Special Income Charges": 0.0,
        "Other Special Charges": NaN,
        "Gain On Sale Of Security": NaN,
        "Net Non Operating Interest Income Expense": NaN,
        "Interest Expense Non Operating": NaN,
        "Interest Income Non Operating": NaN,
        "Operating Income": NaN,
        "Operating Expense": NaN,
        "Other Taxes": NaN,
        "Depreciation Amortization Depletion Income Statement": NaN,
        "Depreciation And Amortization In Income Statement": NaN,
        "Depreciation Income Statement": 789.0,
        "Research And Development": NaN,
        "Selling General And Administration": NaN,
        "Selling And Marketing Expense": NaN,
        "General And Administrative Expense": NaN,
        "Other Gand A": NaN,
        "Salaries And Wages": NaN,
        "Gross Profit": NaN,
        "Cost Of Revenue": NaN,
        "Total Revenue": NaN,
        "Operating Revenue": NaN
    },
    "2022-06-30": {
        "Tax Effect Of Unusual Items": 0.0,
        "Tax Rate For Calcs": 0.0,
        "Normalized EBITDA": -547466.0,
        "Total Unusual Items": 10881.0,
        "Total Unusual Items Excluding Goodwill": 10881.0,
        "Net Income From Continuing Operation Net Minority Interest": -538872.0,
        "Reconciled Depreciation": 2287.0,
        "Reconciled Cost Of Revenue": 74683.0,
        "EBITDA": -536585.0,
        "EBIT": -538872.0,
        "Net Interest Income": 146043.0,
        "Interest Expense": 0.0,
        "Interest Income": 146043.0,
        "Normalized Income": -549753.0,
        "Net Income From Continuing And Discontinued Operation": -538872.0,
        "Total Expenses": 846103.0,
        "Total Operating Income As Reported": -695796.0,
        "Diluted Average Shares": 15849518.0,
        "Basic Average Shares": 15849518.0,
        "Diluted EPS": -0.03,
        "Basic EPS": -0.03,
        "Diluted NI Availto Com Stockholders": -538872.0,
        "Net Income Common Stockholders": -538872.0,
        "Net Income": -538872.0,
        "Net Income Including Noncontrolling Interests": -538872.0,
        "Net Income Continuous Operations": -538872.0,
        "Tax Provision": 0.0,
        "Pretax Income": -538872.0,
        "Other Income Expense": 10881.0,
        "Special Income Charges": 10852.0,
        "Other Special Charges": -10852.0,
        "Gain On Sale Of Security": 29.0,
        "Net Non Operating Interest Income Expense": 146043.0,
        "Interest Expense Non Operating": 0.0,
        "Interest Income Non Operating": 146043.0,
        "Operating Income": -695796.0,
        "Operating Expense": 771420.0,
        "Other Taxes": NaN,
        "Depreciation Amortization Depletion Income Statement": 2287.0,
        "Depreciation And Amortization In Income Statement": 2287.0,
        "Depreciation Income Statement": 2287.0,
        "Research And Development": 45943.0,
        "Selling General And Administration": 723190.0,
        "Selling And Marketing Expense": 87680.0,
        "General And Administrative Expense": 635510.0,
        "Other Gand A": 345510.0,
        "Salaries And Wages": 290000.0,
        "Gross Profit": 75624.0,
        "Cost Of Revenue": 74683.0,
        "Total Revenue": 150307.0,
        "Operating Revenue": 150307.0
    },
    "2022-03-31": {
        "Diluted EPS": -0.23,
        "Total Revenue": 0,
        "Gross Profit": 0,
        "Operating Income": -1,
        "EBIT": -1,
        "Net Income": -1
    },
    "2021-12-31": {
        "Diluted EPS": 0.86,
        "Total Revenue": 0,
        "Gross Profit": 0,
        "Operating Income": 0,
        "EBIT": 0,
        "Net Income": 1
    },
    "2021-09-30": {
        "Diluted EPS": -1.59,
        "Total Revenue": 0,
        "Gross Profit": 0,
        "Operating Income": 0,
        "EBIT": 0,
        "Net Income": -4
    },
    "2021-06-30": {
        "Diluted EPS": -1.21,
        "Total Revenue": 0,
        "Gross Profit": 0,
        "Operating Income": 0,
        "EBIT": 0,
        "Net Income": -3
    },
    "2021-03-31": {
        "Diluted EPS": -2.82,
        "Total Revenue": 0,
        "Gross Profit": 0,
        "Operating Income": -1,
        "EBIT": -1,
        "Net Income": -6
    },
    "2020-12-31": {
        "Diluted EPS": -2.72,
        "Total Revenue": 0,
        "Gross Profit": 0,
        "Operating Income": 0,
        "EBIT": 0,
        "Net Income": -1
    },
    "2020-09-30": {
        "Diluted EPS": 0.0,
        "Total Revenue": 0,
        "Gross Profit": 0,
        "Operating Income": 0,
        "EBIT": 0,
        "Net Income": -1
    },
    "2020-06-30": {
        "Diluted EPS": -0.01,
        "Total Revenue": 0,
        "Gross Profit": 0,
        "Operating Income": 0,
        "EBIT": 0,
        "Net Income": -1
    },
    "2020-03-31": {
        "Diluted EPS": 0.0,
        "Total Revenue": 0,
        "Gross Profit": 0,
        "Operating Income": 0,
        "EBIT": 0,
        "Net Income": 0
    },
    "2019-12-31": {
        "Diluted EPS": 0.08,
        "Total Revenue": 0,
        "Gross Profit": 0,
        "Operating Income": 0,
        "EBIT": 0,
        "Net Income": -1
    },
    "2019-09-30": {
        "Diluted EPS": -0.04,
        "Total Revenue": 0,
        "Gross Profit": 0,
        "Operating Income": 0,
        "EBIT": 0,
        "Net Income": 0
    },
    "2019-06-30": {
        "Diluted EPS": -0.14,
        "Total Revenue": 0,
        "Gross Profit": 0,
        "Operating Income": 0,
        "EBIT": 0,
        "Net Income": 0
    },
    "2019-03-31": {
        "Diluted EPS": -0.05,
        "Total Revenue": 0,
        "Gross Profit": 0,
        "Operating Income": 0,
        "EBIT": 0,
        "Net Income": 0
    },
    "2018-12-31": {
        "Diluted EPS": -0.69,
        "Total Revenue": NaN,
        "Gross Profit": NaN,
        "Operating Income": 0,
        "EBIT": 0,
        "Net Income": 0
    },
    "2018-09-30": {
        "Diluted EPS": -0.02,
        "Total Revenue": NaN,
        "Gross Profit": NaN,
        "Operating Income": 0,
        "EBIT": 0,
        "Net Income": -1
    },
    "2018-06-30": {
        "Diluted EPS": 0.01,
        "Total Revenue": NaN,
        "Gross Profit": NaN,
        "Operating Income": -1,
        "EBIT": -1,
        "Net Income": -1
    },
    "2018-03-31": {
        "Diluted EPS": -0.01,
        "Total Revenue": 0,
        "Gross Profit": 0,
        "Operating Income": 0,
        "EBIT": 0,
        "Net Income": 0
    },
    "2017-12-31": {
        "Diluted EPS": 0.0,
        "Total Revenue": NaN,
        "Gross Profit": NaN,
        "Operating Income": 0,
        "EBIT": 0,
        "Net Income": 0
    },
    "2017-09-30": {
        "Diluted EPS": 0.0,
        "Total Revenue": NaN,
        "Gross Profit": NaN,
        "Operating Income": 0,
        "EBIT": 0,
        "Net Income": 0
    },
    "2017-06-30": {
        "Diluted EPS": 0.0,
        "Total Revenue": NaN,
        "Gross Profit": NaN,
        "Operating Income": 0,
        "EBIT": 0,
        "Net Income": 0
    },
    "2017-03-31": {
        "Diluted EPS": 0.0,
        "Total Revenue": NaN,
        "Gross Profit": NaN,
        "Operating Income": 0,
        "EBIT": 0,
        "Net Income": 0
    },
    "2016-12-31": {
        "Diluted EPS": 0.0,
        "Total Revenue": NaN,
        "Gross Profit": NaN,
        "Operating Income": 0,
        "EBIT": 0,
        "Net Income": -1
    },
    "2016-09-30": {
        "Diluted EPS": 0.0,
        "Total Revenue": NaN,
        "Gross Profit": NaN,
        "Operating Income": 0,
        "EBIT": 0,
        "Net Income": -2
    },
    "2016-06-30": {
        "Diluted EPS": 0.0,
        "Total Revenue": NaN,
        "Gross Profit": NaN,
        "Operating Income": 0,
        "EBIT": 0,
        "Net Income": 0
    },
    "2016-03-31": {
        "Diluted EPS": 0.0,
        "Total Revenue": NaN,
        "Gross Profit": NaN,
        "Operating Income": 0,
        "EBIT": 0,
        "Net Income": 0
    },
    "2015-12-31": {
        "Diluted EPS": 0.0,
        "Total Revenue": NaN,
        "Gross Profit": NaN,
        "Operating Income": 0,
        "EBIT": 0,
        "Net Income": -1
    },
    "2015-09-30": {
        "Diluted EPS": 0.0,
        "Total Revenue": NaN,
        "Gross Profit": NaN,
        "Operating Income": 0,
        "EBIT": 0,
        "Net Income": 0
    },
    "2015-06-30": {
        "Diluted EPS": 0.0,
        "Total Revenue": NaN,
        "Gross Profit": NaN,
        "Operating Income": 0,
        "EBIT": 0,
        "Net Income": -1
    },
    "2015-03-31": {
        "Diluted EPS": 0.0,
        "Total Revenue": NaN,
        "Gross Profit": NaN,
        "Operating Income": 0,
        "EBIT": 0,
        "Net Income": 0
    },
    "2014-12-31": {
        "Diluted EPS": -0.01,
        "Total Revenue": NaN,
        "Gross Profit": NaN,
        "Operating Income": 0,
        "EBIT": 0,
        "Net Income": 0
    },
    "2014-09-30": {
        "Diluted EPS": 0.0,
        "Total Revenue": NaN,
        "Gross Profit": NaN,
        "Operating Income": 0,
        "EBIT": 0,
        "Net Income": 0
    },
    "2014-06-30": {
        "Diluted EPS": -0.01,
        "Total Revenue": NaN,
        "Gross Profit": NaN,
        "Operating Income": -1,
        "EBIT": -1,
        "Net Income": -1
    },
    "2014-03-31": {
        "Diluted EPS": -0.01,
        "Total Revenue": NaN,
        "Gross Profit": NaN,
        "Operating Income": 0,
        "EBIT": 0,
        "Net Income": -1
    },
    "2013-12-31": {
        "Diluted EPS": -0.01,
        "Total Revenue": NaN,
        "Gross Profit": NaN,
        "Operating Income": -1,
        "EBIT": -1,
        "Net Income": -1
    },
    "2013-09-30": {
        "Diluted EPS": 0.0,
        "Total Revenue": NaN,
        "Gross Profit": NaN,
        "Operating Income": 0,
        "EBIT": 0,
        "Net Income": 0
    },
    "2013-06-30": {
        "Diluted EPS": 0.0,
        "Total Revenue": NaN,
        "Gross Profit": NaN,
        "Operating Income": 0,
        "EBIT": 0,
        "Net Income": 0
    },
    "2013-03-31": {
        "Diluted EPS": -0.03,
        "Total Revenue": NaN,
        "Gross Profit": NaN,
        "Operating Income": -1,
        "EBIT": -1,
        "Net Income": -1
    },
    "2012-12-31": {
        "Diluted EPS": 0.0,
        "Total Revenue": NaN,
        "Gross Profit": NaN,
        "Operating Income": 0,
        "EBIT": 0,
        "Net Income": 0
    },
    "2012-09-30": {
        "Diluted EPS": -0.01,
        "Total Revenue": NaN,
        "Gross Profit": NaN,
        "Operating Income": 0,
        "EBIT": 0,
        "Net Income": -1
    },
    "2012-06-30": {
        "Diluted EPS": 0.0,
        "Total Revenue": NaN,
        "Gross Profit": NaN,
        "Operating Income": 0,
        "EBIT": 0,
        "Net Income": 0
    },
    "2012-03-31": {
        "Diluted EPS": 0.0,
        "Total Revenue": NaN,
        "Gross Profit": NaN,
        "Operating Income": 0,
        "EBIT": 0,
        "Net Income": 0
    },
    "2011-12-31": {
        "Diluted EPS": 0.0,
        "Total Revenue": NaN,
        "Gross Profit": NaN,
        "Operating Income": 0,
        "EBIT": 0,
        "Net Income": 0
    },
    "2011-09-30": {
        "Diluted EPS": 0.0,
        "Total Revenue": NaN,
        "Gross Profit": NaN,
        "Operating Income": 0,
        "EBIT": 0,
        "Net Income": 0
    },
    "2011-06-30": {
        "Diluted EPS": 0.0,
        "Total Revenue": NaN,
        "Gross Profit": NaN,
        "Operating Income": 0,
        "EBIT": 0,
        "Net Income": 0
    },
    "2011-03-31": {
        "Diluted EPS": 0.0,
        "Total Revenue": NaN,
        "Gross Profit": NaN,
        "Operating Income": 0,
        "EBIT": 0,
        "Net Income": 0
    },
    "2023-06-30": {
        "Tax Effect Of Unusual Items": NaN,
        "Tax Rate For Calcs": NaN,
        "Normalized EBITDA": NaN,
        "Total Unusual Items": NaN,
        "Total Unusual Items Excluding Goodwill": NaN,
        "Net Income From Continuing Operation Net Minority Interest": NaN,
        "Reconciled Depreciation": NaN,
        "Reconciled Cost Of Revenue": NaN,
        "EBITDA": NaN,
        "EBIT": NaN,
        "Net Interest Income": NaN,
        "Interest Expense": NaN,
        "Interest Income": NaN,
        "Normalized Income": NaN,
        "Net Income From Continuing And Discontinued Operation": NaN,
        "Total Expenses": NaN,
        "Total Operating Income As Reported": NaN,
        "Diluted Average Shares": 1267500.0,
        "Basic Average Shares": 1267500.0,
        "Diluted EPS": -0.7117,
        "Basic EPS": -0.7117,
        "Diluted NI Availto Com Stockholders": NaN,
        "Net Income Common Stockholders": NaN,
        "Net Income": NaN,
        "Net Income Including Noncontrolling Interests": NaN,
        "Net Income Continuous Operations": NaN,
        "Tax Provision": NaN,
        "Pretax Income": NaN,
        "Other Income Expense": NaN,
        "Special Income Charges": 0.0,
        "Gain On Sale Of Security": NaN,
        "Net Non Operating Interest Income Expense": NaN,
        "Interest Expense Non Operating": NaN,
        "Interest Income Non Operating": NaN,
        "Operating Income": NaN,
        "Operating Expense": NaN,
        "Other Taxes": NaN,
        "Depreciation Amortization Depletion Income Statement": NaN,
        "Depreciation And Amortization In Income Statement": NaN,
        "Depreciation Income Statement": 34877.0,
        "Research And Development": NaN,
        "Selling General And Administration": NaN,
        "Selling And Marketing Expense": NaN,
        "General And Administrative Expense": NaN,
        "Other Gand A": NaN,
        "Salaries And Wages": NaN,
        "Gross Profit": NaN,
        "Cost Of Revenue": NaN,
        "Total Revenue": NaN,
        "Operating Revenue": NaN
    },
    "2023-09-30": {
        "Tax Effect Of Unusual Items": NaN,
        "Tax Rate For Calcs": NaN,
        "Normalized EBITDA": NaN,
        "Total Unusual Items": NaN,
        "Total Unusual Items Excluding Goodwill": NaN,
        "Net Income From Continuing Operation Net Minority Interest": NaN,
        "Reconciled Depreciation": NaN,
        "Reconciled Cost Of Revenue": NaN,
        "EBITDA": NaN,
        "EBIT": NaN,
        "Net Interest Income": NaN,
        "Interest Expense": NaN,
        "Interest Income": NaN,
        "Normalized Income": NaN,
        "Net Income From Continuing And Discontinued Operation": NaN,
        "Total Expenses": NaN,
        "Total Operating Income As Reported": NaN,
        "Diluted Average Shares": 12845.0,
        "Basic Average Shares": 12845.0,
        "Diluted EPS": -50.72,
        "Basic EPS": -50.72,
        "Diluted NI Availto Com Stockholders": NaN,
        "Net Income Common Stockholders": NaN,
        "Net Income": NaN,
        "Net Income Including Noncontrolling Interests": NaN,
        "Net Income Continuous Operations": NaN,
        "Tax Provision": NaN,
        "Pretax Income": NaN,
        "Other Income Expense": NaN,
        "Special Income Charges": 0.0,
        "Gain On Sale Of Security": NaN,
        "Net Non Operating Interest Income Expense": NaN,
        "Interest Expense Non Operating": NaN,
        "Interest Income Non Operating": NaN,
        "Operating Income": NaN,
        "Operating Expense": NaN,
        "Other Taxes": NaN,
        "Depreciation Amortization Depletion Income Statement": NaN,
        "Depreciation And Amortization In Income Statement": NaN,
        "Depreciation Income Statement": 37210.0,
        "Research And Development": NaN,
        "Selling General And Administration": NaN,
        "Selling And Marketing Expense": NaN,
        "General And Administrative Expense": NaN,
        "Other Gand A": NaN,
        "Salaries And Wages": NaN,
        "Gross Profit": NaN,
        "Cost Of Revenue": NaN,
        "Total Revenue": NaN,
        "Operating Revenue": NaN
    },
    "2023-12-31": {
        "Tax Effect Of Unusual Items": NaN,
        "Tax Rate For Calcs": NaN,
        "Normalized EBITDA": NaN,
        "Total Unusual Items": NaN,
        "Total Unusual Items Excluding Goodwill": NaN,
        "Net Income From Continuing Operation Net Minority Interest": NaN,
        "Reconciled Depreciation": NaN,
        "Reconciled Cost Of Revenue": NaN,
        "EBITDA": NaN,
        "EBIT": NaN,
        "Net Interest Income": NaN,
        "Interest Expense": NaN,
        "Interest Income": NaN,
        "Normalized Income": NaN,
        "Net Income From Continuing And Discontinued Operation": NaN,
        "Total Expenses": NaN,
        "Total Operating Income As Reported": NaN,
        "Diluted Average Shares": NaN,
        "Basic Average Shares": NaN,
        "Diluted EPS": NaN,
        "Basic EPS": NaN,
        "Diluted NI Availto Com Stockholders": NaN,
        "Net Income Common Stockholders": NaN,
        "Net Income": NaN,
        "Net Income Including Noncontrolling Interests": NaN,
        "Net Income Continuous Operations": NaN,
        "Tax Provision": NaN,
        "Pretax Income": NaN,
        "Other Income Expense": NaN,
        "Special Income Charges": 0.0,
        "Gain On Sale Of Security": NaN,
        "Net Non Operating Interest Income Expense": NaN,
        "Interest Expense Non Operating": NaN,
        "Interest Income Non Operating": NaN,
        "Operating Income": NaN,
        "Operating Expense": NaN,
        "Other Taxes": NaN,
        "Depreciation Amortization Depletion Income Statement": NaN,
        "Depreciation And Amortization In Income Statement": NaN,
        "Depreciation Income Statement": NaN,
        "Research And Development": NaN,
        "Selling General And Administration": NaN,
        "Selling And Marketing Expense": NaN,
        "General And Administrative Expense": NaN,
        "Other Gand A": NaN,
        "Salaries And Wages": NaN,
        "Gross Profit": NaN,
        "Cost Of Revenue": NaN,
        "Total Revenue": NaN,
        "Operating Revenue": NaN
    },
    "2024-03-31": {
        "Tax Effect Of Unusual Items": -1211.07,
        "Tax Rate For Calcs": 0.21,
        "Normalized EBITDA": -1163882.0,
        "Total Unusual Items": -5767.0,
        "Total Unusual Items Excluding Goodwill": -5767.0,
        "Net Income From Continuing Operation Net Minority Interest": -1283801.0,
        "Reconciled Depreciation": 42618.0,
        "Reconciled Cost Of Revenue": 5186709.0,
        "EBITDA": -1169649.0,
        "EBIT": -1212267.0,
        "Net Interest Income": 94908.0,
        "Interest Expense": 49181.0,
        "Interest Income": 144089.0,
        "Normalized Income": -1279245.07,
        "Net Income From Continuing And Discontinued Operation": -1283801.0,
        "Total Expenses": 8891635.0,
        "Total Operating Income As Reported": -1350589.0,
        "Diluted Average Shares": 641310.0,
        "Basic Average Shares": 641310.0,
        "Diluted EPS": -2.0,
        "Basic EPS": -2.0,
        "Diluted NI Availto Com Stockholders": -1283801.0,
        "Net Income Common Stockholders": -1283801.0,
        "Net Income": -1283801.0,
        "Net Income Including Noncontrolling Interests": -1283801.0,
        "Net Income Continuous Operations": -1283801.0,
        "Tax Provision": 22353.0,
        "Pretax Income": -1261448.0,
        "Other Income Expense": -5767.0,
        "Special Income Charges": NaN,
        "Gain On Sale Of Security": -5767.0,
        "Net Non Operating Interest Income Expense": 94908.0,
        "Interest Expense Non Operating": 49181.0,
        "Interest Income Non Operating": 144089.0,
        "Operating Income": -1350589.0,
        "Operating Expense": 3704926.0,
        "Other Taxes": 75901.0,
        "Depreciation Amortization Depletion Income Statement": 42618.0,
        "Depreciation And Amortization In Income Statement": 42618.0,
        "Depreciation Income Statement": NaN,
        "Research And Development": 222033.0,
        "Selling General And Administration": 3364374.0,
        "Selling And Marketing Expense": 198046.0,
        "General And Administrative Expense": 3166328.0,
        "Other Gand A": 1532616.0,
        "Salaries And Wages": 1633712.0,
        "Gross Profit": 2354337.0,
        "Cost Of Revenue": 5186709.0,
        "Total Revenue": 7541046.0,
        "Operating Revenue": 7541046.0
    },
    "2024-06-30": {
        "Tax Effect Of Unusual Items": 60172.35,
        "Tax Rate For Calcs": 0.21,
        "Normalized EBITDA": -1073405.0,
        "Total Unusual Items": 286535.0,
        "Total Unusual Items Excluding Goodwill": 286535.0,
        "Net Income From Continuing Operation Net Minority Interest": -494300.0,
        "Reconciled Depreciation": 50876.0,
        "Reconciled Cost Of Revenue": 6946804.0,
        "EBITDA": -786870.0,
        "EBIT": -837746.0,
        "Net Interest Income": 143750.0,
        "Interest Expense": 245.0,
        "Interest Income": 143995.0,
        "Normalized Income": -720662.65,
        "Net Income From Continuing And Discontinued Operation": -494300.0,
        "Total Expenses": 10571344.0,
        "Total Operating Income As Reported": -1268276.0,
        "Diluted Average Shares": 248630.0,
        "Basic Average Shares": 248630.0,
        "Diluted EPS": -1.988,
        "Basic EPS": -1.988,
        "Diluted NI Availto Com Stockholders": -494300.0,
        "Net Income Common Stockholders": -494300.0,
        "Net Income": -494300.0,
        "Net Income Including Noncontrolling Interests": -494300.0,
        "Net Income Continuous Operations": -494300.0,
        "Tax Provision": -343691.0,
        "Pretax Income": -837991.0,
        "Other Income Expense": 286535.0,
        "Special Income Charges": NaN,
        "Gain On Sale Of Security": 286535.0,
        "Net Non Operating Interest Income Expense": 143750.0,
        "Interest Expense Non Operating": 245.0,
        "Interest Income Non Operating": 143995.0,
        "Operating Income": -1268277.0,
        "Operating Expense": 3624534.0,
        "Other Taxes": 145805.0,
        "Depreciation Amortization Depletion Income Statement": 50870.0,
        "Depreciation And Amortization In Income Statement": 50870.0,
        "Depreciation Income Statement": 50870.0,
        "Research And Development": 436235.0,
        "Selling General And Administration": 2991624.0,
        "Selling And Marketing Expense": 256325.0,
        "General And Administrative Expense": 2735299.0,
        "Other Gand A": 1079123.0,
        "Salaries And Wages": 1656176.0,
        "Gross Profit": 2356257.0,
        "Cost Of Revenue": 6946810.0,
        "Total Revenue": 9303067.0,
        "Operating Revenue": 9303067.0
    },
    "2024-09-30": {
        "Tax Effect Of Unusual Items": 3182.13,
        "Tax Rate For Calcs": 0.21,
        "Normalized EBITDA": -933105.0,
        "Total Unusual Items": 15153.0,
        "Total Unusual Items Excluding Goodwill": 15153.0,
        "Net Income From Continuing Operation Net Minority Interest": -1197803.0,
        "Reconciled Depreciation": 64634.0,
        "Reconciled Cost Of Revenue": 5569020.0,
        "EBITDA": -917952.0,
        "EBIT": -982586.0,
        "Net Interest Income": 108614.0,
        "Interest Expense": 0.0,
        "Interest Income": 108614.0,
        "Normalized Income": -1209773.87,
        "Net Income From Continuing And Discontinued Operation": -1197803.0,
        "Total Expenses": 9541531.0,
        "Total Operating Income As Reported": -1106353.0,
        "Diluted Average Shares": 1267565.0,
        "Basic Average Shares": 1267565.0,
        "Diluted EPS": -0.94,
        "Basic EPS": -0.94,
        "Diluted NI Availto Com Stockholders": -1197803.0,
        "Net Income Common Stockholders": -1197803.0,
        "Net Income": -1197803.0,
        "Net Income Including Noncontrolling Interests": -1197803.0,
        "Net Income Continuous Operations": -1197803.0,
        "Tax Provision": 215217.0,
        "Pretax Income": -982586.0,
        "Other Income Expense": 15153.0,
        "Special Income Charges": NaN,
        "Gain On Sale Of Security": 15153.0,
        "Net Non Operating Interest Income Expense": 108614.0,
        "Interest Expense Non Operating": 0.0,
        "Interest Income Non Operating": 108614.0,
        "Operating Income": -1106353.0,
        "Operating Expense": 3972504.0,
        "Other Taxes": 56471.0,
        "Depreciation Amortization Depletion Income Statement": 64627.0,
        "Depreciation And Amortization In Income Statement": 64627.0,
        "Depreciation Income Statement": 64627.0,
        "Research And Development": 126362.0,
        "Selling General And Administration": 3725044.0,
        "Selling And Marketing Expense": 282745.0,
        "General And Administrative Expense": 3442299.0,
        "Other Gand A": 1248449.0,
        "Salaries And Wages": 2193850.0,
        "Gross Profit": 2866151.0,
        "Cost Of Revenue": 5569027.0,
        "Total Revenue": 8435178.0,
        "Operating Revenue": 8435178.0
    },
    "2024-12-31": {
        "Tax Effect Of Unusual Items": -19139.458821,
        "Tax Rate For Calcs": 0.056292,
        "Normalized EBITDA": -1873005.0,
        "Total Unusual Items": -340003.0,
        "Total Unusual Items Excluding Goodwill": -340003.0,
        "Net Income From Continuing Operation Net Minority Interest": -2158212.0,
        "Reconciled Depreciation": 65399.0,
        "Reconciled Cost Of Revenue": 6501956.0,
        "EBITDA": -2213008.0,
        "EBIT": -2278420.0,
        "Net Interest Income": 90776.0,
        "Interest Expense": 8529.0,
        "Interest Income": 99305.0,
        "Normalized Income": -1837348.458821,
        "Net Income From Continuing And Discontinued Operation": -2158212.0,
        "Total Expenses": 11632714.0,
        "Total Operating Income As Reported": -2037722.0,
        "Diluted Average Shares": NaN,
        "Basic Average Shares": NaN,
        "Diluted EPS": NaN,
        "Basic EPS": NaN,
        "Diluted NI Availto Com Stockholders": -2158212.0,
        "Net Income Common Stockholders": -2158212.0,
        "Net Income": -2158212.0,
        "Net Income Including Noncontrolling Interests": -2158212.0,
        "Net Income Continuous Operations": -2158212.0,
        "Tax Provision": -128737.0,
        "Pretax Income": -2286949.0,
        "Other Income Expense": -340003.0,
        "Special Income Charges": NaN,
        "Gain On Sale Of Security": -340003.0,
        "Net Non Operating Interest Income Expense": 90776.0,
        "Interest Expense Non Operating": 8529.0,
        "Interest Income Non Operating": 99305.0,
        "Operating Income": -2037722.0,
        "Operating Expense": 5130771.0,
        "Other Taxes": 108828.0,
        "Depreciation Amortization Depletion Income Statement": 65412.0,
        "Depreciation And Amortization In Income Statement": 65412.0,
        "Depreciation Income Statement": NaN,
        "Research And Development": 149272.0,
        "Selling General And Administration": 4807259.0,
        "Selling And Marketing Expense": 203162.0,
        "General And Administrative Expense": 4604097.0,
        "Other Gand A": 1969158.0,
        "Salaries And Wages": 2634939.0,
        "Gross Profit": 3093049.0,
        "Cost Of Revenue": 6501943.0,
        "Total Revenue": 9594992.0,
        "Operating Revenue": 9594992.0
    },
    "2025-03-31": {
        "Tax Effect Of Unusual Items": 14.84723,
        "Tax Rate For Calcs": 0.032921,
        "Normalized EBITDA": -1155590.0,
        "Total Unusual Items": 451.0,
        "Total Unusual Items Excluding Goodwill": 451.0,
        "Net Income From Continuing Operation Net Minority Interest": -1179771.0,
        "Reconciled Depreciation": 64793.0,
        "Reconciled Cost Of Revenue": 6170915.0,
        "EBITDA": -1155139.0,
        "EBIT": -1219932.0,
        "Net Interest Income": 75367.0,
        "Interest Expense": 0.0,
        "Interest Income": 75367.0,
        "Normalized Income": -1180207.15277,
        "Net Income From Continuing And Discontinued Operation": -1179771.0,
        "Total Expenses": 10197091.0,
        "Total Operating Income As Reported": -1295750.0,
        "Diluted Average Shares": 2703293.0,
        "Basic Average Shares": 2703293.0,
        "Diluted EPS": -0.44,
        "Basic EPS": -0.44,
        "Diluted NI Availto Com Stockholders": -1179771.0,
        "Net Income Common Stockholders": -1179771.0,
        "Net Income": -1179771.0,
        "Net Income Including Noncontrolling Interests": -1179771.0,
        "Net Income Continuous Operations": -1179771.0,
        "Tax Provision": -40161.0,
        "Pretax Income": -1219932.0,
        "Other Income Expense": 451.0,
        "Special Income Charges": NaN,
        "Gain On Sale Of Security": 451.0,
        "Net Non Operating Interest Income Expense": 75367.0,
        "Interest Expense Non Operating": 0.0,
        "Interest Income Non Operating": 75367.0,
        "Operating Income": -1295750.0,
        "Operating Expense": 4026176.0,
        "Other Taxes": 110176.0,
        "Depreciation Amortization Depletion Income Statement": 64793.0,
        "Depreciation And Amortization In Income Statement": 64793.0,
        "Depreciation Income Statement": NaN,
        "Research And Development": 215277.0,
        "Selling General And Administration": 3635930.0,
        "Selling And Marketing Expense": 398361.0,
        "General And Administrative Expense": 3237569.0,
        "Other Gand A": 1612123.0,
        "Salaries And Wages": 1625446.0,
        "Gross Profit": 2730426.0,
        "Cost Of Revenue": 6170915.0,
        "Total Revenue": 8901341.0,
        "Operating Revenue": 8901341.0
    }
}