{
    "2025-06-30": {
        "Tax Effect Of Unusual Items": 0.0,
        "Tax Rate For Calcs": 0.0,
        "Normalized EBITDA": 10299277.0,
        "Total Unusual Items": -12037665.0,
        "Total Unusual Items Excluding Goodwill": -12037665.0,
        "Net Income From Continuing Operation Net Minority Interest": -14143018.0,
        "Reconciled Depreciation": 49926.0,
        "Reconciled Cost Of Revenue": 239040.0,
        "EBITDA": -1738388.0,
        "EBIT": -1788314.0,
        "Net Interest Income": 7961.0,
        "Interest Income": 7961.0,
        "Normalized Income": -2105353.0,
        "Net Income From Continuing And Discontinued Operation": -14143018.0,
        "Total Expenses": 1788314.0,
        "Total Operating Income As Reported": -1788314.0,
        "Diluted Average Shares": 554989.0,
        "Basic Average Shares": 554989.0,
        "Diluted EPS": -29.87,
        "Basic EPS": -29.87,
        "Diluted NI Availto Com Stockholders": -16575526.0,
        "Average Dilution Earnings": 0.0,
        "Net Income Common Stockholders": -16575526.0,
        "Otherunder Preferred Stock Dividend": NaN,
        "Preferred Stock Dividends": 2432508.0,
        "Net Income": -14143018.0,
        "Net Income Including Noncontrolling Interests": -14143018.0,
        "Net Income Continuous Operations": -14143018.0,
        "Tax Provision": 0.0,
        "Pretax Income": -14143018.0,
        "Other Income Expense": -12362665.0,
        "Other Non Operating Income Expenses": -325000.0,
        "Gain On Sale Of Security": -12037665.0,
        "Net Non Operating Interest Income Expense": 7961.0,
        "Interest Income Non Operating": 7961.0,
        "Operating Income": -1788314.0,
        "Operating Expense": 1549274.0,
        "Research And Development": 349951.0,
        "Selling General And Administration": 1199323.0,
        "Selling And Marketing Expense": 0.0,
        "General And Administrative Expense": 1199323.0,
        "Other Gand A": 1199323.0,
        "Gross Profit": -239040.0,
        "Cost Of Revenue": 239040.0,
        "Total Revenue": 0.0,
        "Operating Revenue": 0.0
    },
    "2025-03-31": {
        "Tax Effect Of Unusual Items": 0.0,
        "Tax Rate For Calcs": 0.0,
        "Normalized EBITDA": -4669252.0,
        "Total Unusual Items": 2750955.0,
        "Total Unusual Items Excluding Goodwill": 2750955.0,
        "Net Income From Continuing Operation Net Minority Interest": 845011.0,
        "Reconciled Depreciation": 55255.0,
        "Reconciled Cost Of Revenue": 0.0,
        "EBITDA": -1918297.0,
        "EBIT": -1973552.0,
        "Net Interest Income": 26240.0,
        "Interest Income": 26240.0,
        "Normalized Income": -1905944.0,
        "Net Income From Continuing And Discontinued Operation": 845011.0,
        "Total Expenses": 1973552.0,
        "Total Operating Income As Reported": -1973552.0,
        "Diluted Average Shares": 533841.0,
        "Basic Average Shares": 533841.0,
        "Diluted EPS": -3.2,
        "Basic EPS": -3.2,
        "Diluted NI Availto Com Stockholders": -1675576.0,
        "Average Dilution Earnings": NaN,
        "Net Income Common Stockholders": -1675576.0,
        "Otherunder Preferred Stock Dividend": NaN,
        "Preferred Stock Dividends": 2520587.0,
        "Net Income": 845011.0,
        "Net Income Including Noncontrolling Interests": 845011.0,
        "Net Income Continuous Operations": 845011.0,
        "Tax Provision": 0.0,
        "Pretax Income": 845011.0,
        "Other Income Expense": 2792323.0,
        "Other Non Operating Income Expenses": 41368.0,
        "Gain On Sale Of Security": 2750955.0,
        "Net Non Operating Interest Income Expense": 26240.0,
        "Interest Income Non Operating": 26240.0,
        "Operating Income": -1973552.0,
        "Operating Expense": 1973552.0,
        "Research And Development": 307730.0,
        "Selling General And Administration": 1665822.0,
        "Selling And Marketing Expense": 0.0,
        "General And Administrative Expense": 1665822.0,
        "Other Gand A": 1665822.0,
        "Gross Profit": 0.0,
        "Cost Of Revenue": 0.0,
        "Total Revenue": 0.0,
        "Operating Revenue": 0.0
    },
    "2024-12-31": {
        "Tax Effect Of Unusual Items": 0.0,
        "Tax Rate For Calcs": 0.0,
        "Normalized EBITDA": -6462137.0,
        "Total Unusual Items": 303859.0,
        "Total Unusual Items Excluding Goodwill": 303859.0,
        "Net Income From Continuing Operation Net Minority Interest": -5581904.0,
        "Reconciled Depreciation": 457079.0,
        "Reconciled Cost Of Revenue": 4106848.0,
        "EBITDA": -6158278.0,
        "EBIT": -6615357.0,
        "Net Interest Income": 101400.0,
        "Interest Income": 101400.0,
        "Normalized Income": -5885763.0,
        "Net Income From Continuing And Discontinued Operation": -5581904.0,
        "Total Expenses": 6615357.0,
        "Total Operating Income As Reported": -8275192.0,
        "Diluted Average Shares": NaN,
        "Basic Average Shares": NaN,
        "Diluted EPS": NaN,
        "Basic EPS": NaN,
        "Diluted NI Availto Com Stockholders": -7921159.0,
        "Average Dilution Earnings": NaN,
        "Net Income Common Stockholders": -7921159.0,
        "Otherunder Preferred Stock Dividend": 0.0,
        "Preferred Stock Dividends": 2339255.0,
        "Net Income": -5581904.0,
        "Net Income Including Noncontrolling Interests": -5581904.0,
        "Net Income Continuous Operations": -5581904.0,
        "Tax Provision": 0.0,
        "Pretax Income": -5581904.0,
        "Other Income Expense": 932053.0,
        "Other Non Operating Income Expenses": 628194.0,
        "Gain On Sale Of Security": 3707749.0,
        "Net Non Operating Interest Income Expense": 101400.0,
        "Interest Income Non Operating": 101400.0,
        "Operating Income": -6615357.0,
        "Operating Expense": 2508509.0,
        "Research And Development": 95442.0,
        "Selling General And Administration": 2413067.0,
        "Selling And Marketing Expense": 220476.0,
        "General And Administrative Expense": 2192591.0,
        "Other Gand A": 2192591.0,
        "Gross Profit": -4106848.0,
        "Cost Of Revenue": 4106848.0,
        "Total Revenue": 0.0,
        "Operating Revenue": 0.0
    },
    "2024-09-30": {
        "Tax Effect Of Unusual Items": 0.0,
        "Tax Rate For Calcs": 0.0,
        "Normalized EBITDA": -4329862.0,
        "Total Unusual Items": 2856484.0,
        "Total Unusual Items Excluding Goodwill": 2856484.0,
        "Net Income From Continuing Operation Net Minority Interest": 550557.0,
        "Reconciled Depreciation": 452631.0,
        "Reconciled Cost Of Revenue": 286028.0,
        "EBITDA": -1473378.0,
        "EBIT": -1926009.0,
        "Net Interest Income": 89060.0,
        "Interest Income": 89060.0,
        "Normalized Income": -2305927.0,
        "Net Income From Continuing And Discontinued Operation": 550557.0,
        "Total Expenses": 1931435.0,
        "Total Operating Income As Reported": -1926009.0,
        "Diluted Average Shares": 428952.0,
        "Basic Average Shares": 428952.0,
        "Diluted EPS": -4.0,
        "Basic EPS": -4.0,
        "Diluted NI Availto Com Stockholders": -1697594.0,
        "Average Dilution Earnings": NaN,
        "Net Income Common Stockholders": -1697594.0,
        "Otherunder Preferred Stock Dividend": 0.0,
        "Preferred Stock Dividends": 2248151.0,
        "Net Income": 550557.0,
        "Net Income Including Noncontrolling Interests": 550557.0,
        "Net Income Continuous Operations": 550557.0,
        "Tax Provision": 0.0,
        "Pretax Income": 550557.0,
        "Other Income Expense": 2387506.0,
        "Other Non Operating Income Expenses": -468978.0,
        "Gain On Sale Of Security": 2856484.0,
        "Net Non Operating Interest Income Expense": 89060.0,
        "Interest Income Non Operating": 89060.0,
        "Operating Income": -1926009.0,
        "Operating Expense": 1645407.0,
        "Research And Development": 14776.0,
        "Selling General And Administration": 1630631.0,
        "Selling And Marketing Expense": 216605.0,
        "General And Administrative Expense": 1414026.0,
        "Other Gand A": 1414026.0,
        "Gross Profit": -280602.0,
        "Cost Of Revenue": 286028.0,
        "Total Revenue": 5426.0,
        "Operating Revenue": 5426.0
    },
    "2024-06-30": {
        "Tax Effect Of Unusual Items": 0.0,
        "Tax Rate For Calcs": 0.0,
        "Normalized EBITDA": -14282413.0,
        "Total Unusual Items": 10932419.0,
        "Total Unusual Items Excluding Goodwill": 10932419.0,
        "Net Income From Continuing Operation Net Minority Interest": 6914620.0,
        "Reconciled Depreciation": 609862.0,
        "Reconciled Cost Of Revenue": 1074896.0,
        "EBITDA": -3349994.0,
        "EBIT": NaN,
        "Net Interest Income": 140567.0,
        "Interest Income": 140567.0,
        "Normalized Income": -4017799.0,
        "Net Income From Continuing And Discontinued Operation": 6914620.0,
        "Total Expenses": 3959856.0,
        "Total Operating Income As Reported": -3959856.0,
        "Diluted Average Shares": 1039922.0,
        "Basic Average Shares": 350983.0,
        "Diluted EPS": 2.17,
        "Basic EPS": 12.45,
        "Diluted NI Availto Com Stockholders": 2255622.0,
        "Average Dilution Earnings": -2113214.0,
        "Net Income Common Stockholders": 4368836.0,
        "Otherunder Preferred Stock Dividend": NaN,
        "Preferred Stock Dividends": 2545784.0,
        "Net Income": 6914620.0,
        "Net Income Including Noncontrolling Interests": 6914620.0,
        "Net Income Continuous Operations": 6914620.0,
        "Tax Provision": 0.0,
        "Pretax Income": 6914620.0,
        "Other Income Expense": 10733909.0,
        "Other Non Operating Income Expenses": -198510.0,
        "Gain On Sale Of Security": 10932419.0,
        "Net Non Operating Interest Income Expense": NaN,
        "Interest Income Non Operating": 140567.0,
        "Operating Income": -3959856.0,
        "Operating Expense": 2884960.0,
        "Research And Development": 622567.0,
        "Selling General And Administration": 2262393.0,
        "Selling And Marketing Expense": 285035.0,
        "General And Administrative Expense": 1977358.0,
        "Other Gand A": 1977358.0,
        "Gross Profit": -1074896.0,
        "Cost Of Revenue": 1074896.0,
        "Total Revenue": 0.0,
        "Operating Revenue": 0.0
    },
    "2024-03-31": {
        "Tax Effect Of Unusual Items": NaN,
        "Tax Rate For Calcs": NaN,
        "Normalized EBITDA": NaN,
        "Total Unusual Items": NaN,
        "Total Unusual Items Excluding Goodwill": NaN,
        "Net Income From Continuing Operation Net Minority Interest": NaN,
        "Reconciled Depreciation": NaN,
        "Reconciled Cost Of Revenue": NaN,
        "EBITDA": NaN,
        "EBIT": NaN,
        "Net Interest Income": NaN,
        "Interest Income": NaN,
        "Normalized Income": NaN,
        "Net Income From Continuing And Discontinued Operation": NaN,
        "Total Expenses": NaN,
        "Total Operating Income As Reported": NaN,
        "Diluted Average Shares": 308093.0,
        "Basic Average Shares": 308093.0,
        "Diluted EPS": -23.36,
        "Basic EPS": -23.36,
        "Diluted NI Availto Com Stockholders": NaN,
        "Average Dilution Earnings": NaN,
        "Net Income Common Stockholders": NaN,
        "Otherunder Preferred Stock Dividend": NaN,
        "Preferred Stock Dividends": NaN,
        "Net Income": NaN,
        "Net Income Including Noncontrolling Interests": NaN,
        "Net Income Continuous Operations": NaN,
        "Tax Provision": NaN,
        "Pretax Income": NaN,
        "Other Income Expense": NaN,
        "Other Non Operating Income Expenses": NaN,
        "Gain On Sale Of Security": NaN,
        "Net Non Operating Interest Income Expense": NaN,
        "Interest Income Non Operating": NaN,
        "Operating Income": NaN,
        "Operating Expense": NaN,
        "Research And Development": NaN,
        "Selling General And Administration": NaN,
        "Selling And Marketing Expense": NaN,
        "General And Administrative Expense": NaN,
        "Other Gand A": NaN,
        "Gross Profit": NaN,
        "Cost Of Revenue": NaN,
        "Total Revenue": NaN,
        "Operating Revenue": NaN
    },
    "2023-12-31": {
        "Tax Effect Of Unusual Items": NaN,
        "Tax Rate For Calcs": NaN,
        "Normalized EBITDA": NaN,
        "Total Unusual Items": NaN,
        "Total Unusual Items Excluding Goodwill": NaN,
        "Net Income From Continuing Operation Net Minority Interest": NaN,
        "Reconciled Depreciation": NaN,
        "Reconciled Cost Of Revenue": NaN,
        "EBITDA": NaN,
        "EBIT": NaN,
        "Net Interest Income": NaN,
        "Interest Income": NaN,
        "Normalized Income": NaN,
        "Net Income From Continuing And Discontinued Operation": NaN,
        "Total Expenses": NaN,
        "Total Operating Income As Reported": NaN,
        "Diluted Average Shares": NaN,
        "Basic Average Shares": NaN,
        "Diluted EPS": NaN,
        "Basic EPS": NaN,
        "Diluted NI Availto Com Stockholders": NaN,
        "Average Dilution Earnings": NaN,
        "Net Income Common Stockholders": NaN,
        "Otherunder Preferred Stock Dividend": 0.0,
        "Preferred Stock Dividends": NaN,
        "Net Income": NaN,
        "Net Income Including Noncontrolling Interests": NaN,
        "Net Income Continuous Operations": NaN,
        "Tax Provision": NaN,
        "Pretax Income": NaN,
        "Other Income Expense": NaN,
        "Other Non Operating Income Expenses": NaN,
        "Gain On Sale Of Security": NaN,
        "Net Non Operating Interest Income Expense": NaN,
        "Interest Income Non Operating": NaN,
        "Operating Income": NaN,
        "Operating Expense": NaN,
        "Research And Development": NaN,
        "Selling General And Administration": NaN,
        "Selling And Marketing Expense": NaN,
        "General And Administrative Expense": NaN,
        "Other Gand A": NaN,
        "Gross Profit": NaN,
        "Cost Of Revenue": NaN,
        "Total Revenue": NaN,
        "Operating Revenue": NaN
    },
    "2025-09-30": {
        "Tax Effect Of Unusual Items": NaN,
        "Tax Rate For Calcs": NaN,
        "Normalized EBITDA": NaN,
        "Total Unusual Items": NaN,
        "Total Unusual Items Excluding Goodwill": NaN,
        "Net Income From Continuing Operation Net Minority Interest": NaN,
        "Reconciled Depreciation": NaN,
        "Reconciled Cost Of Revenue": NaN,
        "EBITDA": NaN,
        "EBIT": -3533640.0,
        "Net Interest Income": NaN,
        "Interest Income": NaN,
        "Normalized Income": NaN,
        "Net Income From Continuing And Discontinued Operation": NaN,
        "Total Expenses": NaN,
        "Total Operating Income As Reported": NaN,
        "Diluted Average Shares": NaN,
        "Basic Average Shares": NaN,
        "Diluted EPS": NaN,
        "Basic EPS": NaN,
        "Diluted NI Availto Com Stockholders": NaN,
        "Average Dilution Earnings": NaN,
        "Net Income Common Stockholders": NaN,
        "Otherunder Preferred Stock Dividend": NaN,
        "Preferred Stock Dividends": NaN,
        "Net Income": NaN,
        "Net Income Including Noncontrolling Interests": NaN,
        "Net Income Continuous Operations": NaN,
        "Tax Provision": NaN,
        "Pretax Income": NaN,
        "Other Income Expense": NaN,
        "Other Non Operating Income Expenses": NaN,
        "Gain On Sale Of Security": NaN,
        "Net Non Operating Interest Income Expense": 61956.0,
        "Interest Income Non Operating": NaN,
        "Operating Income": NaN,
        "Operating Expense": NaN,
        "Research And Development": NaN,
        "Selling General And Administration": NaN,
        "Selling And Marketing Expense": NaN,
        "General And Administrative Expense": NaN,
        "Other Gand A": NaN,
        "Gross Profit": NaN,
        "Cost Of Revenue": NaN,
        "Total Revenue": NaN,
        "Operating Revenue": NaN
    }
}