{
    "2023-03-31": {
        "Tax Effect Of Unusual Items": NaN,
        "Tax Rate For Calcs": NaN,
        "Normalized EBITDA": NaN,
        "Total Unusual Items": NaN,
        "Total Unusual Items Excluding Goodwill": NaN,
        "Net Income From Continuing Operation Net Minority Interest": NaN,
        "Reconciled Depreciation": NaN,
        "Reconciled Cost Of Revenue": NaN,
        "EBITDA": NaN,
        "EBIT": NaN,
        "Net Interest Income": NaN,
        "Interest Expense": NaN,
        "Interest Income": NaN,
        "Normalized Income": NaN,
        "Net Income From Continuing And Discontinued Operation": NaN,
        "Total Expenses": NaN,
        "Rent Expense Supplemental": NaN,
        "Total Operating Income As Reported": NaN,
        "Diluted Average Shares": NaN,
        "Basic Average Shares": NaN,
        "Diluted EPS": NaN,
        "Basic EPS": NaN,
        "Diluted NI Availto Com Stockholders": NaN,
        "Net Income Common Stockholders": NaN,
        "Net Income": NaN,
        "Minority Interests": NaN,
        "Net Income Including Noncontrolling Interests": NaN,
        "Net Income Continuous Operations": NaN,
        "Tax Provision": NaN,
        "Pretax Income": NaN,
        "Other Income Expense": NaN,
        "Special Income Charges": NaN,
        "Gain On Sale Of Ppe": 91300000.0,
        "Restructuring And Mergern Acquisition": 8800000.0,
        "Earnings From Equity Interest": NaN,
        "Net Non Operating Interest Income Expense": NaN,
        "Interest Expense Non Operating": NaN,
        "Interest Income Non Operating": NaN,
        "Operating Income": NaN,
        "Operating Expense": NaN,
        "Other Operating Expenses": NaN,
        "Depreciation Amortization Depletion Income Statement": NaN,
        "Depreciation And Amortization In Income Statement": NaN,
        "Selling General And Administration": NaN,
        "General And Administrative Expense": NaN,
        "Other Gand A": NaN,
        "Gross Profit": NaN,
        "Cost Of Revenue": NaN,
        "Total Revenue": NaN,
        "Operating Revenue": NaN
    },
    "2022-12-31": {
        "Tax Effect Of Unusual Items": NaN,
        "Tax Rate For Calcs": NaN,
        "Normalized EBITDA": NaN,
        "Total Unusual Items": NaN,
        "Total Unusual Items Excluding Goodwill": NaN,
        "Net Income From Continuing Operation Net Minority Interest": NaN,
        "Reconciled Depreciation": NaN,
        "Reconciled Cost Of Revenue": NaN,
        "EBITDA": NaN,
        "EBIT": NaN,
        "Net Interest Income": NaN,
        "Interest Expense": NaN,
        "Interest Income": NaN,
        "Normalized Income": NaN,
        "Net Income From Continuing And Discontinued Operation": NaN,
        "Total Expenses": NaN,
        "Rent Expense Supplemental": NaN,
        "Total Operating Income As Reported": NaN,
        "Diluted Average Shares": NaN,
        "Basic Average Shares": NaN,
        "Diluted EPS": NaN,
        "Basic EPS": NaN,
        "Diluted NI Availto Com Stockholders": NaN,
        "Net Income Common Stockholders": NaN,
        "Net Income": NaN,
        "Minority Interests": NaN,
        "Net Income Including Noncontrolling Interests": NaN,
        "Net Income Continuous Operations": NaN,
        "Tax Provision": NaN,
        "Pretax Income": NaN,
        "Other Income Expense": NaN,
        "Special Income Charges": NaN,
        "Gain On Sale Of Ppe": NaN,
        "Restructuring And Mergern Acquisition": 5800000.0,
        "Earnings From Equity Interest": NaN,
        "Net Non Operating Interest Income Expense": NaN,
        "Interest Expense Non Operating": NaN,
        "Interest Income Non Operating": NaN,
        "Operating Income": NaN,
        "Operating Expense": NaN,
        "Other Operating Expenses": NaN,
        "Depreciation Amortization Depletion Income Statement": NaN,
        "Depreciation And Amortization In Income Statement": NaN,
        "Selling General And Administration": NaN,
        "General And Administrative Expense": NaN,
        "Other Gand A": NaN,
        "Gross Profit": NaN,
        "Cost Of Revenue": NaN,
        "Total Revenue": NaN,
        "Operating Revenue": NaN
    },
    "2022-09-30": {
        "Tax Effect Of Unusual Items": -7090200.0,
        "Tax Rate For Calcs": 0.202,
        "Normalized EBITDA": 1619000000.0,
        "Total Unusual Items": -35100000.0,
        "Total Unusual Items Excluding Goodwill": -35100000.0,
        "Net Income From Continuing Operation Net Minority Interest": 878300000.0,
        "Reconciled Depreciation": 357400000.0,
        "Reconciled Cost Of Revenue": 6255700000.0,
        "EBITDA": 1583900000.0,
        "EBIT": 1226500000.0,
        "Net Interest Income": -94300000.0,
        "Interest Expense": 125300000.0,
        "Interest Income": 31000000.0,
        "Normalized Income": 906309800.0,
        "Net Income From Continuing And Discontinued Operation": 878300000.0,
        "Total Expenses": 7274200000.0,
        "Rent Expense Supplemental": 691000000.0,
        "Total Operating Income As Reported": 1195500000.0,
        "Diluted Average Shares": 1152500000.0,
        "Basic Average Shares": 1147900000.0,
        "Diluted EPS": 0.76,
        "Basic EPS": 0.76547,
        "Diluted NI Availto Com Stockholders": 878300000.0,
        "Net Income Common Stockholders": 878300000.0,
        "Net Income": 878300000.0,
        "Minority Interests": -200000.0,
        "Net Income Including Noncontrolling Interests": 878500000.0,
        "Net Income Continuous Operations": 878500000.0,
        "Tax Provision": 222700000.0,
        "Pretax Income": 1101200000.0,
        "Other Income Expense": 55500000.0,
        "Special Income Charges": -35100000.0,
        "Gain On Sale Of Ppe": NaN,
        "Gain On Sale Of Business": 0.0,
        "Restructuring And Mergern Acquisition": 35100000.0,
        "Earnings From Equity Interest": 90600000.0,
        "Net Non Operating Interest Income Expense": -94300000.0,
        "Interest Expense Non Operating": 125300000.0,
        "Interest Income Non Operating": 31000000.0,
        "Operating Income": 1140000000.0,
        "Operating Expense": 1018500000.0,
        "Other Operating Expenses": 123100000.0,
        "Depreciation Amortization Depletion Income Statement": 357400000.0,
        "Depreciation And Amortization In Income Statement": 357400000.0,
        "Selling General And Administration": 538000000.0,
        "General And Administrative Expense": 538000000.0,
        "Other Gand A": 538000000.0,
        "Gross Profit": 2158500000.0,
        "Cost Of Revenue": 6255700000.0,
        "Total Revenue": 8414200000.0,
        "Operating Revenue": 7899800000.0
    },
    "2022-06-30": {
        "Tax Effect Of Unusual Items": -3276000.0,
        "Tax Rate For Calcs": 0.234,
        "Normalized EBITDA": 1720600000.0,
        "Total Unusual Items": -14000000.0,
        "Total Unusual Items Excluding Goodwill": -14000000.0,
        "Net Income From Continuing Operation Net Minority Interest": 912900000.0,
        "Reconciled Depreciation": 391300000.0,
        "Reconciled Cost Of Revenue": 5881600000.0,
        "EBITDA": 1706600000.0,
        "EBIT": 1315300000.0,
        "Net Interest Income": -103300000.0,
        "Interest Expense": 123100000.0,
        "Interest Income": 19800000.0,
        "Normalized Income": 923624000.0,
        "Net Income From Continuing And Discontinued Operation": 912900000.0,
        "Total Expenses": 6894700000.0,
        "Rent Expense Supplemental": 652900000.0,
        "Total Operating Income As Reported": 1295500000.0,
        "Diluted Average Shares": 1151000000.0,
        "Basic Average Shares": 1147000000.0,
        "Diluted EPS": 0.79,
        "Basic EPS": 0.8,
        "Diluted NI Availto Com Stockholders": 912900000.0,
        "Net Income Common Stockholders": 912900000.0,
        "Net Income": 912900000.0,
        "Minority Interests": -800000.0,
        "Net Income Including Noncontrolling Interests": 913700000.0,
        "Net Income Continuous Operations": 913700000.0,
        "Tax Provision": 278500000.0,
        "Pretax Income": 1192200000.0,
        "Other Income Expense": 40100000.0,
        "Special Income Charges": -14000000.0,
        "Gain On Sale Of Ppe": NaN,
        "Gain On Sale Of Business": NaN,
        "Restructuring And Mergern Acquisition": 14000000.0,
        "Earnings From Equity Interest": 54100000.0,
        "Net Non Operating Interest Income Expense": -103300000.0,
        "Interest Expense Non Operating": 123100000.0,
        "Interest Income Non Operating": 19800000.0,
        "Operating Income": 1255400000.0,
        "Operating Expense": 978600000.0,
        "Other Operating Expenses": 135100000.0,
        "Depreciation Amortization Depletion Income Statement": 356800000.0,
        "Depreciation And Amortization In Income Statement": 356800000.0,
        "Selling General And Administration": 486700000.0,
        "General And Administrative Expense": 486700000.0,
        "Other Gand A": 486700000.0,
        "Gross Profit": 2234000000.0,
        "Cost Of Revenue": 5916100000.0,
        "Total Revenue": 8150100000.0,
        "Operating Revenue": 7632300000.0
    },
    "2023-06-30": {
        "Tax Effect Of Unusual Items": NaN,
        "Tax Rate For Calcs": NaN,
        "Normalized EBITDA": NaN,
        "Total Unusual Items": NaN,
        "Total Unusual Items Excluding Goodwill": NaN,
        "Net Income From Continuing Operation Net Minority Interest": NaN,
        "Reconciled Depreciation": NaN,
        "Reconciled Cost Of Revenue": NaN,
        "EBITDA": NaN,
        "EBIT": NaN,
        "Net Interest Income": NaN,
        "Interest Expense": NaN,
        "Interest Income": NaN,
        "Normalized Income": NaN,
        "Net Income From Continuing And Discontinued Operation": NaN,
        "Total Expenses": NaN,
        "Rent Expense Supplemental": NaN,
        "Total Operating Income As Reported": NaN,
        "Diluted Average Shares": NaN,
        "Basic Average Shares": NaN,
        "Diluted EPS": NaN,
        "Basic EPS": NaN,
        "Diluted NI Availto Com Stockholders": NaN,
        "Net Income Common Stockholders": NaN,
        "Net Income": NaN,
        "Minority Interests": NaN,
        "Net Income Including Noncontrolling Interests": NaN,
        "Net Income Continuous Operations": NaN,
        "Tax Provision": NaN,
        "Pretax Income": NaN,
        "Other Income Expense": NaN,
        "Special Income Charges": NaN,
        "Gain On Sale Of Ppe": 0.0,
        "Restructuring And Mergern Acquisition": 7100000.0,
        "Earnings From Equity Interest": NaN,
        "Net Non Operating Interest Income Expense": NaN,
        "Interest Expense Non Operating": NaN,
        "Interest Income Non Operating": NaN,
        "Operating Income": NaN,
        "Operating Expense": NaN,
        "Other Operating Expenses": NaN,
        "Depreciation Amortization Depletion Income Statement": NaN,
        "Depreciation And Amortization In Income Statement": NaN,
        "Selling General And Administration": NaN,
        "General And Administrative Expense": NaN,
        "Other Gand A": NaN,
        "Gross Profit": NaN,
        "Cost Of Revenue": NaN,
        "Total Revenue": NaN,
        "Operating Revenue": NaN
    },
    "2022-03-31": {
        "Diluted EPS": 0.58,
        "Total Revenue": NaN,
        "Gross Profit": NaN,
        "Operating Income": 949,
        "EBIT": NaN,
        "Net Income": 675
    },
    "2021-12-31": {
        "Diluted EPS": 0.69,
        "Total Revenue": NaN,
        "Gross Profit": NaN,
        "Operating Income": NaN,
        "EBIT": NaN,
        "Net Income": 816
    },
    "2021-09-30": {
        "Diluted EPS": 1.48,
        "Total Revenue": NaN,
        "Gross Profit": NaN,
        "Operating Income": NaN,
        "EBIT": NaN,
        "Net Income": NaN
    },
    "2021-06-30": {
        "Diluted EPS": 0.97,
        "Total Revenue": NaN,
        "Gross Profit": NaN,
        "Operating Income": NaN,
        "EBIT": NaN,
        "Net Income": NaN
    },
    "2021-03-31": {
        "Diluted EPS": 0.56,
        "Total Revenue": NaN,
        "Gross Profit": NaN,
        "Operating Income": 988,
        "EBIT": NaN,
        "Net Income": 659
    },
    "2020-12-31": {
        "Diluted EPS": 0.53,
        "Total Revenue": NaN,
        "Gross Profit": NaN,
        "Operating Income": 914,
        "EBIT": NaN,
        "Net Income": 622
    },
    "2020-09-30": {
        "Diluted EPS": 0.35,
        "Total Revenue": NaN,
        "Gross Profit": NaN,
        "Operating Income": 558,
        "EBIT": 938,
        "Net Income": 393
    },
    "2020-06-30": {
        "Diluted EPS": -0.58,
        "Total Revenue": NaN,
        "Gross Profit": NaN,
        "Operating Income": -704,
        "EBIT": -327,
        "Net Income": -678
    },
    "2020-03-31": {
        "Diluted EPS": 0.28,
        "Total Revenue": NaN,
        "Gross Profit": NaN,
        "Operating Income": 487,
        "EBIT": 865,
        "Net Income": 328
    },
    "2019-12-31": {
        "Diluted EPS": 0.74,
        "Total Revenue": NaN,
        "Gross Profit": NaN,
        "Operating Income": NaN,
        "EBIT": NaN,
        "Net Income": 886
    },
    "2019-09-30": {
        "Diluted EPS": 0.66,
        "Total Revenue": NaN,
        "Gross Profit": NaN,
        "Operating Income": NaN,
        "EBIT": NaN,
        "Net Income": 803
    },
    "2019-06-30": {
        "Diluted EPS": 1.12,
        "Total Revenue": NaN,
        "Gross Profit": NaN,
        "Operating Income": NaN,
        "EBIT": NaN,
        "Net Income": NaN
    },
    "2019-03-31": {
        "Diluted EPS": 0.53,
        "Total Revenue": NaN,
        "Gross Profit": NaN,
        "Operating Income": 858,
        "EBIT": NaN,
        "Net Income": 663
    },
    "2018-12-31": {
        "Diluted EPS": 0.61,
        "Total Revenue": NaN,
        "Gross Profit": NaN,
        "Operating Income": NaN,
        "EBIT": NaN,
        "Net Income": 761
    },
    "2018-09-30": {
        "Diluted EPS": 0.59,
        "Total Revenue": NaN,
        "Gross Profit": NaN,
        "Operating Income": 957,
        "EBIT": NaN,
        "Net Income": 756
    },
    "2018-06-30": {
        "Diluted EPS": 0.61,
        "Total Revenue": NaN,
        "Gross Profit": NaN,
        "Operating Income": NaN,
        "EBIT": NaN,
        "Net Income": 853
    },
    "2018-03-31": {
        "Diluted EPS": 0.47,
        "Total Revenue": NaN,
        "Gross Profit": NaN,
        "Operating Income": 773,
        "EBIT": NaN,
        "Net Income": 660
    },
    "2017-12-31": {
        "Diluted EPS": 1.57,
        "Total Revenue": NaN,
        "Gross Profit": NaN,
        "Operating Income": NaN,
        "EBIT": NaN,
        "Net Income": NaN
    },
    "2017-09-30": {
        "Diluted EPS": 0.54,
        "Total Revenue": NaN,
        "Gross Profit": NaN,
        "Operating Income": NaN,
        "EBIT": NaN,
        "Net Income": 789
    },
    "2017-06-30": {
        "Diluted EPS": 0.47,
        "Total Revenue": NaN,
        "Gross Profit": NaN,
        "Operating Income": NaN,
        "EBIT": NaN,
        "Net Income": 692
    },
    "2017-03-31": {
        "Diluted EPS": 0.45,
        "Total Revenue": NaN,
        "Gross Profit": NaN,
        "Operating Income": 935,
        "EBIT": NaN,
        "Net Income": 653
    },
    "2016-12-31": {
        "Diluted EPS": 0.51,
        "Total Revenue": NaN,
        "Gross Profit": NaN,
        "Operating Income": NaN,
        "EBIT": NaN,
        "Net Income": 752
    },
    "2016-09-30": {
        "Diluted EPS": 0.54,
        "Total Revenue": NaN,
        "Gross Profit": NaN,
        "Operating Income": NaN,
        "EBIT": NaN,
        "Net Income": 801
    },
    "2016-06-30": {
        "Diluted EPS": 0.51,
        "Total Revenue": NaN,
        "Gross Profit": NaN,
        "Operating Income": NaN,
        "EBIT": NaN,
        "Net Income": 754
    },
    "2016-03-31": {
        "Diluted EPS": 0.39,
        "Total Revenue": NaN,
        "Gross Profit": NaN,
        "Operating Income": 864,
        "EBIT": NaN,
        "Net Income": 575
    },
    "2015-12-31": {
        "Diluted EPS": 0.46,
        "Total Revenue": NaN,
        "Gross Profit": NaN,
        "Operating Income": NaN,
        "EBIT": NaN,
        "Net Income": 688
    },
    "2015-09-30": {
        "Diluted EPS": 0.43,
        "Total Revenue": NaN,
        "Gross Profit": NaN,
        "Operating Income": 969,
        "EBIT": NaN,
        "Net Income": 653
    },
    "2015-06-30": {
        "Diluted EPS": 0.41,
        "Total Revenue": NaN,
        "Gross Profit": NaN,
        "Operating Income": 939,
        "EBIT": NaN,
        "Net Income": 627
    },
    "2015-03-31": {
        "Diluted EPS": 0.33,
        "Total Revenue": NaN,
        "Gross Profit": NaN,
        "Operating Income": 778,
        "EBIT": NaN,
        "Net Income": 495
    },
    "2014-12-31": {
        "Diluted EPS": 0.65,
        "Total Revenue": NaN,
        "Gross Profit": NaN,
        "Operating Income": 916,
        "EBIT": NaN,
        "Net Income": 983
    },
    "2014-09-30": {
        "Diluted EPS": 0.38,
        "Total Revenue": NaN,
        "Gross Profit": NaN,
        "Operating Income": 855,
        "EBIT": NaN,
        "Net Income": 588
    },
    "2014-06-30": {
        "Diluted EPS": 0.34,
        "Total Revenue": NaN,
        "Gross Profit": NaN,
        "Operating Income": 769,
        "EBIT": 958,
        "Net Income": 513
    },
    "2014-03-31": {
        "Diluted EPS": 0.28,
        "Total Revenue": NaN,
        "Gross Profit": NaN,
        "Operating Income": 644,
        "EBIT": 828,
        "Net Income": 427
    },
    "2013-12-31": {
        "Diluted EPS": 0.36,
        "Total Revenue": NaN,
        "Gross Profit": NaN,
        "Operating Income": 814,
        "EBIT": 994,
        "Net Income": 541
    },
    "2013-09-30": {
        "Diluted EPS": -0.81,
        "Total Revenue": NaN,
        "Gross Profit": NaN,
        "Operating Income": NaN,
        "EBIT": NaN,
        "Net Income": NaN
    },
    "2013-06-30": {
        "Diluted EPS": 0.28,
        "Total Revenue": NaN,
        "Gross Profit": NaN,
        "Operating Income": 615,
        "EBIT": 776,
        "Net Income": 418
    },
    "2013-03-31": {
        "Diluted EPS": 0.26,
        "Total Revenue": NaN,
        "Gross Profit": NaN,
        "Operating Income": 544,
        "EBIT": 705,
        "Net Income": 390
    },
    "2012-12-31": {
        "Diluted EPS": 0.29,
        "Total Revenue": NaN,
        "Gross Profit": NaN,
        "Operating Income": 631,
        "EBIT": 787,
        "Net Income": 432
    },
    "2012-09-30": {
        "Diluted EPS": 0.23,
        "Total Revenue": NaN,
        "Gross Profit": NaN,
        "Operating Income": 519,
        "EBIT": 672,
        "Net Income": 359
    },
    "2012-06-30": {
        "Diluted EPS": 0.22,
        "Total Revenue": NaN,
        "Gross Profit": NaN,
        "Operating Income": 492,
        "EBIT": 631,
        "Net Income": 333
    },
    "2012-03-31": {
        "Diluted EPS": 0.2,
        "Total Revenue": NaN,
        "Gross Profit": NaN,
        "Operating Income": 430,
        "EBIT": 575,
        "Net Income": 310
    },
    "2011-12-31": {
        "Diluted EPS": 0.25,
        "Total Revenue": NaN,
        "Gross Profit": NaN,
        "Operating Income": 556,
        "EBIT": 700,
        "Net Income": 382
    },
    "2011-09-30": {
        "Diluted EPS": 0.24,
        "Total Revenue": NaN,
        "Gross Profit": NaN,
        "Operating Income": 448,
        "EBIT": 590,
        "Net Income": 358
    },
    "2011-06-30": {
        "Diluted EPS": 0.18,
        "Total Revenue": NaN,
        "Gross Profit": NaN,
        "Operating Income": 402,
        "EBIT": 539,
        "Net Income": 279
    },
    "2011-03-31": {
        "Diluted EPS": 0.17,
        "Total Revenue": NaN,
        "Gross Profit": NaN,
        "Operating Income": 376,
        "EBIT": 512,
        "Net Income": 262
    },
    "2010-12-31": {
        "Diluted EPS": 0.23,
        "Total Revenue": NaN,
        "Gross Profit": NaN,
        "Operating Income": 502,
        "EBIT": 637,
        "Net Income": 347
    },
    "2010-09-30": {
        "Diluted EPS": 0.19,
        "Total Revenue": NaN,
        "Gross Profit": NaN,
        "Operating Income": 399,
        "EBIT": 536,
        "Net Income": 279
    },
    "2010-06-30": {
        "Diluted EPS": 0.14,
        "Total Revenue": NaN,
        "Gross Profit": NaN,
        "Operating Income": 328,
        "EBIT": 460,
        "Net Income": 208
    },
    "2010-03-31": {
        "Diluted EPS": 0.14,
        "Total Revenue": NaN,
        "Gross Profit": NaN,
        "Operating Income": 340,
        "EBIT": 474,
        "Net Income": 217
    },
    "2009-12-31": {
        "Diluted EPS": 0.16,
        "Total Revenue": NaN,
        "Gross Profit": NaN,
        "Operating Income": 353,
        "EBIT": 491,
        "Net Income": 242
    },
    "2009-09-30": {
        "Diluted EPS": 0.1,
        "Total Revenue": NaN,
        "Gross Profit": NaN,
        "Operating Income": 199,
        "EBIT": 340,
        "Net Income": 150
    },
    "2009-06-30": {
        "Diluted EPS": 0.1,
        "Total Revenue": NaN,
        "Gross Profit": NaN,
        "Operating Income": 204,
        "EBIT": 345,
        "Net Income": 152
    },
    "2009-03-31": {
        "Diluted EPS": 0.02,
        "Total Revenue": NaN,
        "Gross Profit": NaN,
        "Operating Income": 41,
        "EBIT": 182,
        "Net Income": 25
    },
    "2023-09-30": {
        "Tax Effect Of Unusual Items": NaN,
        "Tax Rate For Calcs": NaN,
        "Normalized EBITDA": NaN,
        "Total Unusual Items": NaN,
        "Total Unusual Items Excluding Goodwill": NaN,
        "Net Income From Continuing Operation Net Minority Interest": NaN,
        "Reconciled Depreciation": NaN,
        "Reconciled Cost Of Revenue": NaN,
        "EBITDA": NaN,
        "EBIT": NaN,
        "Net Interest Income": NaN,
        "Interest Expense": NaN,
        "Interest Income": NaN,
        "Normalized Income": NaN,
        "Net Income From Continuing And Discontinued Operation": NaN,
        "Total Expenses": NaN,
        "Rent Expense Supplemental": NaN,
        "Total Operating Income As Reported": NaN,
        "Diluted Average Shares": NaN,
        "Basic Average Shares": NaN,
        "Diluted EPS": NaN,
        "Basic EPS": NaN,
        "Diluted NI Availto Com Stockholders": NaN,
        "Net Income Common Stockholders": NaN,
        "Net Income": NaN,
        "Minority Interests": NaN,
        "Net Income Including Noncontrolling Interests": NaN,
        "Net Income Continuous Operations": NaN,
        "Tax Provision": NaN,
        "Pretax Income": NaN,
        "Other Income Expense": NaN,
        "Special Income Charges": NaN,
        "Gain On Sale Of Ppe": 0.0,
        "Restructuring And Mergern Acquisition": 0.0,
        "Earnings From Equity Interest": NaN,
        "Net Non Operating Interest Income Expense": NaN,
        "Interest Expense Non Operating": NaN,
        "Interest Income Non Operating": NaN,
        "Operating Income": NaN,
        "Operating Expense": NaN,
        "Other Operating Expenses": NaN,
        "Depreciation Amortization Depletion Income Statement": NaN,
        "Depreciation And Amortization In Income Statement": NaN,
        "Selling General And Administration": NaN,
        "General And Administrative Expense": NaN,
        "Other Gand A": NaN,
        "Gross Profit": NaN,
        "Cost Of Revenue": NaN,
        "Total Revenue": NaN,
        "Operating Revenue": NaN
    },
    "2023-12-31": {
        "Tax Effect Of Unusual Items": NaN,
        "Tax Rate For Calcs": NaN,
        "Normalized EBITDA": NaN,
        "Total Unusual Items": 0.0,
        "Total Unusual Items Excluding Goodwill": 0.0,
        "Net Income From Continuing Operation Net Minority Interest": NaN,
        "Reconciled Depreciation": NaN,
        "Reconciled Cost Of Revenue": NaN,
        "EBITDA": NaN,
        "EBIT": NaN,
        "Net Interest Income": NaN,
        "Interest Expense": NaN,
        "Interest Income": NaN,
        "Normalized Income": NaN,
        "Net Income From Continuing And Discontinued Operation": NaN,
        "Total Expenses": NaN,
        "Rent Expense Supplemental": NaN,
        "Total Operating Income As Reported": NaN,
        "Diluted Average Shares": NaN,
        "Basic Average Shares": NaN,
        "Diluted EPS": NaN,
        "Basic EPS": NaN,
        "Diluted NI Availto Com Stockholders": NaN,
        "Net Income Common Stockholders": NaN,
        "Net Income": NaN,
        "Minority Interests": NaN,
        "Net Income Including Noncontrolling Interests": NaN,
        "Net Income Continuous Operations": NaN,
        "Tax Provision": NaN,
        "Pretax Income": NaN,
        "Other Income Expense": NaN,
        "Special Income Charges": 0.0,
        "Gain On Sale Of Ppe": NaN,
        "Restructuring And Mergern Acquisition": NaN,
        "Earnings From Equity Interest": NaN,
        "Net Non Operating Interest Income Expense": NaN,
        "Interest Expense Non Operating": NaN,
        "Interest Income Non Operating": NaN,
        "Operating Income": NaN,
        "Operating Expense": NaN,
        "Other Operating Expenses": NaN,
        "Depreciation Amortization Depletion Income Statement": NaN,
        "Depreciation And Amortization In Income Statement": NaN,
        "Selling General And Administration": NaN,
        "General And Administrative Expense": NaN,
        "Other Gand A": NaN,
        "Gross Profit": NaN,
        "Cost Of Revenue": NaN,
        "Total Revenue": NaN,
        "Operating Revenue": NaN
    },
    "2024-03-31": {
        "Tax Effect Of Unusual Items": NaN,
        "Tax Rate For Calcs": NaN,
        "Normalized EBITDA": NaN,
        "Total Unusual Items": NaN,
        "Total Unusual Items Excluding Goodwill": NaN,
        "Net Income From Continuing Operation Net Minority Interest": NaN,
        "Reconciled Depreciation": NaN,
        "Reconciled Cost Of Revenue": NaN,
        "EBITDA": NaN,
        "EBIT": NaN,
        "Net Interest Income": NaN,
        "Interest Expense": NaN,
        "Interest Income": NaN,
        "Normalized Income": NaN,
        "Net Income From Continuing And Discontinued Operation": NaN,
        "Total Expenses": NaN,
        "Rent Expense Supplemental": NaN,
        "Total Operating Income As Reported": NaN,
        "Diluted Average Shares": NaN,
        "Basic Average Shares": NaN,
        "Diluted EPS": NaN,
        "Basic EPS": NaN,
        "Diluted NI Availto Com Stockholders": NaN,
        "Net Income Common Stockholders": NaN,
        "Net Income": NaN,
        "Minority Interests": NaN,
        "Net Income Including Noncontrolling Interests": NaN,
        "Net Income Continuous Operations": NaN,
        "Tax Provision": NaN,
        "Pretax Income": NaN,
        "Other Income Expense": NaN,
        "Special Income Charges": NaN,
        "Gain On Sale Of Ppe": 0.0,
        "Restructuring And Mergern Acquisition": NaN,
        "Earnings From Equity Interest": NaN,
        "Net Non Operating Interest Income Expense": NaN,
        "Interest Expense Non Operating": NaN,
        "Interest Income Non Operating": NaN,
        "Operating Income": NaN,
        "Operating Expense": NaN,
        "Other Operating Expenses": NaN,
        "Depreciation Amortization Depletion Income Statement": NaN,
        "Depreciation And Amortization In Income Statement": NaN,
        "Selling General And Administration": NaN,
        "General And Administrative Expense": NaN,
        "Other Gand A": NaN,
        "Gross Profit": NaN,
        "Cost Of Revenue": NaN,
        "Total Revenue": NaN,
        "Operating Revenue": NaN
    },
    "2024-06-30": {
        "Tax Effect Of Unusual Items": NaN,
        "Tax Rate For Calcs": NaN,
        "Normalized EBITDA": NaN,
        "Total Unusual Items": NaN,
        "Total Unusual Items Excluding Goodwill": NaN,
        "Net Income From Continuing Operation Net Minority Interest": NaN,
        "Reconciled Depreciation": NaN,
        "Reconciled Cost Of Revenue": NaN,
        "EBITDA": NaN,
        "EBIT": NaN,
        "Net Interest Income": NaN,
        "Interest Expense": NaN,
        "Interest Income": NaN,
        "Normalized Income": NaN,
        "Net Income From Continuing And Discontinued Operation": NaN,
        "Total Expenses": NaN,
        "Rent Expense Supplemental": NaN,
        "Total Operating Income As Reported": NaN,
        "Diluted Average Shares": NaN,
        "Basic Average Shares": NaN,
        "Diluted EPS": NaN,
        "Basic EPS": NaN,
        "Diluted NI Availto Com Stockholders": NaN,
        "Net Income Common Stockholders": NaN,
        "Net Income": NaN,
        "Minority Interests": NaN,
        "Net Income Including Noncontrolling Interests": NaN,
        "Net Income Continuous Operations": NaN,
        "Tax Provision": NaN,
        "Pretax Income": NaN,
        "Other Income Expense": NaN,
        "Special Income Charges": NaN,
        "Gain On Sale Of Ppe": 0.0,
        "Restructuring And Mergern Acquisition": NaN,
        "Earnings From Equity Interest": NaN,
        "Net Non Operating Interest Income Expense": NaN,
        "Interest Expense Non Operating": NaN,
        "Interest Income Non Operating": NaN,
        "Operating Income": NaN,
        "Operating Expense": NaN,
        "Other Operating Expenses": NaN,
        "Depreciation Amortization Depletion Income Statement": NaN,
        "Depreciation And Amortization In Income Statement": NaN,
        "Selling General And Administration": NaN,
        "General And Administrative Expense": NaN,
        "Other Gand A": NaN,
        "Gross Profit": NaN,
        "Cost Of Revenue": NaN,
        "Total Revenue": NaN,
        "Operating Revenue": NaN
    },
    "2024-09-30": {
        "Tax Effect Of Unusual Items": NaN,
        "Tax Rate For Calcs": NaN,
        "Normalized EBITDA": NaN,
        "Total Unusual Items": NaN,
        "Total Unusual Items Excluding Goodwill": NaN,
        "Net Income From Continuing Operation Net Minority Interest": NaN,
        "Reconciled Depreciation": NaN,
        "Reconciled Cost Of Revenue": NaN,
        "EBITDA": NaN,
        "EBIT": NaN,
        "Net Interest Income": NaN,
        "Interest Expense": NaN,
        "Interest Income": NaN,
        "Normalized Income": NaN,
        "Net Income From Continuing And Discontinued Operation": NaN,
        "Total Expenses": NaN,
        "Rent Expense Supplemental": NaN,
        "Total Operating Income As Reported": NaN,
        "Diluted Average Shares": NaN,
        "Basic Average Shares": NaN,
        "Diluted EPS": NaN,
        "Basic EPS": NaN,
        "Diluted NI Availto Com Stockholders": NaN,
        "Net Income Common Stockholders": NaN,
        "Net Income": NaN,
        "Minority Interests": NaN,
        "Net Income Including Noncontrolling Interests": NaN,
        "Net Income Continuous Operations": NaN,
        "Tax Provision": NaN,
        "Pretax Income": NaN,
        "Other Income Expense": NaN,
        "Special Income Charges": NaN,
        "Gain On Sale Of Ppe": 0.0,
        "Restructuring And Mergern Acquisition": NaN,
        "Earnings From Equity Interest": NaN,
        "Net Non Operating Interest Income Expense": NaN,
        "Interest Expense Non Operating": NaN,
        "Interest Income Non Operating": NaN,
        "Operating Income": NaN,
        "Operating Expense": NaN,
        "Other Operating Expenses": NaN,
        "Depreciation Amortization Depletion Income Statement": NaN,
        "Depreciation And Amortization In Income Statement": NaN,
        "Selling General And Administration": NaN,
        "General And Administrative Expense": NaN,
        "Other Gand A": NaN,
        "Gross Profit": NaN,
        "Cost Of Revenue": NaN,
        "Total Revenue": NaN,
        "Operating Revenue": NaN
    },
    "2024-12-31": {
        "Tax Effect Of Unusual Items": 0.0,
        "Tax Rate For Calcs": 0.236134,
        "Normalized EBITDA": 1581700000.0,
        "Total Unusual Items": 0.0,
        "Total Unusual Items Excluding Goodwill": 0.0,
        "Net Income From Continuing Operation Net Minority Interest": 780800000.0,
        "Reconciled Depreciation": 432200000.0,
        "Reconciled Cost Of Revenue": 7072100000.0,
        "EBITDA": 1581700000.0,
        "EBIT": 1149500000.0,
        "Net Interest Income": -99400000.0,
        "Interest Expense": 127200000.0,
        "Interest Income": 27800000.0,
        "Normalized Income": 780800000.0,
        "Net Income From Continuing And Discontinued Operation": 780800000.0,
        "Total Expenses": 8322600000.0,
        "Rent Expense Supplemental": 802100000.0,
        "Total Operating Income As Reported": 1121700000.0,
        "Diluted Average Shares": 1138400000.0,
        "Basic Average Shares": 1134700000.0,
        "Diluted EPS": 0.69,
        "Basic EPS": 0.69,
        "Diluted NI Availto Com Stockholders": 780800000.0,
        "Net Income Common Stockholders": 780800000.0,
        "Net Income": 780800000.0,
        "Minority Interests": -100000.0,
        "Net Income Including Noncontrolling Interests": 780900000.0,
        "Net Income Continuous Operations": 780900000.0,
        "Tax Provision": 241400000.0,
        "Pretax Income": 1022300000.0,
        "Other Income Expense": 46500000.0,
        "Special Income Charges": 0.0,
        "Gain On Sale Of Ppe": NaN,
        "Restructuring And Mergern Acquisition": 0.0,
        "Earnings From Equity Interest": 46500000.0,
        "Net Non Operating Interest Income Expense": -99400000.0,
        "Interest Expense Non Operating": 127200000.0,
        "Interest Income Non Operating": 27800000.0,
        "Operating Income": 1075200000.0,
        "Operating Expense": 1225900000.0,
        "Other Operating Expenses": 152500000.0,
        "Depreciation Amortization Depletion Income Statement": 407600000.0,
        "Depreciation And Amortization In Income Statement": 407600000.0,
        "Selling General And Administration": 665800000.0,
        "General And Administrative Expense": 665800000.0,
        "Other Gand A": 665800000.0,
        "Gross Profit": 2301100000.0,
        "Cost Of Revenue": 7096700000.0,
        "Total Revenue": 9397800000.0,
        "Operating Revenue": 8921000000.0
    },
    "2025-03-31": {
        "Tax Effect Of Unusual Items": -27307000.0,
        "Tax Rate For Calcs": 0.235,
        "Normalized EBITDA": 1180900000.0,
        "Total Unusual Items": -116200000.0,
        "Total Unusual Items Excluding Goodwill": -116200000.0,
        "Net Income From Continuing Operation Net Minority Interest": 384200000.0,
        "Reconciled Depreciation": 435300000.0,
        "Reconciled Cost Of Revenue": 6897200000.0,
        "EBITDA": 1064700000.0,
        "EBIT": 629400000.0,
        "Net Interest Income": -98900000.0,
        "Interest Expense": 127300000.0,
        "Interest Income": 28400000.0,
        "Normalized Income": 473093000.0,
        "Net Income From Continuing And Discontinued Operation": 384200000.0,
        "Total Expenses": 8103500000.0,
        "Rent Expense Supplemental": 807200000.0,
        "Total Operating Income As Reported": 601000000.0,
        "Diluted Average Shares": 1140000000.0,
        "Basic Average Shares": 1136000000.0,
        "Diluted EPS": 0.34,
        "Basic EPS": 0.34,
        "Diluted NI Availto Com Stockholders": 384200000.0,
        "Net Income Common Stockholders": 384200000.0,
        "Net Income": 384200000.0,
        "Minority Interests": 100000.0,
        "Net Income Including Noncontrolling Interests": 384100000.0,
        "Net Income Continuous Operations": 384100000.0,
        "Tax Provision": 118000000.0,
        "Pretax Income": 502100000.0,
        "Other Income Expense": -57100000.0,
        "Special Income Charges": -116200000.0,
        "Gain On Sale Of Ppe": NaN,
        "Restructuring And Mergern Acquisition": 116200000.0,
        "Earnings From Equity Interest": 59100000.0,
        "Net Non Operating Interest Income Expense": -98900000.0,
        "Interest Expense Non Operating": 127300000.0,
        "Interest Income Non Operating": 28400000.0,
        "Operating Income": 658100000.0,
        "Operating Expense": 1189900000.0,
        "Other Operating Expenses": 138700000.0,
        "Depreciation Amortization Depletion Income Statement": 418900000.0,
        "Depreciation And Amortization In Income Statement": 418900000.0,
        "Selling General And Administration": 632300000.0,
        "General And Administrative Expense": 632300000.0,
        "Other Gand A": 632300000.0,
        "Gross Profit": 1848000000.0,
        "Cost Of Revenue": 6913600000.0,
        "Total Revenue": 8761600000.0,
        "Operating Revenue": 8301000000.0
    },
    "2025-06-30": {
        "Tax Effect Of Unusual Items": -6614140.920747,
        "Tax Rate For Calcs": 0.317988,
        "Normalized EBITDA": 1430000000.0,
        "Total Unusual Items": -20800000.0,
        "Total Unusual Items Excluding Goodwill": -20800000.0,
        "Net Income From Continuing Operation Net Minority Interest": 558300000.0,
        "Reconciled Depreciation": 448000000.0,
        "Reconciled Cost Of Revenue": 7279900000.0,
        "EBITDA": 1409200000.0,
        "EBIT": 961200000.0,
        "Net Interest Income": -116700000.0,
        "Interest Expense": 142300000.0,
        "Interest Income": 25600000.0,
        "Normalized Income": 572485859.079253,
        "Net Income From Continuing And Discontinued Operation": 558300000.0,
        "Total Expenses": 8556700000.0,
        "Rent Expense Supplemental": 828600000.0,
        "Total Operating Income As Reported": 935600000.0,
        "Diluted Average Shares": 1139800000.0,
        "Basic Average Shares": 1136400000.0,
        "Diluted EPS": 0.49,
        "Basic EPS": 0.49,
        "Diluted NI Availto Com Stockholders": 558300000.0,
        "Net Income Common Stockholders": 558300000.0,
        "Net Income": 558300000.0,
        "Minority Interests": -200000.0,
        "Net Income Including Noncontrolling Interests": 558500000.0,
        "Net Income Continuous Operations": 558500000.0,
        "Tax Provision": 260400000.0,
        "Pretax Income": 818900000.0,
        "Other Income Expense": 36300000.0,
        "Special Income Charges": -20800000.0,
        "Gain On Sale Of Ppe": NaN,
        "Restructuring And Mergern Acquisition": 20800000.0,
        "Earnings From Equity Interest": 57100000.0,
        "Net Non Operating Interest Income Expense": -116700000.0,
        "Interest Expense Non Operating": 142300000.0,
        "Interest Income Non Operating": 25600000.0,
        "Operating Income": 899300000.0,
        "Operating Expense": 1256400000.0,
        "Other Operating Expenses": 151600000.0,
        "Depreciation Amortization Depletion Income Statement": 427600000.0,
        "Depreciation And Amortization In Income Statement": 427600000.0,
        "Selling General And Administration": 677200000.0,
        "General And Administrative Expense": 677200000.0,
        "Other Gand A": 677200000.0,
        "Gross Profit": 2155700000.0,
        "Cost Of Revenue": 7300300000.0,
        "Total Revenue": 9456000000.0,
        "Operating Revenue": 8918100000.0
    },
    "2025-09-30": {
        "Tax Effect Of Unusual Items": -141418547.895058,
        "Tax Rate For Calcs": 0.187309,
        "Normalized EBITDA": 1520700000.0,
        "Total Unusual Items": -755000000.0,
        "Total Unusual Items Excluding Goodwill": -755000000.0,
        "Net Income From Continuing Operation Net Minority Interest": 133200000.0,
        "Reconciled Depreciation": 456000000.0,
        "Reconciled Cost Of Revenue": 7381100000.0,
        "EBITDA": 765700000.0,
        "EBIT": 309700000.0,
        "Net Interest Income": -114300000.0,
        "Interest Expense": 145800000.0,
        "Interest Income": 31500000.0,
        "Normalized Income": 746781452.104942,
        "Net Income From Continuing And Discontinued Operation": 133200000.0,
        "Total Expenses": 8620900000.0,
        "Rent Expense Supplemental": 880700000.0,
        "Total Operating Income As Reported": 278200000.0,
        "Diluted Average Shares": 1140900000.0,
        "Basic Average Shares": 1136900000.0,
        "Diluted EPS": 0.117073,
        "Basic EPS": 0.117073,
        "Diluted NI Availto Com Stockholders": 133200000.0,
        "Net Income Common Stockholders": 133200000.0,
        "Net Income": 133200000.0,
        "Minority Interests": 0.0,
        "Net Income Including Noncontrolling Interests": 133200000.0,
        "Net Income Continuous Operations": 133200000.0,
        "Tax Provision": 30700000.0,
        "Pretax Income": 163900000.0,
        "Other Income Expense": -669900000.0,
        "Special Income Charges": -755000000.0,
        "Gain On Sale Of Ppe": NaN,
        "Restructuring And Mergern Acquisition": 755000000.0,
        "Earnings From Equity Interest": 85100000.0,
        "Net Non Operating Interest Income Expense": -114300000.0,
        "Interest Expense Non Operating": 145800000.0,
        "Interest Income Non Operating": 31500000.0,
        "Operating Income": 948100000.0,
        "Operating Expense": 1214500000.0,
        "Other Operating Expenses": 141800000.0,
        "Depreciation Amortization Depletion Income Statement": 430700000.0,
        "Depreciation And Amortization In Income Statement": 430700000.0,
        "Selling General And Administration": 642000000.0,
        "General And Administrative Expense": 642000000.0,
        "Other Gand A": 642000000.0,
        "Gross Profit": 2162600000.0,
        "Cost Of Revenue": 7406400000.0,
        "Total Revenue": 9569000000.0,
        "Operating Revenue": 8955000000.0
    },
    "2025-12-31": {
        "Tax Effect Of Unusual Items": -18501000.0,
        "Tax Rate For Calcs": 0.21,
        "Normalized EBITDA": 1423800000.0,
        "Total Unusual Items": -88100000.0,
        "Total Unusual Items Excluding Goodwill": -88100000.0,
        "Net Income From Continuing Operation Net Minority Interest": 293300000.0,
        "Reconciled Depreciation": 431900000.0,
        "Reconciled Cost Of Revenue": 7794900000.0,
        "EBITDA": 1335700000.0,
        "EBIT": 903800000.0,
        "Net Interest Income": -126000000.0,
        "Interest Expense": 139000000.0,
        "Interest Income": 13000000.0,
        "Normalized Income": 362899000.0,
        "Net Income From Continuing And Discontinued Operation": 293300000.0,
        "Total Expenses": 8996800000.0,
        "Rent Expense Supplemental": 804800000.0,
        "Total Operating Income As Reported": 890800000.0,
        "Diluted Average Shares": 1141900000.0,
        "Basic Average Shares": 1138000000.0,
        "Diluted EPS": 0.26,
        "Basic EPS": 0.26,
        "Diluted NI Availto Com Stockholders": 293300000.0,
        "Net Income Common Stockholders": 293300000.0,
        "Net Income": 293300000.0,
        "Minority Interests": 100000.0,
        "Net Income Including Noncontrolling Interests": 293200000.0,
        "Net Income Continuous Operations": 293200000.0,
        "Tax Provision": 471600000.0,
        "Pretax Income": 764800000.0,
        "Other Income Expense": -27500000.0,
        "Special Income Charges": -88100000.0,
        "Gain On Sale Of Ppe": NaN,
        "Restructuring And Mergern Acquisition": 88100000.0,
        "Earnings From Equity Interest": 60600000.0,
        "Net Non Operating Interest Income Expense": -126000000.0,
        "Interest Expense Non Operating": 139000000.0,
        "Interest Income Non Operating": 13000000.0,
        "Operating Income": 918300000.0,
        "Operating Expense": 1170900000.0,
        "Other Operating Expenses": 131200000.0,
        "Depreciation Amortization Depletion Income Statement": 400900000.0,
        "Depreciation And Amortization In Income Statement": 400900000.0,
        "Selling General And Administration": 638800000.0,
        "General And Administrative Expense": 638800000.0,
        "Other Gand A": 638800000.0,
        "Gross Profit": 2089200000.0,
        "Cost Of Revenue": 7825900000.0,
        "Total Revenue": 9915100000.0,
        "Operating Revenue": 9318400000.0
    }
}