{
    "2023-06-30": {
        "Tax Effect Of Unusual Items": 0.0,
        "Tax Rate For Calcs": 0.347329,
        "Normalized EBITDA": 1138700000.0,
        "Net Income From Continuing Operation Net Minority Interest": 547500000.0,
        "Reconciled Depreciation": 209200000.0,
        "Reconciled Cost Of Revenue": 1356900000.0,
        "EBITDA": 1138700000.0,
        "EBIT": 929500000.0,
        "Net Interest Income": -58400000.0,
        "Interest Expense": 81600000.0,
        "Interest Income": 23200000.0,
        "Normalized Income": 547500000.0,
        "Net Income From Continuing And Discontinued Operation": 547500000.0,
        "Total Expenses": 1400000000.0,
        "Total Operating Income As Reported": 900700000.0,
        "Diluted Average Shares": 781140240.0,
        "Basic Average Shares": 781140240.0,
        "Diluted EPS": 0.702692,
        "Basic EPS": 0.702692,
        "Diluted NI Availto Com Stockholders": 547500000.0,
        "Net Income Common Stockholders": 547500000.0,
        "Net Income": 547500000.0,
        "Minority Interests": -2100000.0,
        "Net Income Including Noncontrolling Interests": 549600000.0,
        "Net Income Continuous Operations": 549600000.0,
        "Earnings From Equity Interest Net Of Tax": -3800000.0,
        "Tax Provision": 294500000.0,
        "Pretax Income": 847900000.0,
        "Other Income Expense": 5600000.0,
        "Other Non Operating Income Expenses": 5600000.0,
        "Net Non Operating Interest Income Expense": -58400000.0,
        "Interest Expense Non Operating": 81600000.0,
        "Interest Income Non Operating": 23200000.0,
        "Operating Income": 900700000.0,
        "Operating Expense": 43100000.0,
        "Other Operating Expenses": 12100000.0,
        "Selling General And Administration": 31000000.0,
        "Gross Profit": 943800000.0,
        "Cost Of Revenue": 1356900000.0,
        "Total Revenue": 2300700000.0,
        "Operating Revenue": 2300700000.0
    },
    "2023-03-31": {
        "Tax Effect Of Unusual Items": 0.0,
        "Tax Rate For Calcs": 0.369,
        "Normalized EBITDA": 1589200000.0,
        "Net Income From Continuing Operation Net Minority Interest": 813200000.0,
        "Reconciled Depreciation": 203700000.0,
        "Reconciled Cost Of Revenue": 1397900000.0,
        "EBITDA": 1589200000.0,
        "EBIT": 1385500000.0,
        "Net Interest Income": -61400000.0,
        "Interest Expense": 82700000.0,
        "Interest Income": 21300000.0,
        "Normalized Income": 813200000.0,
        "Net Income From Continuing And Discontinued Operation": 813200000.0,
        "Total Expenses": 1440200000.0,
        "Total Operating Income As Reported": 1353700000.0,
        "Diluted Average Shares": 781140240.0,
        "Basic Average Shares": 781140240.0,
        "Diluted EPS": 1.039192,
        "Basic EPS": 1.039192,
        "Diluted NI Availto Com Stockholders": 813200000.0,
        "Net Income Common Stockholders": 813200000.0,
        "Net Income": 813200000.0,
        "Minority Interests": -2700000.0,
        "Net Income Including Noncontrolling Interests": 815900000.0,
        "Net Income Continuous Operations": 815900000.0,
        "Earnings From Equity Interest Net Of Tax": -6400000.0,
        "Tax Provision": 480500000.0,
        "Pretax Income": 1302800000.0,
        "Other Income Expense": 10500000.0,
        "Other Non Operating Income Expenses": 10500000.0,
        "Net Non Operating Interest Income Expense": -61400000.0,
        "Interest Expense Non Operating": 82700000.0,
        "Interest Income Non Operating": 21300000.0,
        "Operating Income": 1353700000.0,
        "Operating Expense": 42300000.0,
        "Other Operating Expenses": 11900000.0,
        "Selling General And Administration": 30400000.0,
        "Gross Profit": 1396000000.0,
        "Cost Of Revenue": 1397900000.0,
        "Total Revenue": 2793900000.0,
        "Operating Revenue": 2793900000.0
    },
    "2022-12-31": {
        "Tax Effect Of Unusual Items": 0.0,
        "Tax Rate For Calcs": 0.33555,
        "Normalized EBITDA": 1649800000.0,
        "Net Income From Continuing Operation Net Minority Interest": 902400000.0,
        "Reconciled Depreciation": 198700000.0,
        "Reconciled Cost Of Revenue": 1405500000.0,
        "EBITDA": 1649800000.0,
        "EBIT": 1451100000.0,
        "Net Interest Income": -64600000.0,
        "Interest Expense": 82900000.0,
        "Interest Income": 18300000.0,
        "Normalized Income": 902400000.0,
        "Net Income From Continuing And Discontinued Operation": 902400000.0,
        "Total Expenses": 1450200000.0,
        "Total Operating Income As Reported": 1370100000.0,
        "Diluted Average Shares": 773100000.0,
        "Basic Average Shares": 773100000.0,
        "Diluted EPS": 1.17,
        "Basic EPS": 1.17,
        "Diluted NI Availto Com Stockholders": 902400000.0,
        "Net Income Common Stockholders": 902400000.0,
        "Net Income": 902400000.0,
        "Minority Interests": -2700000.0,
        "Net Income Including Noncontrolling Interests": 905100000.0,
        "Net Income Continuous Operations": 905100000.0,
        "Earnings From Equity Interest Net Of Tax": -4000000.0,
        "Tax Provision": 459100000.0,
        "Pretax Income": 1368200000.0,
        "Other Income Expense": 62700000.0,
        "Other Non Operating Income Expenses": 62700000.0,
        "Net Non Operating Interest Income Expense": -64600000.0,
        "Interest Expense Non Operating": 82900000.0,
        "Interest Income Non Operating": 18300000.0,
        "Operating Income": 1370100000.0,
        "Operating Expense": 44700000.0,
        "Other Operating Expenses": 11100000.0,
        "Selling General And Administration": 33600000.0,
        "Gross Profit": 1414800000.0,
        "Cost Of Revenue": 1405500000.0,
        "Total Revenue": 2820300000.0,
        "Operating Revenue": 2820300000.0
    },
    "2022-09-30": {
        "Tax Effect Of Unusual Items": 0.0,
        "Tax Rate For Calcs": 0.30487,
        "Normalized EBITDA": 1025700000.0,
        "Net Income From Continuing Operation Net Minority Interest": 519000000.0,
        "Reconciled Depreciation": 192000000.0,
        "Reconciled Cost Of Revenue": 1329900000.0,
        "EBITDA": 1025700000.0,
        "EBIT": 833700000.0,
        "Net Interest Income": -76400000.0,
        "Interest Expense": 84200000.0,
        "Interest Income": 7800000.0,
        "Normalized Income": 519000000.0,
        "Net Income From Continuing And Discontinued Operation": 519000000.0,
        "Total Expenses": 1369700000.0,
        "Total Operating Income As Reported": 787200000.0,
        "Diluted Average Shares": 773100000.0,
        "Basic Average Shares": 773100000.0,
        "Diluted EPS": 0.67,
        "Basic EPS": 0.67,
        "Diluted NI Availto Com Stockholders": 519000000.0,
        "Net Income Common Stockholders": 519000000.0,
        "Net Income": 519000000.0,
        "Minority Interests": -1900000.0,
        "Net Income Including Noncontrolling Interests": 520900000.0,
        "Net Income Continuous Operations": 520900000.0,
        "Earnings From Equity Interest Net Of Tax": -100000.0,
        "Tax Provision": 228500000.0,
        "Pretax Income": 749500000.0,
        "Other Income Expense": 38700000.0,
        "Other Non Operating Income Expenses": 38700000.0,
        "Net Non Operating Interest Income Expense": -76400000.0,
        "Interest Expense Non Operating": 84200000.0,
        "Interest Income Non Operating": 7800000.0,
        "Operating Income": 787200000.0,
        "Operating Expense": 39800000.0,
        "Other Operating Expenses": 9600000.0,
        "Selling General And Administration": 30200000.0,
        "Gross Profit": 827000000.0,
        "Cost Of Revenue": 1329900000.0,
        "Total Revenue": 2156900000.0,
        "Operating Revenue": 2156900000.0
    },
    "2022-06-30": {
        "Tax Effect Of Unusual Items": 0.0,
        "Tax Rate For Calcs": 0.4,
        "Normalized EBITDA": 1025700000.0,
        "Net Income From Continuing Operation Net Minority Interest": 432300000.0,
        "Reconciled Depreciation": 209000000.0,
        "Reconciled Cost Of Revenue": 1455700000.0,
        "EBITDA": 1025700000.0,
        "EBIT": 816700000.0,
        "Net Interest Income": -80900000.0,
        "Interest Expense": 85200000.0,
        "Interest Income": 4300000.0,
        "Normalized Income": 432300000.0,
        "Net Income From Continuing And Discontinued Operation": 432300000.0,
        "Total Expenses": 1498400000.0,
        "Total Operating Income As Reported": 808500000.0,
        "Diluted Average Shares": 773100000.0,
        "Basic Average Shares": 773100000.0,
        "Diluted EPS": 0.56,
        "Basic EPS": 0.56,
        "Diluted NI Availto Com Stockholders": 432300000.0,
        "Net Income Common Stockholders": 432300000.0,
        "Net Income": 432300000.0,
        "Minority Interests": -1900000.0,
        "Net Income Including Noncontrolling Interests": 434200000.0,
        "Net Income Continuous Operations": 434200000.0,
        "Earnings From Equity Interest Net Of Tax": -900000.0,
        "Tax Provision": 296400000.0,
        "Pretax Income": 731500000.0,
        "Other Income Expense": 3900000.0,
        "Other Non Operating Income Expenses": 3900000.0,
        "Net Non Operating Interest Income Expense": -80900000.0,
        "Interest Expense Non Operating": 85200000.0,
        "Interest Income Non Operating": 4300000.0,
        "Operating Income": 808500000.0,
        "Operating Expense": 42700000.0,
        "Other Operating Expenses": 11800000.0,
        "Selling General And Administration": 30900000.0,
        "Gross Profit": 851200000.0,
        "Cost Of Revenue": 1455700000.0,
        "Total Revenue": 2306900000.0,
        "Operating Revenue": 2306900000.0
    },
    "2022-03-31": {
        "Diluted EPS": 1.02,
        "Total Revenue": NaN,
        "Gross Profit": NaN,
        "Operating Income": NaN,
        "EBIT": NaN,
        "Net Income": 785
    },
    "2021-12-31": {
        "Diluted EPS": 1.07,
        "Total Revenue": NaN,
        "Gross Profit": NaN,
        "Operating Income": NaN,
        "EBIT": NaN,
        "Net Income": 833
    },
    "2021-09-30": {
        "Diluted EPS": 1.12,
        "Total Revenue": NaN,
        "Gross Profit": NaN,
        "Operating Income": NaN,
        "EBIT": NaN,
        "Net Income": 868
    },
    "2021-06-30": {
        "Diluted EPS": 1.21,
        "Total Revenue": NaN,
        "Gross Profit": NaN,
        "Operating Income": NaN,
        "EBIT": NaN,
        "Net Income": 933
    },
    "2021-03-31": {
        "Diluted EPS": 0.99,
        "Total Revenue": NaN,
        "Gross Profit": NaN,
        "Operating Income": NaN,
        "EBIT": NaN,
        "Net Income": 764
    },
    "2020-12-31": {
        "Diluted EPS": 0.76,
        "Total Revenue": NaN,
        "Gross Profit": NaN,
        "Operating Income": NaN,
        "EBIT": NaN,
        "Net Income": 590
    },
    "2020-09-30": {
        "Diluted EPS": 0.65,
        "Total Revenue": NaN,
        "Gross Profit": NaN,
        "Operating Income": 944,
        "EBIT": NaN,
        "Net Income": 506
    },
    "2020-06-30": {
        "Diluted EPS": 0.34,
        "Total Revenue": NaN,
        "Gross Profit": 809,
        "Operating Income": 577,
        "EBIT": 771,
        "Net Income": 260
    },
    "2020-03-31": {
        "Diluted EPS": 0.28,
        "Total Revenue": NaN,
        "Gross Profit": 764,
        "Operating Income": 533,
        "EBIT": 726,
        "Net Income": 215
    },
    "2019-12-31": {
        "Diluted EPS": 0.4,
        "Total Revenue": NaN,
        "Gross Profit": 866,
        "Operating Income": 632,
        "EBIT": 816,
        "Net Income": 306
    },
    "2019-09-30": {
        "Diluted EPS": 0.5,
        "Total Revenue": NaN,
        "Gross Profit": 953,
        "Operating Income": 714,
        "EBIT": 914,
        "Net Income": 390
    },
    "2019-06-30": {
        "Diluted EPS": 0.52,
        "Total Revenue": NaN,
        "Gross Profit": 951,
        "Operating Income": 714,
        "EBIT": 912,
        "Net Income": 402
    },
    "2019-03-31": {
        "Diluted EPS": 0.5,
        "Total Revenue": NaN,
        "Gross Profit": 909,
        "Operating Income": 694,
        "EBIT": 875,
        "Net Income": 388
    },
    "2018-12-31": {
        "Diluted EPS": 0.38,
        "Total Revenue": NaN,
        "Gross Profit": 838,
        "Operating Income": 624,
        "EBIT": 803,
        "Net Income": 293
    },
    "2018-09-30": {
        "Diluted EPS": 0.48,
        "Total Revenue": NaN,
        "Gross Profit": 900,
        "Operating Income": 697,
        "EBIT": 867,
        "Net Income": 369
    },
    "2018-06-30": {
        "Diluted EPS": 0.53,
        "Total Revenue": NaN,
        "Gross Profit": 986,
        "Operating Income": 788,
        "EBIT": 950,
        "Net Income": 410
    },
    "2018-03-31": {
        "Diluted EPS": 0.61,
        "Total Revenue": NaN,
        "Gross Profit": 965,
        "Operating Income": 773,
        "EBIT": 935,
        "Net Income": 471
    },
    "2017-12-31": {
        "Diluted EPS": -0.38,
        "Total Revenue": NaN,
        "Gross Profit": NaN,
        "Operating Income": 830,
        "EBIT": NaN,
        "Net Income": -287
    },
    "2017-09-30": {
        "Diluted EPS": 0.52,
        "Total Revenue": NaN,
        "Gross Profit": 895,
        "Operating Income": 693,
        "EBIT": 862,
        "Net Income": 402
    },
    "2017-06-30": {
        "Diluted EPS": 0.39,
        "Total Revenue": NaN,
        "Gross Profit": 725,
        "Operating Income": 526,
        "EBIT": 697,
        "Net Income": 300
    },
    "2017-03-31": {
        "Diluted EPS": 0.41,
        "Total Revenue": NaN,
        "Gross Profit": 740,
        "Operating Income": 570,
        "EBIT": 724,
        "Net Income": 314
    },
    "2016-12-31": {
        "Diluted EPS": 0.21,
        "Total Revenue": NaN,
        "Gross Profit": 675,
        "Operating Income": 471,
        "EBIT": 643,
        "Net Income": 172
    },
    "2016-09-30": {
        "Diluted EPS": 0.26,
        "Total Revenue": NaN,
        "Gross Profit": 569,
        "Operating Income": 362,
        "EBIT": 537,
        "Net Income": 198
    },
    "2016-06-30": {
        "Diluted EPS": 0.29,
        "Total Revenue": NaN,
        "Gross Profit": 584,
        "Operating Income": 385,
        "EBIT": 550,
        "Net Income": 222
    },
    "2016-03-31": {
        "Diluted EPS": 0.24,
        "Total Revenue": NaN,
        "Gross Profit": 518,
        "Operating Income": 346,
        "EBIT": 482,
        "Net Income": 185
    },
    "2015-12-31": {
        "Diluted EPS": 0.09,
        "Total Revenue": NaN,
        "Gross Profit": 385,
        "Operating Income": 188,
        "EBIT": 324,
        "Net Income": 61
    },
    "2015-09-30": {
        "Diluted EPS": 0.12,
        "Total Revenue": NaN,
        "Gross Profit": 463,
        "Operating Income": 287,
        "EBIT": 418,
        "Net Income": 98
    },
    "2015-06-30": {
        "Diluted EPS": 0.37,
        "Total Revenue": NaN,
        "Gross Profit": 676,
        "Operating Income": 503,
        "EBIT": 628,
        "Net Income": 295
    },
    "2015-03-31": {
        "Diluted EPS": 0.35,
        "Total Revenue": NaN,
        "Gross Profit": 595,
        "Operating Income": 437,
        "EBIT": 554,
        "Net Income": 282
    },
    "2014-12-31": {
        "Diluted EPS": 0.43,
        "Total Revenue": NaN,
        "Gross Profit": 729,
        "Operating Income": 525,
        "EBIT": 630,
        "Net Income": 348
    },
    "2014-09-30": {
        "Diluted EPS": 0.39,
        "Total Revenue": NaN,
        "Gross Profit": 745,
        "Operating Income": 547,
        "EBIT": 661,
        "Net Income": 324
    },
    "2014-06-30": {
        "Diluted EPS": 0.4,
        "Total Revenue": NaN,
        "Gross Profit": 761,
        "Operating Income": 597,
        "EBIT": 713,
        "Net Income": 337
    },
    "2014-03-31": {
        "Diluted EPS": 0.39,
        "Total Revenue": NaN,
        "Gross Profit": 712,
        "Operating Income": 563,
        "EBIT": 673,
        "Net Income": 323
    },
    "2013-12-31": {
        "Diluted EPS": 0.48,
        "Total Revenue": NaN,
        "Gross Profit": 761,
        "Operating Income": 608,
        "EBIT": 719,
        "Net Income": 406
    },
    "2013-09-30": {
        "Diluted EPS": 0.41,
        "Total Revenue": NaN,
        "Gross Profit": 721,
        "Operating Income": 584,
        "EBIT": 685,
        "Net Income": 344
    },
    "2013-06-30": {
        "Diluted EPS": 0.44,
        "Total Revenue": NaN,
        "Gross Profit": 699,
        "Operating Income": 566,
        "EBIT": 660,
        "Net Income": 373
    },
    "2013-03-31": {
        "Diluted EPS": 0.59,
        "Total Revenue": NaN,
        "Gross Profit": 900,
        "Operating Income": 774,
        "EBIT": 865,
        "Net Income": 495
    },
    "2012-12-31": {
        "Diluted EPS": 0.63,
        "Total Revenue": NaN,
        "Gross Profit": 943,
        "Operating Income": 813,
        "EBIT": 902,
        "Net Income": 532
    },
    "2012-09-30": {
        "Diluted EPS": 0.26,
        "Total Revenue": NaN,
        "Gross Profit": 882,
        "Operating Income": 448,
        "EBIT": 529,
        "Net Income": 218
    },
    "2012-06-30": {
        "Diluted EPS": 0.66,
        "Total Revenue": NaN,
        "Gross Profit": 992,
        "Operating Income": 876,
        "EBIT": 954,
        "Net Income": 564
    },
    "2012-03-31": {
        "Diluted EPS": 0.73,
        "Total Revenue": NaN,
        "Gross Profit": NaN,
        "Operating Income": 973,
        "EBIT": NaN,
        "Net Income": 621
    },
    "2011-12-31": {
        "Diluted EPS": 0.62,
        "Total Revenue": NaN,
        "Gross Profit": NaN,
        "Operating Income": 902,
        "EBIT": 974,
        "Net Income": 537
    },
    "2011-09-30": {
        "Diluted EPS": 0.78,
        "Total Revenue": NaN,
        "Gross Profit": NaN,
        "Operating Income": 962,
        "EBIT": NaN,
        "Net Income": 663
    },
    "2011-06-30": {
        "Diluted EPS": 0.77,
        "Total Revenue": NaN,
        "Gross Profit": NaN,
        "Operating Income": 999,
        "EBIT": NaN,
        "Net Income": 658
    },
    "2011-03-31": {
        "Diluted EPS": 0.56,
        "Total Revenue": NaN,
        "Gross Profit": 865,
        "Operating Income": 763,
        "EBIT": 833,
        "Net Income": 478
    },
    "2010-12-31": {
        "Diluted EPS": 0.57,
        "Total Revenue": NaN,
        "Gross Profit": 963,
        "Operating Income": 852,
        "EBIT": 923,
        "Net Income": 492
    },
    "2010-09-30": {
        "Diluted EPS": 0.43,
        "Total Revenue": NaN,
        "Gross Profit": 707,
        "Operating Income": 603,
        "EBIT": 675,
        "Net Income": 365
    },
    "2010-06-30": {
        "Diluted EPS": 0.37,
        "Total Revenue": NaN,
        "Gross Profit": 642,
        "Operating Income": 540,
        "EBIT": 610,
        "Net Income": 313
    },
    "2010-03-31": {
        "Diluted EPS": 0.45,
        "Total Revenue": NaN,
        "Gross Profit": 708,
        "Operating Income": 609,
        "EBIT": 678,
        "Net Income": 383
    },
    "2009-12-31": {
        "Diluted EPS": 0.43,
        "Total Revenue": NaN,
        "Gross Profit": 595,
        "Operating Income": 529,
        "EBIT": 563,
        "Net Income": 363
    },
    "2009-09-30": {
        "Diluted EPS": 0.37,
        "Total Revenue": NaN,
        "Gross Profit": 622,
        "Operating Income": 509,
        "EBIT": 591,
        "Net Income": 312
    },
    "2009-06-30": {
        "Diluted EPS": 0.21,
        "Total Revenue": 825,
        "Gross Profit": 405,
        "Operating Income": 303,
        "EBIT": 382,
        "Net Income": 175
    },
    "2009-03-31": {
        "Diluted EPS": 0.09,
        "Total Revenue": 622,
        "Gross Profit": 247,
        "Operating Income": 144,
        "EBIT": 222,
        "Net Income": 79
    },
    "2023-09-30": {
        "Tax Effect Of Unusual Items": NaN,
        "Tax Rate For Calcs": NaN,
        "Normalized EBITDA": NaN,
        "Net Income From Continuing Operation Net Minority Interest": NaN,
        "Reconciled Depreciation": NaN,
        "Reconciled Cost Of Revenue": NaN,
        "EBITDA": NaN,
        "EBIT": NaN,
        "Net Interest Income": NaN,
        "Interest Expense": NaN,
        "Interest Income": NaN,
        "Normalized Income": NaN,
        "Net Income From Continuing And Discontinued Operation": NaN,
        "Total Expenses": NaN,
        "Total Operating Income As Reported": NaN,
        "Diluted Average Shares": 783571840.0,
        "Basic Average Shares": 783571840.0,
        "Diluted EPS": 0.789309,
        "Basic EPS": 0.789309,
        "Diluted NI Availto Com Stockholders": NaN,
        "Net Income Common Stockholders": NaN,
        "Net Income": NaN,
        "Minority Interests": NaN,
        "Net Income Including Noncontrolling Interests": NaN,
        "Net Income Continuous Operations": NaN,
        "Earnings From Equity Interest Net Of Tax": NaN,
        "Tax Provision": NaN,
        "Pretax Income": NaN,
        "Other Income Expense": NaN,
        "Other Non Operating Income Expenses": NaN,
        "Net Non Operating Interest Income Expense": NaN,
        "Interest Expense Non Operating": NaN,
        "Interest Income Non Operating": NaN,
        "Operating Income": NaN,
        "Operating Expense": NaN,
        "Other Operating Expenses": NaN,
        "Selling General And Administration": NaN,
        "Gross Profit": NaN,
        "Cost Of Revenue": NaN,
        "Total Revenue": NaN,
        "Operating Revenue": NaN
    },
    "2023-12-31": {
        "Tax Effect Of Unusual Items": 0.0,
        "Tax Rate For Calcs": 0.21,
        "Normalized EBITDA": 1076900000.0,
        "Net Income From Continuing Operation Net Minority Interest": 445000000.0,
        "Reconciled Depreciation": 208200000.0,
        "Reconciled Cost Of Revenue": 1378300000.0,
        "EBITDA": 1076900000.0,
        "EBIT": 868700000.0,
        "Net Interest Income": -59600000.0,
        "Interest Expense": 80900000.0,
        "Interest Income": 21300000.0,
        "Normalized Income": 445000000.0,
        "Net Income From Continuing And Discontinued Operation": 445000000.0,
        "Total Expenses": 1426900000.0,
        "Total Operating Income As Reported": 868700000.0,
        "Diluted Average Shares": 796154625.0,
        "Basic Average Shares": 796154625.0,
        "Diluted EPS": 0.563205,
        "Basic EPS": 0.563205,
        "Diluted NI Availto Com Stockholders": 445000000.0,
        "Net Income Common Stockholders": 445000000.0,
        "Net Income": 445000000.0,
        "Minority Interests": -2200000.0,
        "Net Income Including Noncontrolling Interests": 447200000.0,
        "Net Income Continuous Operations": 447200000.0,
        "Earnings From Equity Interest Net Of Tax": 8100000.0,
        "Tax Provision": 348700000.0,
        "Pretax Income": 787800000.0,
        "Other Income Expense": -21300000.0,
        "Other Non Operating Income Expenses": -21300000.0,
        "Net Non Operating Interest Income Expense": -59600000.0,
        "Interest Expense Non Operating": 80900000.0,
        "Interest Income Non Operating": 21300000.0,
        "Operating Income": 868700000.0,
        "Operating Expense": 48600000.0,
        "Other Operating Expenses": 15500000.0,
        "Selling General And Administration": 33100000.0,
        "Gross Profit": 917300000.0,
        "Cost Of Revenue": 1378300000.0,
        "Total Revenue": 2295600000.0,
        "Operating Revenue": 2295600000.0
    },
    "2024-03-31": {
        "Tax Effect Of Unusual Items": 0.0,
        "Tax Rate For Calcs": 0.366,
        "Normalized EBITDA": 1445000000.0,
        "Net Income From Continuing Operation Net Minority Interest": 736000000.0,
        "Reconciled Depreciation": 209000000.0,
        "Reconciled Cost Of Revenue": 1366600000.0,
        "EBITDA": 1445000000.0,
        "EBIT": 1236000000.0,
        "Net Interest Income": -53200000.0,
        "Interest Expense": 80500000.0,
        "Interest Income": 27300000.0,
        "Normalized Income": 736000000.0,
        "Net Income From Continuing And Discontinued Operation": 736000000.0,
        "Total Expenses": 1410100000.0,
        "Total Operating Income As Reported": 1189700000.0,
        "Diluted Average Shares": 796154625.0,
        "Basic Average Shares": 796154625.0,
        "Diluted EPS": 0.92249,
        "Basic EPS": 0.92249,
        "Diluted NI Availto Com Stockholders": 736000000.0,
        "Net Income Common Stockholders": 736000000.0,
        "Net Income": 736000000.0,
        "Minority Interests": -2800000.0,
        "Net Income Including Noncontrolling Interests": 738800000.0,
        "Net Income Continuous Operations": 738800000.0,
        "Earnings From Equity Interest Net Of Tax": 6700000.0,
        "Tax Provision": 423400000.0,
        "Pretax Income": 1155500000.0,
        "Other Income Expense": 19000000.0,
        "Other Non Operating Income Expenses": 19000000.0,
        "Net Non Operating Interest Income Expense": -53200000.0,
        "Interest Expense Non Operating": 80500000.0,
        "Interest Income Non Operating": 27300000.0,
        "Operating Income": 1189700000.0,
        "Operating Expense": 43500000.0,
        "Other Operating Expenses": 12700000.0,
        "Selling General And Administration": 30800000.0,
        "Gross Profit": 1233200000.0,
        "Cost Of Revenue": 1366600000.0,
        "Total Revenue": 2599800000.0,
        "Operating Revenue": 2599800000.0
    },
    "2024-06-30": {
        "Tax Effect Of Unusual Items": 0.0,
        "Tax Rate For Calcs": 0.378152,
        "Normalized EBITDA": 1823500000.0,
        "Net Income From Continuing Operation Net Minority Interest": 950200000.0,
        "Reconciled Depreciation": 209600000.0,
        "Reconciled Cost Of Revenue": 1458500000.0,
        "EBITDA": 1823500000.0,
        "EBIT": 1613900000.0,
        "Net Interest Income": -56800000.0,
        "Interest Expense": 83300000.0,
        "Interest Income": 26500000.0,
        "Normalized Income": 950200000.0,
        "Net Income From Continuing And Discontinued Operation": 950200000.0,
        "Total Expenses": 1511000000.0,
        "Total Operating Income As Reported": 1607300000.0,
        "Diluted Average Shares": 808788423.0,
        "Basic Average Shares": 808788423.0,
        "Diluted EPS": 1.173407,
        "Basic EPS": 1.173407,
        "Diluted NI Availto Com Stockholders": 950200000.0,
        "Net Income Common Stockholders": 950200000.0,
        "Net Income": 950200000.0,
        "Minority Interests": -3600000.0,
        "Net Income Including Noncontrolling Interests": 953800000.0,
        "Net Income Continuous Operations": 953800000.0,
        "Earnings From Equity Interest Net Of Tax": 2000000.0,
        "Tax Provision": 578800000.0,
        "Pretax Income": 1530600000.0,
        "Other Income Expense": -19900000.0,
        "Other Non Operating Income Expenses": -19900000.0,
        "Net Non Operating Interest Income Expense": -56800000.0,
        "Interest Expense Non Operating": 83300000.0,
        "Interest Income Non Operating": 26500000.0,
        "Operating Income": 1607300000.0,
        "Operating Expense": 52500000.0,
        "Other Operating Expenses": 18600000.0,
        "Selling General And Administration": 33900000.0,
        "Gross Profit": 1659800000.0,
        "Cost Of Revenue": 1458500000.0,
        "Total Revenue": 3118300000.0,
        "Operating Revenue": 3118300000.0
    },
    "2024-09-30": {
        "Tax Effect Of Unusual Items": 0.0,
        "Tax Rate For Calcs": 0.368963,
        "Normalized EBITDA": 1722900000.0,
        "Net Income From Continuing Operation Net Minority Interest": 896700000.0,
        "Reconciled Depreciation": 213100000.0,
        "Reconciled Cost Of Revenue": 1436200000.0,
        "EBITDA": 1722900000.0,
        "EBIT": 1509800000.0,
        "Net Interest Income": -44800000.0,
        "Interest Expense": 83100000.0,
        "Interest Income": 38300000.0,
        "Normalized Income": 896700000.0,
        "Net Income From Continuing And Discontinued Operation": 896700000.0,
        "Total Expenses": 1480600000.0,
        "Total Operating Income As Reported": 1450300000.0,
        "Diluted Average Shares": NaN,
        "Basic Average Shares": NaN,
        "Diluted EPS": NaN,
        "Basic EPS": NaN,
        "Diluted NI Availto Com Stockholders": 896700000.0,
        "Net Income Common Stockholders": 896700000.0,
        "Net Income": 896700000.0,
        "Minority Interests": -3100000.0,
        "Net Income Including Noncontrolling Interests": 899800000.0,
        "Net Income Continuous Operations": 899800000.0,
        "Earnings From Equity Interest Net Of Tax": -500000.0,
        "Tax Provision": 526400000.0,
        "Pretax Income": 1426700000.0,
        "Other Income Expense": 21200000.0,
        "Other Non Operating Income Expenses": 21200000.0,
        "Net Non Operating Interest Income Expense": -44800000.0,
        "Interest Expense Non Operating": 83100000.0,
        "Interest Income Non Operating": 38300000.0,
        "Operating Income": 1450300000.0,
        "Operating Expense": 44400000.0,
        "Other Operating Expenses": 13200000.0,
        "Selling General And Administration": 31200000.0,
        "Gross Profit": 1494700000.0,
        "Cost Of Revenue": 1436200000.0,
        "Total Revenue": 2930900000.0,
        "Operating Revenue": 2930900000.0
    },
    "2024-12-31": {
        "Tax Effect Of Unusual Items": 0.0,
        "Tax Rate For Calcs": 0.358859,
        "Normalized EBITDA": 1546000000.0,
        "Net Income From Continuing Operation Net Minority Interest": 793900000.0,
        "Reconciled Depreciation": 214200000.0,
        "Reconciled Cost Of Revenue": 1426000000.0,
        "EBITDA": 1546000000.0,
        "EBIT": 1331800000.0,
        "Net Interest Income": -48000000.0,
        "Interest Expense": 87300000.0,
        "Interest Income": 39300000.0,
        "Normalized Income": 793900000.0,
        "Net Income From Continuing And Discontinued Operation": 793900000.0,
        "Total Expenses": 1477000000.0,
        "Total Operating Income As Reported": 1307400000.0,
        "Diluted Average Shares": 816278438.0,
        "Basic Average Shares": 816278438.0,
        "Diluted EPS": 0.974639,
        "Basic EPS": 0.974639,
        "Diluted NI Availto Com Stockholders": 793900000.0,
        "Net Income Common Stockholders": 793900000.0,
        "Net Income": 793900000.0,
        "Minority Interests": -2300000.0,
        "Net Income Including Noncontrolling Interests": 796200000.0,
        "Net Income Continuous Operations": 796200000.0,
        "Earnings From Equity Interest Net Of Tax": -1700000.0,
        "Tax Provision": 446600000.0,
        "Pretax Income": 1244500000.0,
        "Other Income Expense": -14800000.0,
        "Other Non Operating Income Expenses": -14800000.0,
        "Net Non Operating Interest Income Expense": -48000000.0,
        "Interest Expense Non Operating": 87300000.0,
        "Interest Income Non Operating": 39300000.0,
        "Operating Income": 1307400000.0,
        "Operating Expense": 51000000.0,
        "Other Operating Expenses": 16500000.0,
        "Selling General And Administration": 34500000.0,
        "Gross Profit": 1358400000.0,
        "Cost Of Revenue": 1426000000.0,
        "Total Revenue": 2784400000.0,
        "Operating Revenue": 2784400000.0
    },
    "2025-03-31": {
        "Tax Effect Of Unusual Items": 0.0,
        "Tax Rate For Calcs": 0.36,
        "Normalized EBITDA": 1794200000.0,
        "Net Income From Continuing Operation Net Minority Interest": 945900000.0,
        "Reconciled Depreciation": 223800000.0,
        "Reconciled Cost Of Revenue": 1543000000.0,
        "EBITDA": 1794200000.0,
        "EBIT": 1570400000.0,
        "Net Interest Income": -43200000.0,
        "Interest Expense": 91900000.0,
        "Interest Income": 48700000.0,
        "Normalized Income": 945900000.0,
        "Net Income From Continuing And Discontinued Operation": 945900000.0,
        "Total Expenses": 1586400000.0,
        "Total Operating Income As Reported": 1535500000.0,
        "Diluted Average Shares": 815300890.0,
        "Basic Average Shares": 815300890.0,
        "Diluted EPS": 1.15672,
        "Basic EPS": 1.15672,
        "Diluted NI Availto Com Stockholders": 945900000.0,
        "Net Income Common Stockholders": 945900000.0,
        "Net Income": 945900000.0,
        "Minority Interests": -3200000.0,
        "Net Income Including Noncontrolling Interests": 949100000.0,
        "Net Income Continuous Operations": 949000000.0,
        "Earnings From Equity Interest Net Of Tax": 3300000.0,
        "Tax Provision": 532800000.0,
        "Pretax Income": 1478500000.0,
        "Other Income Expense": -13700000.0,
        "Other Non Operating Income Expenses": -13700000.0,
        "Net Non Operating Interest Income Expense": -43200000.0,
        "Interest Expense Non Operating": 91900000.0,
        "Interest Income Non Operating": 48700000.0,
        "Operating Income": 1535500000.0,
        "Operating Expense": 43400000.0,
        "Other Operating Expenses": 11700000.0,
        "Selling General And Administration": 31700000.0,
        "Gross Profit": 1578900000.0,
        "Cost Of Revenue": 1543000000.0,
        "Total Revenue": 3121900000.0,
        "Operating Revenue": 3121900000.0
    },
    "2025-06-30": {
        "Tax Effect Of Unusual Items": 0.0,
        "Tax Rate For Calcs": 0.373081,
        "Normalized EBITDA": 1844100000.0,
        "Net Income From Continuing Operation Net Minority Interest": 973400000.0,
        "Reconciled Depreciation": 206200000.0,
        "Reconciled Cost Of Revenue": 1417900000.0,
        "EBITDA": 1844100000.0,
        "EBIT": 1637900000.0,
        "Net Interest Income": -40900000.0,
        "Interest Expense": 94000000.0,
        "Interest Income": 53100000.0,
        "Normalized Income": 973400000.0,
        "Net Income From Continuing And Discontinued Operation": 973400000.0,
        "Total Expenses": 1464100000.0,
        "Total Operating Income As Reported": 1587000000.0,
        "Diluted Average Shares": 814846811.0,
        "Basic Average Shares": 814846811.0,
        "Diluted EPS": 1.197621,
        "Basic EPS": 1.197621,
        "Diluted NI Availto Com Stockholders": 973400000.0,
        "Net Income Common Stockholders": 973400000.0,
        "Net Income": 973400000.0,
        "Minority Interests": -3200000.0,
        "Net Income Including Noncontrolling Interests": 976700000.0,
        "Net Income Continuous Operations": 976700000.0,
        "Earnings From Equity Interest Net Of Tax": 8800000.0,
        "Tax Provision": 576000000.0,
        "Pretax Income": 1543900000.0,
        "Other Income Expense": -2300000.0,
        "Other Non Operating Income Expenses": -2300000.0,
        "Net Non Operating Interest Income Expense": -40900000.0,
        "Interest Expense Non Operating": 94000000.0,
        "Interest Income Non Operating": 53100000.0,
        "Operating Income": 1586900000.0,
        "Operating Expense": 46200000.0,
        "Other Operating Expenses": 13700000.0,
        "Selling General And Administration": 32500000.0,
        "Gross Profit": 1633100000.0,
        "Cost Of Revenue": 1417900000.0,
        "Total Revenue": 3051000000.0,
        "Operating Revenue": 3051000000.0
    },
    "2025-09-30": {
        "Tax Effect Of Unusual Items": 0.0,
        "Tax Rate For Calcs": 0.359434,
        "Normalized EBITDA": 2023200000.0,
        "Net Income From Continuing Operation Net Minority Interest": 1107600000.0,
        "Reconciled Depreciation": 207800000.0,
        "Reconciled Cost Of Revenue": 1564600000.0,
        "EBITDA": 2023200000.0,
        "EBIT": 1815400000.0,
        "Net Interest Income": -43400000.0,
        "Interest Expense": 91300000.0,
        "Interest Income": 47900000.0,
        "Normalized Income": 1107600000.0,
        "Net Income From Continuing And Discontinued Operation": 1107600000.0,
        "Total Expenses": 1608500000.0,
        "Total Operating Income As Reported": 1768800000.0,
        "Diluted Average Shares": 829592100.0,
        "Basic Average Shares": 829592100.0,
        "Diluted EPS": 1.338622,
        "Basic EPS": 1.338622,
        "Diluted NI Availto Com Stockholders": 1107600000.0,
        "Net Income Common Stockholders": 1107600000.0,
        "Net Income": 1107600000.0,
        "Minority Interests": -3300000.0,
        "Net Income Including Noncontrolling Interests": 1110900000.0,
        "Net Income Continuous Operations": 1110800000.0,
        "Earnings From Equity Interest Net Of Tax": 6400000.0,
        "Tax Provision": 619700000.0,
        "Pretax Income": 1724100000.0,
        "Other Income Expense": -1100000.0,
        "Other Non Operating Income Expenses": -1100000.0,
        "Net Non Operating Interest Income Expense": -43400000.0,
        "Interest Expense Non Operating": 91300000.0,
        "Interest Income Non Operating": 47900000.0,
        "Operating Income": 1768800000.0,
        "Operating Expense": 43900000.0,
        "Other Operating Expenses": 10200000.0,
        "Selling General And Administration": 33700000.0,
        "Gross Profit": 1812700000.0,
        "Cost Of Revenue": 1564600000.0,
        "Total Revenue": 3377300000.0,
        "Operating Revenue": 3377300000.0
    },
    "2025-12-31": {
        "Tax Effect Of Unusual Items": NaN,
        "Tax Rate For Calcs": NaN,
        "Normalized EBITDA": NaN,
        "Net Income From Continuing Operation Net Minority Interest": NaN,
        "Reconciled Depreciation": NaN,
        "Reconciled Cost Of Revenue": NaN,
        "EBITDA": NaN,
        "EBIT": NaN,
        "Net Interest Income": NaN,
        "Interest Expense": NaN,
        "Interest Income": NaN,
        "Normalized Income": NaN,
        "Net Income From Continuing And Discontinued Operation": NaN,
        "Total Expenses": NaN,
        "Total Operating Income As Reported": NaN,
        "Diluted Average Shares": 838200000.0,
        "Basic Average Shares": 838200000.0,
        "Diluted EPS": 1.56,
        "Basic EPS": 1.56,
        "Diluted NI Availto Com Stockholders": NaN,
        "Net Income Common Stockholders": NaN,
        "Net Income": NaN,
        "Minority Interests": NaN,
        "Net Income Including Noncontrolling Interests": NaN,
        "Net Income Continuous Operations": NaN,
        "Earnings From Equity Interest Net Of Tax": NaN,
        "Tax Provision": NaN,
        "Pretax Income": NaN,
        "Other Income Expense": NaN,
        "Other Non Operating Income Expenses": NaN,
        "Net Non Operating Interest Income Expense": NaN,
        "Interest Expense Non Operating": NaN,
        "Interest Income Non Operating": NaN,
        "Operating Income": NaN,
        "Operating Expense": NaN,
        "Other Operating Expenses": NaN,
        "Selling General And Administration": NaN,
        "Gross Profit": NaN,
        "Cost Of Revenue": NaN,
        "Total Revenue": NaN,
        "Operating Revenue": NaN
    }
}