{
    "2023-03-31": {
        "Tax Effect Of Unusual Items": NaN,
        "Tax Rate For Calcs": NaN,
        "Normalized EBITDA": NaN,
        "Net Income From Continuing Operation Net Minority Interest": NaN,
        "Reconciled Depreciation": NaN,
        "Reconciled Cost Of Revenue": NaN,
        "EBITDA": NaN,
        "EBIT": NaN,
        "Net Interest Income": NaN,
        "Interest Income": NaN,
        "Normalized Income": NaN,
        "Net Income From Continuing And Discontinued Operation": NaN,
        "Total Expenses": NaN,
        "Total Operating Income As Reported": NaN,
        "Diluted Average Shares": 127146695.0,
        "Basic Average Shares": 127146695.0,
        "Diluted EPS": -0.01,
        "Basic EPS": -0.01,
        "Diluted NI Availto Com Stockholders": NaN,
        "Net Income Common Stockholders": NaN,
        "Net Income": NaN,
        "Net Income Including Noncontrolling Interests": NaN,
        "Net Income Continuous Operations": NaN,
        "Tax Provision": NaN,
        "Pretax Income": NaN,
        "Other Income Expense": NaN,
        "Other Non Operating Income Expenses": NaN,
        "Net Non Operating Interest Income Expense": NaN,
        "Interest Income Non Operating": NaN,
        "Operating Income": NaN,
        "Operating Expense": NaN,
        "Research And Development": NaN,
        "Selling General And Administration": NaN,
        "General And Administrative Expense": NaN,
        "Other Gand A": NaN,
        "Salaries And Wages": NaN,
        "Gross Profit": NaN,
        "Cost Of Revenue": NaN,
        "Total Revenue": NaN,
        "Operating Revenue": NaN
    },
    "2022-12-31": {
        "Tax Effect Of Unusual Items": 0.0,
        "Tax Rate For Calcs": 0.0,
        "Normalized EBITDA": -1737027.0,
        "Net Income From Continuing Operation Net Minority Interest": -1690008.0,
        "Reconciled Depreciation": 17521.0,
        "Reconciled Cost Of Revenue": 716141.0,
        "EBITDA": -1737027.0,
        "EBIT": -1754548.0,
        "Net Interest Income": 65450.0,
        "Interest Income": 65450.0,
        "Normalized Income": -1690008.0,
        "Net Income From Continuing And Discontinued Operation": -1690008.0,
        "Total Expenses": 2543592.0,
        "Total Operating Income As Reported": -1754548.0,
        "Diluted Average Shares": NaN,
        "Basic Average Shares": NaN,
        "Diluted EPS": NaN,
        "Basic EPS": NaN,
        "Diluted NI Availto Com Stockholders": -1690008.0,
        "Net Income Common Stockholders": -1690008.0,
        "Net Income": -1690008.0,
        "Net Income Including Noncontrolling Interests": -1690008.0,
        "Net Income Continuous Operations": -1690008.0,
        "Tax Provision": 0.0,
        "Pretax Income": -1690008.0,
        "Other Income Expense": -910.0,
        "Other Non Operating Income Expenses": -910.0,
        "Net Non Operating Interest Income Expense": 65450.0,
        "Interest Income Non Operating": 65450.0,
        "Operating Income": -1754548.0,
        "Operating Expense": 1827451.0,
        "Research And Development": 386898.0,
        "Selling General And Administration": 1440553.0,
        "General And Administrative Expense": 1440553.0,
        "Other Gand A": 931671.0,
        "Salaries And Wages": 508882.0,
        "Gross Profit": 72903.0,
        "Cost Of Revenue": 716141.0,
        "Total Revenue": 789044.0,
        "Operating Revenue": 789044.0
    },
    "2022-09-30": {
        "Tax Effect Of Unusual Items": NaN,
        "Tax Rate For Calcs": NaN,
        "Normalized EBITDA": NaN,
        "Total Unusual Items": 0.0,
        "Total Unusual Items Excluding Goodwill": 0.0,
        "Net Income From Continuing Operation Net Minority Interest": NaN,
        "Reconciled Depreciation": NaN,
        "Reconciled Cost Of Revenue": NaN,
        "EBITDA": NaN,
        "EBIT": NaN,
        "Net Interest Income": NaN,
        "Interest Income": NaN,
        "Normalized Income": NaN,
        "Net Income From Continuing And Discontinued Operation": NaN,
        "Total Expenses": NaN,
        "Total Operating Income As Reported": NaN,
        "Diluted Average Shares": 126680895.0,
        "Basic Average Shares": 126680895.0,
        "Diluted EPS": -0.01,
        "Basic EPS": -0.01,
        "Diluted NI Availto Com Stockholders": NaN,
        "Net Income Common Stockholders": NaN,
        "Net Income": NaN,
        "Net Income Including Noncontrolling Interests": NaN,
        "Net Income Continuous Operations": NaN,
        "Tax Provision": NaN,
        "Pretax Income": NaN,
        "Other Income Expense": NaN,
        "Other Non Operating Income Expenses": NaN,
        "Special Income Charges": 0.0,
        "Net Non Operating Interest Income Expense": NaN,
        "Interest Income Non Operating": NaN,
        "Operating Income": NaN,
        "Operating Expense": NaN,
        "Research And Development": NaN,
        "Selling General And Administration": NaN,
        "General And Administrative Expense": NaN,
        "Other Gand A": NaN,
        "Salaries And Wages": NaN,
        "Gross Profit": NaN,
        "Cost Of Revenue": NaN,
        "Total Revenue": NaN,
        "Operating Revenue": NaN
    },
    "2022-06-30": {
        "Tax Effect Of Unusual Items": 0.0,
        "Tax Rate For Calcs": 0.0,
        "Normalized EBITDA": -1198172.0,
        "Total Unusual Items": 0.0,
        "Total Unusual Items Excluding Goodwill": 0.0,
        "Net Income From Continuing Operation Net Minority Interest": -1214275.0,
        "Reconciled Depreciation": 16716.0,
        "Reconciled Cost Of Revenue": 902508.0,
        "EBITDA": -1198172.0,
        "EBIT": -1214888.0,
        "Net Interest Income": 613.0,
        "Interest Income": 613.0,
        "Normalized Income": -1214275.0,
        "Net Income From Continuing And Discontinued Operation": -1214275.0,
        "Total Expenses": 2245416.0,
        "Total Operating Income As Reported": -1214888.0,
        "Diluted Average Shares": 126680895.0,
        "Basic Average Shares": 126680895.0,
        "Diluted EPS": -0.01,
        "Basic EPS": -0.01,
        "Diluted NI Availto Com Stockholders": -1214275.0,
        "Net Income Common Stockholders": -1214275.0,
        "Net Income": -1214275.0,
        "Net Income Including Noncontrolling Interests": -1214275.0,
        "Net Income Continuous Operations": -1214275.0,
        "Tax Provision": 0.0,
        "Pretax Income": -1214275.0,
        "Other Income Expense": NaN,
        "Other Non Operating Income Expenses": NaN,
        "Special Income Charges": 0.0,
        "Net Non Operating Interest Income Expense": 613.0,
        "Interest Income Non Operating": 613.0,
        "Operating Income": -1214888.0,
        "Operating Expense": 1342908.0,
        "Research And Development": 422695.0,
        "Selling General And Administration": 920213.0,
        "General And Administrative Expense": 920213.0,
        "Other Gand A": 520765.0,
        "Salaries And Wages": 399448.0,
        "Gross Profit": 128020.0,
        "Cost Of Revenue": 902508.0,
        "Total Revenue": 1030528.0,
        "Operating Revenue": 1030528.0
    },
    "2022-03-31": {
        "Diluted EPS": -0.01,
        "Total Revenue": 0,
        "Gross Profit": 0,
        "Operating Income": -1,
        "EBIT": -1,
        "Net Income": -1
    },
    "2021-12-31": {
        "Diluted EPS": 0.0,
        "Total Revenue": 0,
        "Gross Profit": 0,
        "Operating Income": -1,
        "EBIT": -1,
        "Net Income": -1
    },
    "2021-09-30": {
        "Diluted EPS": -0.01,
        "Total Revenue": 0,
        "Gross Profit": 0,
        "Operating Income": -1,
        "EBIT": -1,
        "Net Income": -1
    },
    "2021-06-30": {
        "Diluted EPS": -0.02,
        "Total Revenue": 0,
        "Gross Profit": 0,
        "Operating Income": -2,
        "EBIT": -2,
        "Net Income": -2
    },
    "2021-03-31": {
        "Diluted EPS": 0.0,
        "Total Revenue": NaN,
        "Gross Profit": NaN,
        "Operating Income": 0,
        "EBIT": 0,
        "Net Income": 0
    },
    "2020-12-31": {
        "Diluted EPS": 0.01,
        "Total Revenue": 0,
        "Gross Profit": 0,
        "Operating Income": 0,
        "EBIT": 0,
        "Net Income": 0
    },
    "2020-09-30": {
        "Diluted EPS": 0.0,
        "Total Revenue": 0,
        "Gross Profit": 0,
        "Operating Income": 0,
        "EBIT": 0,
        "Net Income": 0
    },
    "2020-06-30": {
        "Diluted EPS": 0.0,
        "Total Revenue": NaN,
        "Gross Profit": NaN,
        "Operating Income": 0,
        "EBIT": 0,
        "Net Income": 0
    },
    "2020-03-31": {
        "Diluted EPS": -0.01,
        "Total Revenue": 0,
        "Gross Profit": 0,
        "Operating Income": 0,
        "EBIT": 0,
        "Net Income": 0
    },
    "2019-12-31": {
        "Diluted EPS": 0.0,
        "Total Revenue": 0,
        "Gross Profit": 0,
        "Operating Income": 0,
        "EBIT": 0,
        "Net Income": 0
    },
    "2019-09-30": {
        "Diluted EPS": 0.0,
        "Total Revenue": 0,
        "Gross Profit": 0,
        "Operating Income": 0,
        "EBIT": 0,
        "Net Income": 0
    },
    "2019-06-30": {
        "Diluted EPS": 0.0,
        "Total Revenue": 0,
        "Gross Profit": 0,
        "Operating Income": 0,
        "EBIT": 0,
        "Net Income": 0
    },
    "2019-03-31": {
        "Diluted EPS": 0.0,
        "Total Revenue": 0,
        "Gross Profit": 0,
        "Operating Income": 0,
        "EBIT": 0,
        "Net Income": 0
    },
    "2018-12-31": {
        "Diluted EPS": 0.0,
        "Total Revenue": 0,
        "Gross Profit": 0,
        "Operating Income": 0,
        "EBIT": 0,
        "Net Income": 0
    },
    "2018-09-30": {
        "Diluted EPS": 0.0,
        "Total Revenue": 0,
        "Gross Profit": 0,
        "Operating Income": 0,
        "EBIT": 0,
        "Net Income": 0
    },
    "2018-06-30": {
        "Diluted EPS": -0.02,
        "Total Revenue": 0,
        "Gross Profit": 0,
        "Operating Income": -1,
        "EBIT": -1,
        "Net Income": -1
    },
    "2018-03-31": {
        "Diluted EPS": 0.0,
        "Total Revenue": 0,
        "Gross Profit": 0,
        "Operating Income": 0,
        "EBIT": 0,
        "Net Income": 0
    },
    "2017-12-31": {
        "Diluted EPS": 0.0,
        "Total Revenue": 0,
        "Gross Profit": 0,
        "Operating Income": 0,
        "EBIT": 0,
        "Net Income": 0
    },
    "2017-09-30": {
        "Diluted EPS": 0.0,
        "Total Revenue": 0,
        "Gross Profit": 0,
        "Operating Income": 0,
        "EBIT": 0,
        "Net Income": 0
    },
    "2017-06-30": {
        "Diluted EPS": 0.0,
        "Total Revenue": 0,
        "Gross Profit": 0,
        "Operating Income": 0,
        "EBIT": 0,
        "Net Income": 0
    },
    "2017-03-31": {
        "Diluted EPS": 0.0,
        "Total Revenue": 0,
        "Gross Profit": 0,
        "Operating Income": 0,
        "EBIT": 0,
        "Net Income": 0
    },
    "2016-12-31": {
        "Diluted EPS": 0.01,
        "Total Revenue": 0,
        "Gross Profit": 0,
        "Operating Income": 0,
        "EBIT": 0,
        "Net Income": 0
    },
    "2016-09-30": {
        "Diluted EPS": -0.01,
        "Total Revenue": 0,
        "Gross Profit": 0,
        "Operating Income": 0,
        "EBIT": 0,
        "Net Income": 0
    },
    "2016-06-30": {
        "Diluted EPS": 0.0,
        "Total Revenue": 0,
        "Gross Profit": 0,
        "Operating Income": 0,
        "EBIT": 0,
        "Net Income": 0
    },
    "2016-03-31": {
        "Diluted EPS": 0.0,
        "Total Revenue": 0,
        "Gross Profit": 0,
        "Operating Income": 0,
        "EBIT": 0,
        "Net Income": 0
    },
    "2015-12-31": {
        "Diluted EPS": -0.01,
        "Total Revenue": 0,
        "Gross Profit": 0,
        "Operating Income": 0,
        "EBIT": 0,
        "Net Income": 0
    },
    "2015-09-30": {
        "Diluted EPS": 0.0,
        "Total Revenue": 0,
        "Gross Profit": 0,
        "Operating Income": 0,
        "EBIT": 0,
        "Net Income": 0
    },
    "2015-06-30": {
        "Diluted EPS": -0.0,
        "Total Revenue": 0,
        "Gross Profit": 0,
        "Operating Income": 0,
        "EBIT": 0,
        "Net Income": 0
    },
    "2015-03-31": {
        "Diluted EPS": 0.0,
        "Total Revenue": 0,
        "Gross Profit": 0,
        "Operating Income": 0,
        "EBIT": 0,
        "Net Income": 0
    },
    "2014-12-31": {
        "Diluted EPS": -0.0,
        "Total Revenue": 0,
        "Gross Profit": 0,
        "Operating Income": 0,
        "EBIT": 0,
        "Net Income": 0
    },
    "2014-09-30": {
        "Diluted EPS": -0.0,
        "Total Revenue": 0,
        "Gross Profit": 0,
        "Operating Income": 0,
        "EBIT": 0,
        "Net Income": 0
    },
    "2014-06-30": {
        "Diluted EPS": -0.0,
        "Total Revenue": 0,
        "Gross Profit": 0,
        "Operating Income": 0,
        "EBIT": 0,
        "Net Income": 0
    },
    "2014-03-31": {
        "Diluted EPS": -0.01,
        "Total Revenue": 0,
        "Gross Profit": 0,
        "Operating Income": 0,
        "EBIT": 0,
        "Net Income": 0
    },
    "2013-12-31": {
        "Diluted EPS": -0.01,
        "Total Revenue": 0,
        "Gross Profit": 0,
        "Operating Income": 0,
        "EBIT": 0,
        "Net Income": 0
    },
    "2013-09-30": {
        "Diluted EPS": -0.0,
        "Total Revenue": 0,
        "Gross Profit": 0,
        "Operating Income": 0,
        "EBIT": 0,
        "Net Income": 0
    },
    "2013-06-30": {
        "Diluted EPS": -0.01,
        "Total Revenue": 0,
        "Gross Profit": 0,
        "Operating Income": 0,
        "EBIT": 0,
        "Net Income": 0
    },
    "2013-03-31": {
        "Diluted EPS": -0.02,
        "Total Revenue": 0,
        "Gross Profit": 0,
        "Operating Income": -1,
        "EBIT": -1,
        "Net Income": -1
    },
    "2012-12-31": {
        "Diluted EPS": -0.12,
        "Total Revenue": 0,
        "Gross Profit": 0,
        "Operating Income": -3,
        "EBIT": 0,
        "Net Income": -3
    },
    "2012-09-30": {
        "Diluted EPS": -0.01,
        "Total Revenue": 0,
        "Gross Profit": 0,
        "Operating Income": 0,
        "EBIT": 0,
        "Net Income": 0
    },
    "2012-06-30": {
        "Diluted EPS": -0.02,
        "Total Revenue": 0,
        "Gross Profit": 0,
        "Operating Income": -1,
        "EBIT": 0,
        "Net Income": -1
    },
    "2012-03-31": {
        "Diluted EPS": -0.03,
        "Total Revenue": 0,
        "Gross Profit": 0,
        "Operating Income": -1,
        "EBIT": -1,
        "Net Income": -1
    },
    "2023-06-30": {
        "Tax Effect Of Unusual Items": NaN,
        "Tax Rate For Calcs": NaN,
        "Normalized EBITDA": NaN,
        "Net Income From Continuing Operation Net Minority Interest": NaN,
        "Reconciled Depreciation": NaN,
        "Reconciled Cost Of Revenue": NaN,
        "EBITDA": NaN,
        "EBIT": NaN,
        "Net Interest Income": NaN,
        "Interest Income": NaN,
        "Normalized Income": NaN,
        "Net Income From Continuing And Discontinued Operation": NaN,
        "Total Expenses": NaN,
        "Total Operating Income As Reported": NaN,
        "Diluted Average Shares": 129389098.0,
        "Basic Average Shares": 129389098.0,
        "Diluted EPS": -0.01,
        "Basic EPS": -0.01,
        "Diluted NI Availto Com Stockholders": NaN,
        "Net Income Common Stockholders": NaN,
        "Net Income": NaN,
        "Net Income Including Noncontrolling Interests": NaN,
        "Net Income Continuous Operations": NaN,
        "Tax Provision": NaN,
        "Pretax Income": NaN,
        "Other Income Expense": NaN,
        "Other Non Operating Income Expenses": NaN,
        "Net Non Operating Interest Income Expense": NaN,
        "Interest Income Non Operating": NaN,
        "Operating Income": NaN,
        "Operating Expense": NaN,
        "Research And Development": NaN,
        "Selling General And Administration": NaN,
        "General And Administrative Expense": NaN,
        "Other Gand A": NaN,
        "Salaries And Wages": NaN,
        "Gross Profit": NaN,
        "Cost Of Revenue": NaN,
        "Total Revenue": NaN,
        "Operating Revenue": NaN
    },
    "2023-09-30": {
        "Tax Effect Of Unusual Items": NaN,
        "Tax Rate For Calcs": NaN,
        "Normalized EBITDA": NaN,
        "Net Income From Continuing Operation Net Minority Interest": NaN,
        "Reconciled Depreciation": NaN,
        "Reconciled Cost Of Revenue": NaN,
        "EBITDA": NaN,
        "EBIT": NaN,
        "Net Interest Income": NaN,
        "Interest Income": NaN,
        "Normalized Income": NaN,
        "Net Income From Continuing And Discontinued Operation": NaN,
        "Total Expenses": NaN,
        "Total Operating Income As Reported": NaN,
        "Diluted Average Shares": 132145497.0,
        "Basic Average Shares": 132145497.0,
        "Diluted EPS": -0.01,
        "Basic EPS": -0.01,
        "Diluted NI Availto Com Stockholders": NaN,
        "Net Income Common Stockholders": NaN,
        "Net Income": NaN,
        "Net Income Including Noncontrolling Interests": NaN,
        "Net Income Continuous Operations": NaN,
        "Tax Provision": NaN,
        "Pretax Income": NaN,
        "Other Income Expense": NaN,
        "Other Non Operating Income Expenses": NaN,
        "Net Non Operating Interest Income Expense": NaN,
        "Interest Income Non Operating": NaN,
        "Operating Income": NaN,
        "Operating Expense": NaN,
        "Research And Development": NaN,
        "Selling General And Administration": NaN,
        "General And Administrative Expense": NaN,
        "Other Gand A": NaN,
        "Salaries And Wages": NaN,
        "Gross Profit": NaN,
        "Cost Of Revenue": NaN,
        "Total Revenue": NaN,
        "Operating Revenue": NaN
    },
    "2023-12-31": {
        "Tax Effect Of Unusual Items": 0.0,
        "Tax Rate For Calcs": 0.0,
        "Normalized EBITDA": -3290578.0,
        "Net Income From Continuing Operation Net Minority Interest": -3081171.0,
        "Reconciled Depreciation": 22234.0,
        "Reconciled Cost Of Revenue": 908126.0,
        "EBITDA": -3290578.0,
        "EBIT": -3312812.0,
        "Net Interest Income": 185009.0,
        "Interest Income": 185009.0,
        "Normalized Income": -3081171.0,
        "Net Income From Continuing And Discontinued Operation": -3081171.0,
        "Total Expenses": 3193153.0,
        "Total Operating Income As Reported": -3312812.0,
        "Diluted Average Shares": NaN,
        "Basic Average Shares": NaN,
        "Diluted EPS": NaN,
        "Basic EPS": NaN,
        "Diluted NI Availto Com Stockholders": -3081171.0,
        "Net Income Common Stockholders": -3081171.0,
        "Net Income": -3081171.0,
        "Net Income Including Noncontrolling Interests": -3081171.0,
        "Net Income Continuous Operations": -3081171.0,
        "Tax Provision": 0.0,
        "Pretax Income": -3081171.0,
        "Other Income Expense": 46632.0,
        "Other Non Operating Income Expenses": 46632.0,
        "Net Non Operating Interest Income Expense": 185009.0,
        "Interest Income Non Operating": 185009.0,
        "Operating Income": -3312812.0,
        "Operating Expense": 2285027.0,
        "Research And Development": 550686.0,
        "Selling General And Administration": 1734341.0,
        "General And Administrative Expense": 1734341.0,
        "Other Gand A": 1070908.0,
        "Salaries And Wages": 663433.0,
        "Gross Profit": -1027785.0,
        "Cost Of Revenue": 908126.0,
        "Total Revenue": -119659.0,
        "Operating Revenue": -119659.0
    },
    "2024-03-31": {
        "Tax Effect Of Unusual Items": 0.0,
        "Tax Rate For Calcs": 0.0,
        "Normalized EBITDA": -2176643.0,
        "Net Income From Continuing Operation Net Minority Interest": -2024465.0,
        "Reconciled Depreciation": 24560.0,
        "Reconciled Cost Of Revenue": 617298.0,
        "EBITDA": -2176643.0,
        "EBIT": -2201203.0,
        "Net Interest Income": 104620.0,
        "Interest Income": 104620.0,
        "Normalized Income": -2024465.0,
        "Net Income From Continuing And Discontinued Operation": -2024465.0,
        "Total Expenses": 2516481.0,
        "Total Operating Income As Reported": -2201203.0,
        "Diluted Average Shares": 132668777.0,
        "Basic Average Shares": 132668777.0,
        "Diluted EPS": -0.02,
        "Basic EPS": -0.02,
        "Diluted NI Availto Com Stockholders": -2024465.0,
        "Net Income Common Stockholders": -2024465.0,
        "Net Income": -2024465.0,
        "Net Income Including Noncontrolling Interests": -2024465.0,
        "Net Income Continuous Operations": -2024465.0,
        "Tax Provision": 0.0,
        "Pretax Income": -2024465.0,
        "Other Income Expense": 72118.0,
        "Other Non Operating Income Expenses": 72118.0,
        "Net Non Operating Interest Income Expense": 104620.0,
        "Interest Income Non Operating": 104620.0,
        "Operating Income": -2201203.0,
        "Operating Expense": 1899183.0,
        "Research And Development": 535147.0,
        "Selling General And Administration": 1364036.0,
        "General And Administrative Expense": 1364036.0,
        "Other Gand A": 712432.0,
        "Salaries And Wages": 651604.0,
        "Gross Profit": -302020.0,
        "Cost Of Revenue": 617298.0,
        "Total Revenue": 315278.0,
        "Operating Revenue": 315278.0
    },
    "2024-06-30": {
        "Tax Effect Of Unusual Items": 0.0,
        "Tax Rate For Calcs": 0.0,
        "Normalized EBITDA": -2992707.0,
        "Net Income From Continuing Operation Net Minority Interest": -2932320.0,
        "Reconciled Depreciation": 26393.0,
        "Reconciled Cost Of Revenue": 43543.0,
        "EBITDA": -2992707.0,
        "EBIT": -3019100.0,
        "Net Interest Income": 74192.0,
        "Interest Income": 74192.0,
        "Normalized Income": -2932320.0,
        "Net Income From Continuing And Discontinued Operation": -2932320.0,
        "Total Expenses": 3055921.0,
        "Total Operating Income As Reported": -3019100.0,
        "Diluted Average Shares": 132801137.0,
        "Basic Average Shares": 132801137.0,
        "Diluted EPS": -0.02,
        "Basic EPS": -0.02,
        "Diluted NI Availto Com Stockholders": -2932320.0,
        "Net Income Common Stockholders": -2932320.0,
        "Net Income": -2932320.0,
        "Net Income Including Noncontrolling Interests": -2932320.0,
        "Net Income Continuous Operations": -2932320.0,
        "Tax Provision": 0.0,
        "Pretax Income": -2932320.0,
        "Other Income Expense": 12588.0,
        "Other Non Operating Income Expenses": 12588.0,
        "Net Non Operating Interest Income Expense": 74192.0,
        "Interest Income Non Operating": 74192.0,
        "Operating Income": -3019100.0,
        "Operating Expense": 3012378.0,
        "Research And Development": 566568.0,
        "Selling General And Administration": 2445810.0,
        "General And Administrative Expense": 2445810.0,
        "Other Gand A": 1667985.0,
        "Salaries And Wages": 777825.0,
        "Gross Profit": -6722.0,
        "Cost Of Revenue": 43543.0,
        "Total Revenue": 36821.0,
        "Operating Revenue": 36821.0
    },
    "2024-09-30": {
        "Tax Effect Of Unusual Items": 0.0,
        "Tax Rate For Calcs": 0.0,
        "Normalized EBITDA": -2713652.0,
        "Net Income From Continuing Operation Net Minority Interest": -2701817.0,
        "Reconciled Depreciation": 28087.0,
        "Reconciled Cost Of Revenue": 42404.0,
        "EBITDA": -2713652.0,
        "EBIT": -2741739.0,
        "Net Interest Income": 36626.0,
        "Interest Income": 36626.0,
        "Normalized Income": -2701817.0,
        "Net Income From Continuing And Discontinued Operation": -2701817.0,
        "Total Expenses": 2823229.0,
        "Total Operating Income As Reported": -2741739.0,
        "Diluted Average Shares": 132997135.0,
        "Basic Average Shares": 132997135.0,
        "Diluted EPS": -0.02,
        "Basic EPS": -0.02,
        "Diluted NI Availto Com Stockholders": -2701817.0,
        "Net Income Common Stockholders": -2701817.0,
        "Net Income": -2701817.0,
        "Net Income Including Noncontrolling Interests": -2701817.0,
        "Net Income Continuous Operations": -2701817.0,
        "Tax Provision": 0.0,
        "Pretax Income": -2701817.0,
        "Other Income Expense": 3296.0,
        "Other Non Operating Income Expenses": 3296.0,
        "Net Non Operating Interest Income Expense": 36626.0,
        "Interest Income Non Operating": 36626.0,
        "Operating Income": -2741739.0,
        "Operating Expense": 2780825.0,
        "Research And Development": 424579.0,
        "Selling General And Administration": 2356246.0,
        "General And Administrative Expense": 2356246.0,
        "Other Gand A": 1521294.0,
        "Salaries And Wages": 834952.0,
        "Gross Profit": 39086.0,
        "Cost Of Revenue": 42404.0,
        "Total Revenue": 81490.0,
        "Operating Revenue": 81490.0
    },
    "2024-12-31": {
        "Tax Effect Of Unusual Items": 0.0,
        "Tax Rate For Calcs": 0.0,
        "Normalized EBITDA": -4694217.0,
        "Net Income From Continuing Operation Net Minority Interest": -4775512.0,
        "Reconciled Depreciation": 146999.0,
        "Reconciled Cost Of Revenue": 654907.0,
        "EBITDA": -4694217.0,
        "EBIT": -4841216.0,
        "Net Interest Income": 65679.0,
        "Interest Income": 65679.0,
        "Normalized Income": -4775512.0,
        "Net Income From Continuing And Discontinued Operation": -4775512.0,
        "Total Expenses": 4853072.0,
        "Total Operating Income As Reported": -4841216.0,
        "Diluted Average Shares": NaN,
        "Basic Average Shares": NaN,
        "Diluted EPS": NaN,
        "Basic EPS": NaN,
        "Diluted NI Availto Com Stockholders": -4775512.0,
        "Net Income Common Stockholders": -4775512.0,
        "Net Income": -4775512.0,
        "Net Income Including Noncontrolling Interests": -4775512.0,
        "Net Income Continuous Operations": -4775512.0,
        "Tax Provision": 0.0,
        "Pretax Income": -4775512.0,
        "Other Income Expense": 25.0,
        "Other Non Operating Income Expenses": 25.0,
        "Net Non Operating Interest Income Expense": 65679.0,
        "Interest Income Non Operating": 65679.0,
        "Operating Income": -4841216.0,
        "Operating Expense": 4198165.0,
        "Research And Development": 617177.0,
        "Selling General And Administration": 3580988.0,
        "General And Administrative Expense": 3580988.0,
        "Other Gand A": 2160362.0,
        "Salaries And Wages": 1420626.0,
        "Gross Profit": -643051.0,
        "Cost Of Revenue": 654907.0,
        "Total Revenue": 11856.0,
        "Operating Revenue": 11856.0
    }
}