{
    "2023-03-31": {
        "Tax Effect Of Unusual Items": NaN,
        "Tax Rate For Calcs": NaN,
        "Normalized EBITDA": NaN,
        "Total Unusual Items": NaN,
        "Total Unusual Items Excluding Goodwill": NaN,
        "Net Income From Continuing Operation Net Minority Interest": NaN,
        "Reconciled Depreciation": NaN,
        "Reconciled Cost Of Revenue": NaN,
        "EBITDA": NaN,
        "EBIT": NaN,
        "Net Interest Income": NaN,
        "Normalized Income": NaN,
        "Net Income From Continuing And Discontinued Operation": NaN,
        "Total Expenses": NaN,
        "Total Operating Income As Reported": NaN,
        "Diluted Average Shares": NaN,
        "Basic Average Shares": NaN,
        "Diluted EPS": NaN,
        "Basic EPS": NaN,
        "Diluted NI Availto Com Stockholders": NaN,
        "Average Dilution Earnings": 0.0,
        "Net Income Common Stockholders": NaN,
        "Net Income": NaN,
        "Net Income Including Noncontrolling Interests": NaN,
        "Net Income Continuous Operations": NaN,
        "Tax Provision": NaN,
        "Pretax Income": NaN,
        "Other Income Expense": NaN,
        "Other Non Operating Income Expenses": NaN,
        "Special Income Charges": NaN,
        "Restructuring And Mergern Acquisition": NaN,
        "Gain On Sale Of Security": 1447000.0,
        "Net Non Operating Interest Income Expense": NaN,
        "Total Other Finance Cost": NaN,
        "Operating Income": NaN,
        "Operating Expense": NaN,
        "Other Operating Expenses": NaN,
        "Selling General And Administration": NaN,
        "General And Administrative Expense": NaN,
        "Other Gand A": NaN,
        "Gross Profit": NaN,
        "Cost Of Revenue": NaN,
        "Total Revenue": NaN,
        "Operating Revenue": NaN
    },
    "2022-12-31": {
        "Tax Effect Of Unusual Items": NaN,
        "Tax Rate For Calcs": NaN,
        "Normalized EBITDA": NaN,
        "Total Unusual Items": NaN,
        "Total Unusual Items Excluding Goodwill": NaN,
        "Net Income From Continuing Operation Net Minority Interest": NaN,
        "Reconciled Depreciation": NaN,
        "Reconciled Cost Of Revenue": NaN,
        "EBITDA": NaN,
        "EBIT": NaN,
        "Net Interest Income": NaN,
        "Interest Expense": 25000.0,
        "Normalized Income": NaN,
        "Net Income From Continuing And Discontinued Operation": NaN,
        "Total Expenses": NaN,
        "Total Operating Income As Reported": NaN,
        "Diluted Average Shares": NaN,
        "Basic Average Shares": NaN,
        "Diluted EPS": NaN,
        "Basic EPS": NaN,
        "Diluted NI Availto Com Stockholders": NaN,
        "Average Dilution Earnings": NaN,
        "Net Income Common Stockholders": NaN,
        "Net Income": NaN,
        "Net Income Including Noncontrolling Interests": NaN,
        "Net Income Continuous Operations": NaN,
        "Tax Provision": NaN,
        "Pretax Income": NaN,
        "Other Income Expense": NaN,
        "Other Non Operating Income Expenses": NaN,
        "Special Income Charges": NaN,
        "Gain On Sale Of Ppe": 0.0,
        "Restructuring And Mergern Acquisition": NaN,
        "Gain On Sale Of Security": 2781000.0,
        "Net Non Operating Interest Income Expense": NaN,
        "Total Other Finance Cost": NaN,
        "Interest Expense Non Operating": 25000.0,
        "Operating Income": NaN,
        "Operating Expense": NaN,
        "Other Operating Expenses": NaN,
        "Selling General And Administration": NaN,
        "General And Administrative Expense": NaN,
        "Other Gand A": NaN,
        "Gross Profit": NaN,
        "Cost Of Revenue": NaN,
        "Total Revenue": NaN,
        "Operating Revenue": NaN
    },
    "2022-09-30": {
        "Tax Effect Of Unusual Items": NaN,
        "Tax Rate For Calcs": NaN,
        "Normalized EBITDA": NaN,
        "Total Unusual Items": NaN,
        "Total Unusual Items Excluding Goodwill": NaN,
        "Net Income From Continuing Operation Net Minority Interest": NaN,
        "Reconciled Depreciation": NaN,
        "Reconciled Cost Of Revenue": NaN,
        "EBITDA": NaN,
        "EBIT": NaN,
        "Net Interest Income": NaN,
        "Interest Expense": 12000.0,
        "Normalized Income": NaN,
        "Net Income From Continuing And Discontinued Operation": NaN,
        "Total Expenses": NaN,
        "Total Operating Income As Reported": NaN,
        "Diluted Average Shares": 37150000.0,
        "Basic Average Shares": 36797000.0,
        "Diluted EPS": 1.45,
        "Basic EPS": 1.46,
        "Diluted NI Availto Com Stockholders": NaN,
        "Average Dilution Earnings": NaN,
        "Net Income Common Stockholders": NaN,
        "Net Income": NaN,
        "Net Income Including Noncontrolling Interests": NaN,
        "Net Income Continuous Operations": NaN,
        "Tax Provision": NaN,
        "Pretax Income": NaN,
        "Other Income Expense": NaN,
        "Other Non Operating Income Expenses": NaN,
        "Special Income Charges": NaN,
        "Gain On Sale Of Ppe": 0.0,
        "Restructuring And Mergern Acquisition": NaN,
        "Gain On Sale Of Security": 4258000.0,
        "Net Non Operating Interest Income Expense": NaN,
        "Total Other Finance Cost": 12000.0,
        "Interest Expense Non Operating": 12000.0,
        "Operating Income": NaN,
        "Operating Expense": NaN,
        "Other Operating Expenses": NaN,
        "Selling General And Administration": NaN,
        "General And Administrative Expense": NaN,
        "Other Gand A": NaN,
        "Gross Profit": NaN,
        "Cost Of Revenue": NaN,
        "Total Revenue": NaN,
        "Operating Revenue": NaN
    },
    "2022-06-30": {
        "Tax Effect Of Unusual Items": 0.0,
        "Tax Rate For Calcs": 0.0,
        "Normalized EBITDA": 53342000.0,
        "Total Unusual Items": -433000.0,
        "Total Unusual Items Excluding Goodwill": -433000.0,
        "Net Income From Continuing Operation Net Minority Interest": 48492000.0,
        "Reconciled Depreciation": 4390000.0,
        "Reconciled Cost Of Revenue": 18700000.0,
        "EBITDA": 52909000.0,
        "EBIT": 48519000.0,
        "Net Interest Income": -27000.0,
        "Interest Expense": 27000.0,
        "Normalized Income": 48925000.0,
        "Net Income From Continuing And Discontinued Operation": 48492000.0,
        "Total Expenses": 20820000.0,
        "Total Operating Income As Reported": 48507000.0,
        "Diluted Average Shares": 37185000.0,
        "Basic Average Shares": 36699000.0,
        "Diluted EPS": 1.3,
        "Basic EPS": 1.32,
        "Diluted NI Availto Com Stockholders": 48492000.0,
        "Average Dilution Earnings": NaN,
        "Net Income Common Stockholders": 48492000.0,
        "Net Income": 48492000.0,
        "Net Income Including Noncontrolling Interests": 48492000.0,
        "Net Income Continuous Operations": 48492000.0,
        "Tax Provision": 0.0,
        "Pretax Income": 48492000.0,
        "Other Income Expense": -421000.0,
        "Other Non Operating Income Expenses": 12000.0,
        "Special Income Charges": -433000.0,
        "Gain On Sale Of Ppe": 0.0,
        "Restructuring And Mergern Acquisition": 433000.0,
        "Gain On Sale Of Security": NaN,
        "Net Non Operating Interest Income Expense": -27000.0,
        "Total Other Finance Cost": NaN,
        "Interest Expense Non Operating": 27000.0,
        "Operating Income": 48940000.0,
        "Operating Expense": 2120000.0,
        "Other Operating Expenses": -51000.0,
        "Selling General And Administration": 2171000.0,
        "General And Administrative Expense": 2171000.0,
        "Other Gand A": 2171000.0,
        "Gross Profit": 51060000.0,
        "Cost Of Revenue": 18700000.0,
        "Total Revenue": 69760000.0,
        "Operating Revenue": 69760000.0
    },
    "2023-06-30": {
        "Tax Effect Of Unusual Items": NaN,
        "Tax Rate For Calcs": NaN,
        "Normalized EBITDA": NaN,
        "Total Unusual Items": NaN,
        "Total Unusual Items Excluding Goodwill": NaN,
        "Net Income From Continuing Operation Net Minority Interest": NaN,
        "Reconciled Depreciation": NaN,
        "Reconciled Cost Of Revenue": NaN,
        "EBITDA": NaN,
        "EBIT": NaN,
        "Net Interest Income": NaN,
        "Normalized Income": NaN,
        "Net Income From Continuing And Discontinued Operation": NaN,
        "Total Expenses": NaN,
        "Total Operating Income As Reported": NaN,
        "Diluted Average Shares": 37097000.0,
        "Basic Average Shares": 36892000.0,
        "Diluted EPS": 0.45,
        "Basic EPS": 0.45,
        "Diluted NI Availto Com Stockholders": NaN,
        "Net Income Common Stockholders": NaN,
        "Net Income": NaN,
        "Net Income Including Noncontrolling Interests": NaN,
        "Net Income Continuous Operations": NaN,
        "Tax Provision": NaN,
        "Pretax Income": NaN,
        "Other Income Expense": NaN,
        "Other Non Operating Income Expenses": NaN,
        "Special Income Charges": NaN,
        "Restructuring And Mergern Acquisition": NaN,
        "Gain On Sale Of Security": NaN,
        "Net Non Operating Interest Income Expense": NaN,
        "Total Other Finance Cost": -2828000.0,
        "Operating Income": NaN,
        "Operating Expense": NaN,
        "Other Operating Expenses": NaN,
        "Selling General And Administration": NaN,
        "General And Administrative Expense": NaN,
        "Other Gand A": NaN,
        "Gross Profit": NaN,
        "Cost Of Revenue": NaN,
        "Total Revenue": NaN,
        "Operating Revenue": NaN
    },
    "2023-09-30": {
        "Tax Effect Of Unusual Items": NaN,
        "Tax Rate For Calcs": NaN,
        "Normalized EBITDA": NaN,
        "Total Unusual Items": NaN,
        "Total Unusual Items Excluding Goodwill": NaN,
        "Net Income From Continuing Operation Net Minority Interest": NaN,
        "Reconciled Depreciation": NaN,
        "Reconciled Cost Of Revenue": NaN,
        "EBITDA": NaN,
        "EBIT": NaN,
        "Net Interest Income": NaN,
        "Normalized Income": NaN,
        "Net Income From Continuing And Discontinued Operation": NaN,
        "Total Expenses": NaN,
        "Total Operating Income As Reported": NaN,
        "Diluted Average Shares": 37161000.0,
        "Basic Average Shares": 36969000.0,
        "Diluted EPS": 0.5,
        "Basic EPS": 0.51,
        "Diluted NI Availto Com Stockholders": NaN,
        "Net Income Common Stockholders": NaN,
        "Net Income": NaN,
        "Net Income Including Noncontrolling Interests": NaN,
        "Net Income Continuous Operations": NaN,
        "Tax Provision": NaN,
        "Pretax Income": NaN,
        "Other Income Expense": NaN,
        "Other Non Operating Income Expenses": 31000.0,
        "Special Income Charges": NaN,
        "Restructuring And Mergern Acquisition": NaN,
        "Gain On Sale Of Security": NaN,
        "Net Non Operating Interest Income Expense": NaN,
        "Total Other Finance Cost": -2455000.0,
        "Operating Income": NaN,
        "Operating Expense": NaN,
        "Other Operating Expenses": -31000.0,
        "Selling General And Administration": NaN,
        "General And Administrative Expense": NaN,
        "Other Gand A": NaN,
        "Gross Profit": NaN,
        "Cost Of Revenue": NaN,
        "Total Revenue": NaN,
        "Operating Revenue": NaN
    },
    "2023-12-31": {
        "Tax Effect Of Unusual Items": NaN,
        "Tax Rate For Calcs": NaN,
        "Normalized EBITDA": NaN,
        "Total Unusual Items": NaN,
        "Total Unusual Items Excluding Goodwill": NaN,
        "Net Income From Continuing Operation Net Minority Interest": NaN,
        "Reconciled Depreciation": NaN,
        "Reconciled Cost Of Revenue": NaN,
        "EBITDA": NaN,
        "EBIT": NaN,
        "Net Interest Income": NaN,
        "Normalized Income": NaN,
        "Net Income From Continuing And Discontinued Operation": NaN,
        "Total Expenses": NaN,
        "Total Operating Income As Reported": NaN,
        "Diluted Average Shares": NaN,
        "Basic Average Shares": NaN,
        "Diluted EPS": NaN,
        "Basic EPS": NaN,
        "Diluted NI Availto Com Stockholders": NaN,
        "Net Income Common Stockholders": NaN,
        "Net Income": NaN,
        "Net Income Including Noncontrolling Interests": NaN,
        "Net Income Continuous Operations": NaN,
        "Tax Provision": NaN,
        "Pretax Income": NaN,
        "Other Income Expense": NaN,
        "Other Non Operating Income Expenses": -1000.0,
        "Special Income Charges": NaN,
        "Restructuring And Mergern Acquisition": NaN,
        "Gain On Sale Of Security": 0.0,
        "Net Non Operating Interest Income Expense": NaN,
        "Total Other Finance Cost": NaN,
        "Operating Income": NaN,
        "Operating Expense": NaN,
        "Other Operating Expenses": -5000.0,
        "Selling General And Administration": NaN,
        "General And Administrative Expense": NaN,
        "Other Gand A": NaN,
        "Gross Profit": NaN,
        "Cost Of Revenue": NaN,
        "Total Revenue": NaN,
        "Operating Revenue": NaN
    },
    "2024-03-31": {
        "Tax Effect Of Unusual Items": NaN,
        "Tax Rate For Calcs": NaN,
        "Normalized EBITDA": NaN,
        "Total Unusual Items": NaN,
        "Total Unusual Items Excluding Goodwill": NaN,
        "Net Income From Continuing Operation Net Minority Interest": NaN,
        "Reconciled Depreciation": NaN,
        "Reconciled Cost Of Revenue": NaN,
        "EBITDA": NaN,
        "EBIT": NaN,
        "Net Interest Income": NaN,
        "Normalized Income": NaN,
        "Net Income From Continuing And Discontinued Operation": NaN,
        "Total Expenses": NaN,
        "Total Operating Income As Reported": NaN,
        "Diluted Average Shares": 37134000.0,
        "Basic Average Shares": 37042000.0,
        "Diluted EPS": 0.3,
        "Basic EPS": 0.3,
        "Diluted NI Availto Com Stockholders": NaN,
        "Net Income Common Stockholders": NaN,
        "Net Income": NaN,
        "Net Income Including Noncontrolling Interests": NaN,
        "Net Income Continuous Operations": NaN,
        "Tax Provision": NaN,
        "Pretax Income": NaN,
        "Other Income Expense": NaN,
        "Other Non Operating Income Expenses": 9000.0,
        "Special Income Charges": NaN,
        "Restructuring And Mergern Acquisition": NaN,
        "Gain On Sale Of Security": NaN,
        "Net Non Operating Interest Income Expense": NaN,
        "Total Other Finance Cost": -2698000.0,
        "Operating Income": NaN,
        "Operating Expense": NaN,
        "Other Operating Expenses": -9000.0,
        "Selling General And Administration": NaN,
        "General And Administrative Expense": NaN,
        "Other Gand A": NaN,
        "Gross Profit": NaN,
        "Cost Of Revenue": NaN,
        "Total Revenue": NaN,
        "Operating Revenue": NaN
    },
    "2024-06-30": {
        "Tax Effect Of Unusual Items": 0.0,
        "Tax Rate For Calcs": 0.0,
        "Normalized EBITDA": 12396000.0,
        "Total Unusual Items": -81000.0,
        "Total Unusual Items Excluding Goodwill": -81000.0,
        "Net Income From Continuing Operation Net Minority Interest": 8794000.0,
        "Reconciled Depreciation": 6014000.0,
        "Reconciled Cost Of Revenue": 16593000.0,
        "EBITDA": 12315000.0,
        "EBIT": 6301000.0,
        "Net Interest Income": 2491000.0,
        "Normalized Income": 8875000.0,
        "Net Income From Continuing And Discontinued Operation": 8794000.0,
        "Total Expenses": 19676000.0,
        "Total Operating Income As Reported": 6220000.0,
        "Diluted Average Shares": 37158000.0,
        "Basic Average Shares": 37083000.0,
        "Diluted EPS": 0.24,
        "Basic EPS": 0.24,
        "Diluted NI Availto Com Stockholders": 8794000.0,
        "Net Income Common Stockholders": 8794000.0,
        "Net Income": 8794000.0,
        "Net Income Including Noncontrolling Interests": 8794000.0,
        "Net Income Continuous Operations": 8794000.0,
        "Tax Provision": 0.0,
        "Pretax Income": 8794000.0,
        "Other Income Expense": 2000.0,
        "Other Non Operating Income Expenses": 83000.0,
        "Special Income Charges": -81000.0,
        "Restructuring And Mergern Acquisition": 81000.0,
        "Gain On Sale Of Security": NaN,
        "Net Non Operating Interest Income Expense": 2491000.0,
        "Total Other Finance Cost": -2491000.0,
        "Operating Income": 6301000.0,
        "Operating Expense": 3083000.0,
        "Other Operating Expenses": 33000.0,
        "Selling General And Administration": 3050000.0,
        "General And Administrative Expense": 3050000.0,
        "Other Gand A": 3050000.0,
        "Gross Profit": 9384000.0,
        "Cost Of Revenue": 16593000.0,
        "Total Revenue": 25977000.0,
        "Operating Revenue": 25977000.0
    },
    "2024-09-30": {
        "Tax Effect Of Unusual Items": 337260.0,
        "Tax Rate For Calcs": 0.21,
        "Normalized EBITDA": 15230000.0,
        "Total Unusual Items": 1606000.0,
        "Total Unusual Items Excluding Goodwill": 1606000.0,
        "Net Income From Continuing Operation Net Minority Interest": 25484000.0,
        "Reconciled Depreciation": 9950000.0,
        "Reconciled Cost Of Revenue": 20867000.0,
        "EBITDA": 16836000.0,
        "EBIT": 6886000.0,
        "Net Interest Income": 1553000.0,
        "Normalized Income": 24215260.0,
        "Net Income From Continuing And Discontinued Operation": 25484000.0,
        "Total Expenses": 23171000.0,
        "Total Operating Income As Reported": 8492000.0,
        "Diluted Average Shares": 37180000.0,
        "Basic Average Shares": 37134000.0,
        "Diluted EPS": 0.69,
        "Basic EPS": 0.69,
        "Diluted NI Availto Com Stockholders": 25484000.0,
        "Net Income Common Stockholders": 25484000.0,
        "Net Income": 25484000.0,
        "Net Income Including Noncontrolling Interests": 25484000.0,
        "Net Income Continuous Operations": 25484000.0,
        "Tax Provision": -15439000.0,
        "Pretax Income": 10045000.0,
        "Other Income Expense": 1606000.0,
        "Other Non Operating Income Expenses": NaN,
        "Special Income Charges": -260000.0,
        "Restructuring And Mergern Acquisition": 260000.0,
        "Gain On Sale Of Security": 1866000.0,
        "Net Non Operating Interest Income Expense": 1553000.0,
        "Total Other Finance Cost": -1553000.0,
        "Operating Income": 6886000.0,
        "Operating Expense": 2304000.0,
        "Other Operating Expenses": NaN,
        "Selling General And Administration": 2304000.0,
        "General And Administrative Expense": 2304000.0,
        "Other Gand A": 2304000.0,
        "Gross Profit": 9190000.0,
        "Cost Of Revenue": 20867000.0,
        "Total Revenue": 30057000.0,
        "Operating Revenue": 30057000.0
    },
    "2024-12-31": {
        "Tax Effect Of Unusual Items": -262710.0,
        "Tax Rate For Calcs": 0.21,
        "Normalized EBITDA": 31292000.0,
        "Total Unusual Items": -1251000.0,
        "Total Unusual Items Excluding Goodwill": -1251000.0,
        "Net Income From Continuing Operation Net Minority Interest": 17583000.0,
        "Reconciled Depreciation": 10761000.0,
        "Reconciled Cost Of Revenue": 23269000.0,
        "EBITDA": 30041000.0,
        "EBIT": 19280000.0,
        "Net Interest Income": 1002000.0,
        "Normalized Income": 18571290.0,
        "Net Income From Continuing And Discontinued Operation": 17583000.0,
        "Total Expenses": 27626000.0,
        "Total Operating Income As Reported": 10096000.0,
        "Diluted Average Shares": NaN,
        "Basic Average Shares": NaN,
        "Diluted EPS": NaN,
        "Basic EPS": NaN,
        "Diluted NI Availto Com Stockholders": 17583000.0,
        "Net Income Common Stockholders": 17583000.0,
        "Net Income": 17583000.0,
        "Net Income Including Noncontrolling Interests": 17583000.0,
        "Net Income Continuous Operations": 17583000.0,
        "Tax Provision": -6793000.0,
        "Pretax Income": 10790000.0,
        "Other Income Expense": -1559000.0,
        "Other Non Operating Income Expenses": -308000.0,
        "Special Income Charges": -133000.0,
        "Restructuring And Mergern Acquisition": 133000.0,
        "Gain On Sale Of Security": -1118000.0,
        "Net Non Operating Interest Income Expense": 1002000.0,
        "Total Other Finance Cost": NaN,
        "Operating Income": 11347000.0,
        "Operating Expense": 4357000.0,
        "Other Operating Expenses": 1348000.0,
        "Selling General And Administration": 3009000.0,
        "General And Administrative Expense": 3009000.0,
        "Other Gand A": 3009000.0,
        "Gross Profit": 15704000.0,
        "Cost Of Revenue": 23269000.0,
        "Total Revenue": 38973000.0,
        "Operating Revenue": 38973000.0
    },
    "2025-03-31": {
        "Tax Effect Of Unusual Items": 0.0,
        "Tax Rate For Calcs": 0.0,
        "Normalized EBITDA": 27262000.0,
        "Total Unusual Items": -2527000.0,
        "Total Unusual Items Excluding Goodwill": -2527000.0,
        "Net Income From Continuing Operation Net Minority Interest": 13049000.0,
        "Reconciled Depreciation": 10019000.0,
        "Reconciled Cost Of Revenue": 24035000.0,
        "EBITDA": 24735000.0,
        "EBIT": 14716000.0,
        "Net Interest Income": 860000.0,
        "Normalized Income": 15576000.0,
        "Net Income From Continuing And Discontinued Operation": 13049000.0,
        "Total Expenses": 27888000.0,
        "Total Operating Income As Reported": 12189000.0,
        "Diluted Average Shares": 37080000.0,
        "Basic Average Shares": 37041000.0,
        "Diluted EPS": 0.35,
        "Basic EPS": 0.35,
        "Diluted NI Availto Com Stockholders": 13049000.0,
        "Net Income Common Stockholders": 13049000.0,
        "Net Income": 13049000.0,
        "Net Income Including Noncontrolling Interests": 13049000.0,
        "Net Income Continuous Operations": 13049000.0,
        "Tax Provision": 0.0,
        "Pretax Income": 13049000.0,
        "Other Income Expense": -2527000.0,
        "Other Non Operating Income Expenses": NaN,
        "Special Income Charges": -40000.0,
        "Restructuring And Mergern Acquisition": 40000.0,
        "Gain On Sale Of Security": -2487000.0,
        "Net Non Operating Interest Income Expense": 860000.0,
        "Total Other Finance Cost": -860000.0,
        "Operating Income": 14716000.0,
        "Operating Expense": 3853000.0,
        "Other Operating Expenses": NaN,
        "Selling General And Administration": 3853000.0,
        "General And Administrative Expense": 3853000.0,
        "Other Gand A": 3853000.0,
        "Gross Profit": 18569000.0,
        "Cost Of Revenue": 24035000.0,
        "Total Revenue": 42604000.0,
        "Operating Revenue": 42604000.0
    },
    "2025-06-30": {
        "Tax Effect Of Unusual Items": 0.0,
        "Tax Rate For Calcs": 0.0,
        "Normalized EBITDA": 17142000.0,
        "Total Unusual Items": 5647000.0,
        "Total Unusual Items Excluding Goodwill": 5647000.0,
        "Net Income From Continuing Operation Net Minority Interest": 19558000.0,
        "Reconciled Depreciation": 9902000.0,
        "Reconciled Cost Of Revenue": 18616000.0,
        "EBITDA": 22789000.0,
        "EBIT": 12887000.0,
        "Net Interest Income": 1027000.0,
        "Normalized Income": 13911000.0,
        "Net Income From Continuing And Discontinued Operation": 19558000.0,
        "Total Expenses": 21644000.0,
        "Total Operating Income As Reported": 18534000.0,
        "Diluted Average Shares": 36677000.0,
        "Basic Average Shares": 36661000.0,
        "Diluted EPS": 0.53,
        "Basic EPS": 0.53,
        "Diluted NI Availto Com Stockholders": 19558000.0,
        "Net Income Common Stockholders": 19558000.0,
        "Net Income": 19558000.0,
        "Net Income Including Noncontrolling Interests": 19558000.0,
        "Net Income Continuous Operations": 19558000.0,
        "Tax Provision": 0.0,
        "Pretax Income": 19558000.0,
        "Other Income Expense": 5644000.0,
        "Other Non Operating Income Expenses": -3000.0,
        "Special Income Charges": -412000.0,
        "Restructuring And Mergern Acquisition": 412000.0,
        "Gain On Sale Of Security": 6059000.0,
        "Net Non Operating Interest Income Expense": 1027000.0,
        "Total Other Finance Cost": -1027000.0,
        "Operating Income": 12887000.0,
        "Operating Expense": 3028000.0,
        "Other Operating Expenses": NaN,
        "Selling General And Administration": 3028000.0,
        "General And Administrative Expense": 3028000.0,
        "Other Gand A": 3028000.0,
        "Gross Profit": 15915000.0,
        "Cost Of Revenue": 18616000.0,
        "Total Revenue": 34531000.0,
        "Operating Revenue": 34531000.0
    }
}