{
    "2023-03-31": {
        "Tax Effect Of Unusual Items": NaN,
        "Tax Rate For Calcs": NaN,
        "Normalized EBITDA": NaN,
        "Total Unusual Items": NaN,
        "Total Unusual Items Excluding Goodwill": NaN,
        "Net Income From Continuing Operation Net Minority Interest": NaN,
        "Reconciled Depreciation": NaN,
        "Reconciled Cost Of Revenue": NaN,
        "EBITDA": NaN,
        "EBIT": NaN,
        "Net Interest Income": NaN,
        "Interest Expense": NaN,
        "Normalized Income": NaN,
        "Net Income From Continuing And Discontinued Operation": NaN,
        "Total Expenses": NaN,
        "Total Operating Income As Reported": NaN,
        "Diluted Average Shares": NaN,
        "Basic Average Shares": NaN,
        "Diluted EPS": NaN,
        "Basic EPS": NaN,
        "Diluted NI Availto Com Stockholders": NaN,
        "Net Income Common Stockholders": NaN,
        "Net Income": NaN,
        "Minority Interests": NaN,
        "Net Income Including Noncontrolling Interests": NaN,
        "Net Income Continuous Operations": NaN,
        "Pretax Income": NaN,
        "Other Income Expense": NaN,
        "Other Non Operating Income Expenses": NaN,
        "Special Income Charges": NaN,
        "Gain On Sale Of Ppe": NaN,
        "Other Special Charges": 28960947.0,
        "Write Off": 71477.0,
        "Impairment Of Capital Assets": NaN,
        "Gain On Sale Of Security": NaN,
        "Net Non Operating Interest Income Expense": NaN,
        "Interest Expense Non Operating": NaN,
        "Operating Income": NaN,
        "Operating Expense": NaN,
        "Other Operating Expenses": NaN,
        "Depreciation Amortization Depletion Income Statement": NaN,
        "Depreciation And Amortization In Income Statement": NaN,
        "Selling General And Administration": NaN,
        "General And Administrative Expense": NaN,
        "Other Gand A": NaN,
        "Gross Profit": NaN,
        "Cost Of Revenue": NaN,
        "Total Revenue": NaN,
        "Operating Revenue": NaN
    },
    "2022-12-31": {
        "Tax Effect Of Unusual Items": NaN,
        "Tax Rate For Calcs": NaN,
        "Normalized EBITDA": NaN,
        "Total Unusual Items": NaN,
        "Total Unusual Items Excluding Goodwill": NaN,
        "Net Income From Continuing Operation Net Minority Interest": NaN,
        "Reconciled Depreciation": NaN,
        "Reconciled Cost Of Revenue": NaN,
        "EBITDA": NaN,
        "EBIT": NaN,
        "Net Interest Income": NaN,
        "Interest Expense": NaN,
        "Normalized Income": NaN,
        "Net Income From Continuing And Discontinued Operation": NaN,
        "Total Expenses": NaN,
        "Total Operating Income As Reported": NaN,
        "Diluted Average Shares": NaN,
        "Basic Average Shares": NaN,
        "Diluted EPS": NaN,
        "Basic EPS": NaN,
        "Diluted NI Availto Com Stockholders": NaN,
        "Net Income Common Stockholders": NaN,
        "Net Income": NaN,
        "Minority Interests": NaN,
        "Net Income Including Noncontrolling Interests": NaN,
        "Net Income Continuous Operations": NaN,
        "Pretax Income": NaN,
        "Other Income Expense": NaN,
        "Other Non Operating Income Expenses": NaN,
        "Special Income Charges": NaN,
        "Gain On Sale Of Ppe": NaN,
        "Other Special Charges": 11820686.0,
        "Write Off": -3996212.0,
        "Impairment Of Capital Assets": NaN,
        "Gain On Sale Of Security": NaN,
        "Net Non Operating Interest Income Expense": NaN,
        "Interest Expense Non Operating": NaN,
        "Operating Income": NaN,
        "Operating Expense": NaN,
        "Other Operating Expenses": NaN,
        "Depreciation Amortization Depletion Income Statement": NaN,
        "Depreciation And Amortization In Income Statement": NaN,
        "Selling General And Administration": NaN,
        "General And Administrative Expense": NaN,
        "Other Gand A": NaN,
        "Gross Profit": NaN,
        "Cost Of Revenue": NaN,
        "Total Revenue": NaN,
        "Operating Revenue": NaN
    },
    "2022-09-30": {
        "Tax Effect Of Unusual Items": NaN,
        "Tax Rate For Calcs": NaN,
        "Normalized EBITDA": NaN,
        "Total Unusual Items": NaN,
        "Total Unusual Items Excluding Goodwill": NaN,
        "Net Income From Continuing Operation Net Minority Interest": NaN,
        "Reconciled Depreciation": NaN,
        "Reconciled Cost Of Revenue": NaN,
        "EBITDA": NaN,
        "EBIT": NaN,
        "Net Interest Income": NaN,
        "Interest Expense": NaN,
        "Normalized Income": NaN,
        "Net Income From Continuing And Discontinued Operation": NaN,
        "Total Expenses": NaN,
        "Total Operating Income As Reported": NaN,
        "Diluted Average Shares": NaN,
        "Basic Average Shares": NaN,
        "Diluted EPS": NaN,
        "Basic EPS": NaN,
        "Diluted NI Availto Com Stockholders": NaN,
        "Net Income Common Stockholders": NaN,
        "Net Income": NaN,
        "Minority Interests": NaN,
        "Net Income Including Noncontrolling Interests": NaN,
        "Net Income Continuous Operations": NaN,
        "Pretax Income": NaN,
        "Other Income Expense": NaN,
        "Other Non Operating Income Expenses": NaN,
        "Special Income Charges": NaN,
        "Gain On Sale Of Ppe": NaN,
        "Other Special Charges": 28697021.0,
        "Write Off": NaN,
        "Impairment Of Capital Assets": NaN,
        "Gain On Sale Of Security": NaN,
        "Net Non Operating Interest Income Expense": NaN,
        "Interest Expense Non Operating": NaN,
        "Operating Income": NaN,
        "Operating Expense": NaN,
        "Other Operating Expenses": NaN,
        "Other Taxes": 0.0,
        "Depreciation Amortization Depletion Income Statement": NaN,
        "Depreciation And Amortization In Income Statement": NaN,
        "Selling General And Administration": NaN,
        "General And Administrative Expense": NaN,
        "Other Gand A": NaN,
        "Gross Profit": NaN,
        "Cost Of Revenue": NaN,
        "Total Revenue": NaN,
        "Operating Revenue": NaN
    },
    "2022-06-30": {
        "Tax Effect Of Unusual Items": 0.0,
        "Tax Rate For Calcs": 0.0,
        "Normalized EBITDA": -7891615.0,
        "Total Unusual Items": -15170877.0,
        "Total Unusual Items Excluding Goodwill": -15170877.0,
        "Net Income From Continuing Operation Net Minority Interest": -16701020.0,
        "Reconciled Depreciation": 12667300.0,
        "Reconciled Cost Of Revenue": 8680114.0,
        "EBITDA": -23062492.0,
        "EBIT": -35729792.0,
        "Net Interest Income": -4508783.0,
        "Interest Expense": 4508783.0,
        "Normalized Income": -1530143.0,
        "Net Income From Continuing And Discontinued Operation": -16701020.0,
        "Total Expenses": 48838046.0,
        "Total Operating Income As Reported": -29854642.0,
        "Diluted Average Shares": 2034107.0,
        "Basic Average Shares": 2034107.0,
        "Diluted EPS": -8.21,
        "Basic EPS": -8.21,
        "Diluted NI Availto Com Stockholders": -16701021.0,
        "Net Income Common Stockholders": -16701021.0,
        "Net Income": -16701020.0,
        "Minority Interests": 23537555.0,
        "Net Income Including Noncontrolling Interests": -40238575.0,
        "Net Income Continuous Operations": -40238575.0,
        "Pretax Income": -40238575.0,
        "Other Income Expense": -16070195.0,
        "Other Non Operating Income Expenses": -899318.0,
        "Special Income Charges": -11078017.0,
        "Gain On Sale Of Ppe": -1724642.0,
        "Other Special Charges": -841670.0,
        "Write Off": 10195045.0,
        "Impairment Of Capital Assets": 0.0,
        "Gain On Sale Of Security": -4092860.0,
        "Net Non Operating Interest Income Expense": -4508783.0,
        "Interest Expense Non Operating": 4508783.0,
        "Operating Income": -19659597.0,
        "Operating Expense": 40157932.0,
        "Other Operating Expenses": 16586756.0,
        "Other Taxes": NaN,
        "Depreciation Amortization Depletion Income Statement": 12667300.0,
        "Depreciation And Amortization In Income Statement": 12667300.0,
        "Selling General And Administration": 10903876.0,
        "General And Administrative Expense": 10903876.0,
        "Other Gand A": 10903876.0,
        "Gross Profit": 20498335.0,
        "Cost Of Revenue": 8680114.0,
        "Total Revenue": 29178449.0,
        "Operating Revenue": 29146441.0
    },
    "2022-03-31": {
        "Diluted EPS": -6.6,
        "Total Revenue": 29,
        "Gross Profit": 9,
        "Operating Income": -29,
        "EBIT": -16,
        "Net Income": -13
    },
    "2021-12-31": {
        "Diluted EPS": NaN,
        "Total Revenue": 17,
        "Gross Profit": 1,
        "Operating Income": -14,
        "EBIT": -8,
        "Net Income": -8
    },
    "2021-09-30": {
        "Diluted EPS": -60.5,
        "Total Revenue": 6,
        "Gross Profit": 1,
        "Operating Income": -4,
        "EBIT": -2,
        "Net Income": -2
    },
    "2021-06-30": {
        "Diluted EPS": NaN,
        "Total Revenue": 4,
        "Gross Profit": 0,
        "Operating Income": -3,
        "EBIT": -2,
        "Net Income": -1
    },
    "2021-03-31": {
        "Diluted EPS": 0.0,
        "Total Revenue": 4,
        "Gross Profit": 0,
        "Operating Income": -1,
        "EBIT": -1,
        "Net Income": 0
    },
    "2020-12-31": {
        "Diluted EPS": 0.0,
        "Total Revenue": NaN,
        "Gross Profit": NaN,
        "Operating Income": NaN,
        "EBIT": NaN,
        "Net Income": NaN
    },
    "2020-09-30": {
        "Diluted EPS": -39.32,
        "Total Revenue": 1,
        "Gross Profit": 0,
        "Operating Income": -1,
        "EBIT": -1,
        "Net Income": -1
    },
    "2023-06-30": {
        "Tax Effect Of Unusual Items": NaN,
        "Tax Rate For Calcs": NaN,
        "Normalized EBITDA": NaN,
        "Total Unusual Items": NaN,
        "Total Unusual Items Excluding Goodwill": NaN,
        "Net Income From Continuing Operation Net Minority Interest": NaN,
        "Reconciled Depreciation": NaN,
        "Reconciled Cost Of Revenue": NaN,
        "EBITDA": NaN,
        "EBIT": NaN,
        "Net Interest Income": NaN,
        "Interest Expense": NaN,
        "Normalized Income": NaN,
        "Net Income From Continuing And Discontinued Operation": NaN,
        "Total Expenses": NaN,
        "Total Operating Income As Reported": NaN,
        "Diluted Average Shares": NaN,
        "Basic Average Shares": NaN,
        "Diluted EPS": NaN,
        "Basic EPS": NaN,
        "Diluted NI Availto Com Stockholders": NaN,
        "Net Income Common Stockholders": NaN,
        "Net Income": NaN,
        "Minority Interests": NaN,
        "Net Income Including Noncontrolling Interests": NaN,
        "Net Income Continuous Operations": NaN,
        "Pretax Income": NaN,
        "Other Income Expense": NaN,
        "Other Non Operating Income Expenses": NaN,
        "Special Income Charges": NaN,
        "Gain On Sale Of Ppe": NaN,
        "Other Special Charges": NaN,
        "Write Off": 254353.0,
        "Impairment Of Capital Assets": NaN,
        "Gain On Sale Of Security": NaN,
        "Net Non Operating Interest Income Expense": NaN,
        "Interest Expense Non Operating": NaN,
        "Operating Income": NaN,
        "Operating Expense": NaN,
        "Other Operating Expenses": NaN,
        "Depreciation Amortization Depletion Income Statement": NaN,
        "Depreciation And Amortization In Income Statement": NaN,
        "Selling General And Administration": NaN,
        "General And Administrative Expense": NaN,
        "Other Gand A": NaN,
        "Gross Profit": NaN,
        "Cost Of Revenue": NaN,
        "Total Revenue": NaN,
        "Operating Revenue": NaN
    },
    "2023-09-30": {
        "Tax Effect Of Unusual Items": 0.0,
        "Tax Rate For Calcs": 0.0,
        "Normalized EBITDA": -4374680.0,
        "Total Unusual Items": -5828881.0,
        "Total Unusual Items Excluding Goodwill": -5828881.0,
        "Net Income From Continuing Operation Net Minority Interest": -17123186.0,
        "Reconciled Depreciation": 9667213.0,
        "Reconciled Cost Of Revenue": 8556626.0,
        "EBITDA": -10203561.0,
        "EBIT": -19870774.0,
        "Net Interest Income": -2441139.0,
        "Interest Expense": 2441139.0,
        "Normalized Income": -11294305.0,
        "Net Income From Continuing And Discontinued Operation": -17123186.0,
        "Total Expenses": 31783850.0,
        "Total Operating Income As Reported": -19704936.0,
        "Diluted Average Shares": 7569511.0,
        "Basic Average Shares": 7569511.0,
        "Diluted EPS": -2.26,
        "Basic EPS": -2.26,
        "Diluted NI Availto Com Stockholders": -17123186.0,
        "Net Income Common Stockholders": -17123186.0,
        "Net Income": -17123186.0,
        "Minority Interests": 5188727.0,
        "Net Income Including Noncontrolling Interests": -22311913.0,
        "Net Income Continuous Operations": -22311913.0,
        "Pretax Income": -22311913.0,
        "Other Income Expense": -5813881.0,
        "Other Non Operating Income Expenses": 15000.0,
        "Special Income Charges": -5648043.0,
        "Gain On Sale Of Ppe": 131706.0,
        "Other Special Charges": NaN,
        "Write Off": 0.0,
        "Impairment Of Capital Assets": 5779749.0,
        "Gain On Sale Of Security": -180838.0,
        "Net Non Operating Interest Income Expense": -2441139.0,
        "Interest Expense Non Operating": 2441139.0,
        "Operating Income": -14056893.0,
        "Operating Expense": 23227224.0,
        "Other Operating Expenses": 6961060.0,
        "Depreciation Amortization Depletion Income Statement": 9667213.0,
        "Depreciation And Amortization In Income Statement": 9667213.0,
        "Selling General And Administration": 6598951.0,
        "General And Administrative Expense": 6598951.0,
        "Other Gand A": 6598951.0,
        "Gross Profit": 9170331.0,
        "Cost Of Revenue": 8556626.0,
        "Total Revenue": 17726957.0,
        "Operating Revenue": 17685080.0
    },
    "2023-12-31": {
        "Tax Effect Of Unusual Items": 0.0,
        "Tax Rate For Calcs": 0.0,
        "Normalized EBITDA": 516252.0,
        "Total Unusual Items": -9869047.0,
        "Total Unusual Items Excluding Goodwill": -9869047.0,
        "Net Income From Continuing Operation Net Minority Interest": -17395871.0,
        "Reconciled Depreciation": 9390265.0,
        "Reconciled Cost Of Revenue": 6328207.0,
        "EBITDA": -9352795.0,
        "EBIT": -18743060.0,
        "Net Interest Income": -2417829.0,
        "Interest Expense": 2417829.0,
        "Normalized Income": -7526824.0,
        "Net Income From Continuing And Discontinued Operation": -17395871.0,
        "Total Expenses": 30633400.0,
        "Total Operating Income As Reported": -12535885.0,
        "Diluted Average Shares": 11933089.0,
        "Basic Average Shares": 9037428.0,
        "Diluted EPS": 0.34,
        "Basic EPS": 0.34,
        "Diluted NI Availto Com Stockholders": 3096697.0,
        "Net Income Common Stockholders": 3096697.0,
        "Net Income": -17395871.0,
        "Minority Interests": 3765018.0,
        "Net Income Including Noncontrolling Interests": -21160889.0,
        "Net Income Continuous Operations": -21160889.0,
        "Pretax Income": -21160889.0,
        "Other Income Expense": -9849047.0,
        "Other Non Operating Income Expenses": 20000.0,
        "Special Income Charges": -3641872.0,
        "Gain On Sale Of Ppe": -3415084.0,
        "Other Special Charges": 0.0,
        "Write Off": 226788.0,
        "Impairment Of Capital Assets": 226788.0,
        "Gain On Sale Of Security": -6227175.0,
        "Net Non Operating Interest Income Expense": -2417829.0,
        "Interest Expense Non Operating": 2417829.0,
        "Operating Income": -8894013.0,
        "Operating Expense": 24305193.0,
        "Other Operating Expenses": 8630092.0,
        "Depreciation Amortization Depletion Income Statement": 9390265.0,
        "Depreciation And Amortization In Income Statement": 9390265.0,
        "Selling General And Administration": 6284836.0,
        "General And Administrative Expense": 6284836.0,
        "Other Gand A": 6284836.0,
        "Gross Profit": 15411180.0,
        "Cost Of Revenue": 6328207.0,
        "Total Revenue": 21739387.0,
        "Operating Revenue": 21671644.0
    },
    "2024-03-31": {
        "Tax Effect Of Unusual Items": 0.0,
        "Tax Rate For Calcs": 0.0,
        "Normalized EBITDA": 5282513.0,
        "Total Unusual Items": 12337839.0,
        "Total Unusual Items Excluding Goodwill": 12337839.0,
        "Net Income From Continuing Operation Net Minority Interest": 4924002.0,
        "Reconciled Depreciation": 9514654.0,
        "Reconciled Cost Of Revenue": 7410828.0,
        "EBITDA": 17620352.0,
        "EBIT": 8105698.0,
        "Net Interest Income": -2263409.0,
        "Interest Expense": 2263409.0,
        "Normalized Income": -7413837.0,
        "Net Income From Continuing And Discontinued Operation": 4924002.0,
        "Total Expenses": 31765553.0,
        "Total Operating Income As Reported": -3582022.0,
        "Diluted Average Shares": 13989820.0,
        "Basic Average Shares": 13989820.0,
        "Diluted EPS": 0.35,
        "Basic EPS": 0.35,
        "Diluted NI Availto Com Stockholders": 4924002.0,
        "Net Income Common Stockholders": 4924002.0,
        "Net Income": 4924002.0,
        "Minority Interests": -918287.0,
        "Net Income Including Noncontrolling Interests": 5842289.0,
        "Net Income Continuous Operations": 5842289.0,
        "Pretax Income": 5842289.0,
        "Other Income Expense": 12349066.0,
        "Other Non Operating Income Expenses": 11227.0,
        "Special Income Charges": 660119.0,
        "Gain On Sale Of Ppe": 660119.0,
        "Other Special Charges": NaN,
        "Write Off": NaN,
        "Impairment Of Capital Assets": 0.0,
        "Gain On Sale Of Security": 11677720.0,
        "Net Non Operating Interest Income Expense": -2263409.0,
        "Interest Expense Non Operating": 2263409.0,
        "Operating Income": -4243368.0,
        "Operating Expense": 24354725.0,
        "Other Operating Expenses": 8241725.0,
        "Depreciation Amortization Depletion Income Statement": 9514654.0,
        "Depreciation And Amortization In Income Statement": 9514654.0,
        "Selling General And Administration": 6598346.0,
        "General And Administrative Expense": 6598346.0,
        "Other Gand A": 6598346.0,
        "Gross Profit": 20111357.0,
        "Cost Of Revenue": 7410828.0,
        "Total Revenue": 27522185.0,
        "Operating Revenue": 27448654.0
    },
    "2024-06-30": {
        "Tax Effect Of Unusual Items": 0.0,
        "Tax Rate For Calcs": 0.0,
        "Normalized EBITDA": -7371403.0,
        "Total Unusual Items": -2356968.0,
        "Total Unusual Items Excluding Goodwill": -2356968.0,
        "Net Income From Continuing Operation Net Minority Interest": -17941817.0,
        "Reconciled Depreciation": 9290563.0,
        "Reconciled Cost Of Revenue": 5798304.0,
        "EBITDA": -9728371.0,
        "EBIT": -19018934.0,
        "Net Interest Income": -2248063.0,
        "Interest Expense": 2248063.0,
        "Normalized Income": -15584849.0,
        "Net Income From Continuing And Discontinued Operation": -17941817.0,
        "Total Expenses": 35917099.0,
        "Total Operating Income As Reported": -18641759.0,
        "Diluted Average Shares": 14369800.0,
        "Basic Average Shares": 14369800.0,
        "Diluted EPS": -1.25,
        "Basic EPS": -1.25,
        "Diluted NI Availto Com Stockholders": -17941817.0,
        "Net Income Common Stockholders": -17941817.0,
        "Net Income": -17941817.0,
        "Minority Interests": 3325180.0,
        "Net Income Including Noncontrolling Interests": -21266997.0,
        "Net Income Continuous Operations": -21266997.0,
        "Pretax Income": -21266997.0,
        "Other Income Expense": -2205974.0,
        "Other Non Operating Income Expenses": 150994.0,
        "Special Income Charges": -1974793.0,
        "Gain On Sale Of Ppe": -1974793.0,
        "Other Special Charges": NaN,
        "Write Off": NaN,
        "Impairment Of Capital Assets": 0.0,
        "Gain On Sale Of Security": -382175.0,
        "Net Non Operating Interest Income Expense": -2248063.0,
        "Interest Expense Non Operating": 2248063.0,
        "Operating Income": -16812960.0,
        "Operating Expense": 30118795.0,
        "Other Operating Expenses": 9081647.0,
        "Depreciation Amortization Depletion Income Statement": 9290563.0,
        "Depreciation And Amortization In Income Statement": 9290563.0,
        "Selling General And Administration": 11746585.0,
        "General And Administrative Expense": 11746585.0,
        "Other Gand A": 11746585.0,
        "Gross Profit": 13305835.0,
        "Cost Of Revenue": 5798304.0,
        "Total Revenue": 19104139.0,
        "Operating Revenue": 19034195.0
    },
    "2024-09-30": {
        "Tax Effect Of Unusual Items": 0.0,
        "Tax Rate For Calcs": 0.0,
        "Normalized EBITDA": -8691610.0,
        "Total Unusual Items": -3118749.0,
        "Total Unusual Items Excluding Goodwill": -3118749.0,
        "Net Income From Continuing Operation Net Minority Interest": -19489185.0,
        "Reconciled Depreciation": 8623646.0,
        "Reconciled Cost Of Revenue": 6500292.0,
        "EBITDA": -11810359.0,
        "EBIT": -20434005.0,
        "Net Interest Income": -2236587.0,
        "Interest Expense": 2236587.0,
        "Normalized Income": -16370436.0,
        "Net Income From Continuing And Discontinued Operation": -19489185.0,
        "Total Expenses": 28449546.0,
        "Total Operating Income As Reported": -17583707.0,
        "Diluted Average Shares": 14594955.0,
        "Basic Average Shares": 14594955.0,
        "Diluted EPS": -1.34,
        "Basic EPS": -1.34,
        "Diluted NI Availto Com Stockholders": -19489185.0,
        "Net Income Common Stockholders": -19489185.0,
        "Net Income": -19489185.0,
        "Minority Interests": 3181407.0,
        "Net Income Including Noncontrolling Interests": -22670592.0,
        "Net Income Continuous Operations": -22670592.0,
        "Pretax Income": -22670592.0,
        "Other Income Expense": -3152532.0,
        "Other Non Operating Income Expenses": -33783.0,
        "Special Income Charges": -268451.0,
        "Gain On Sale Of Ppe": -268451.0,
        "Other Special Charges": NaN,
        "Write Off": NaN,
        "Impairment Of Capital Assets": 0.0,
        "Gain On Sale Of Security": -2850298.0,
        "Net Non Operating Interest Income Expense": -2236587.0,
        "Interest Expense Non Operating": 2236587.0,
        "Operating Income": -17281473.0,
        "Operating Expense": 21949254.0,
        "Other Operating Expenses": 4998609.0,
        "Depreciation Amortization Depletion Income Statement": 8623646.0,
        "Depreciation And Amortization In Income Statement": 8623646.0,
        "Selling General And Administration": 8326999.0,
        "General And Administrative Expense": 8326999.0,
        "Other Gand A": 8326999.0,
        "Gross Profit": 4667781.0,
        "Cost Of Revenue": 6500292.0,
        "Total Revenue": 11168073.0,
        "Operating Revenue": 11124027.0
    }
}