{
    "2024-06-30": {
        "Tax Effect Of Unusual Items": 2343750.0,
        "Tax Rate For Calcs": 0.011719,
        "Normalized EBITDA": 115000000.0,
        "Total Unusual Items": 200000000.0,
        "Total Unusual Items Excluding Goodwill": 200000000.0,
        "Net Income From Continuing Operation Net Minority Interest": 253000000.0,
        "Reconciled Depreciation": 43000000.0,
        "Reconciled Cost Of Revenue": 263000000.0,
        "EBITDA": 315000000.0,
        "EBIT": 272000000.0,
        "Net Interest Income": -17000000.0,
        "Interest Expense": 16000000.0,
        "Interest Income": 7000000.0,
        "Normalized Income": 55343750.0,
        "Net Income From Continuing And Discontinued Operation": 253000000.0,
        "Total Expenses": 287000000.0,
        "Total Operating Income As Reported": 288000000.0,
        "Diluted Average Shares": 73000000.0,
        "Basic Average Shares": 70000000.0,
        "Diluted EPS": 3.49,
        "Basic EPS": 3.61,
        "Diluted NI Availto Com Stockholders": 255000000.0,
        "Average Dilution Earnings": 2000000.0,
        "Net Income Common Stockholders": 253000000.0,
        "Net Income": 253000000.0,
        "Net Income Including Noncontrolling Interests": 253000000.0,
        "Net Income Discontinuous Operations": NaN,
        "Net Income Continuous Operations": 253000000.0,
        "Tax Provision": 3000000.0,
        "Pretax Income": 256000000.0,
        "Other Income Expense": 185000000.0,
        "Special Income Charges": 200000000.0,
        "Gain On Sale Of Ppe": 203000000.0,
        "Gain On Sale Of Business": 203000000.0,
        "Restructuring And Mergern Acquisition": 3000000.0,
        "Earnings From Equity Interest": -15000000.0,
        "Net Non Operating Interest Income Expense": -17000000.0,
        "Total Other Finance Cost": 8000000.0,
        "Interest Expense Non Operating": 16000000.0,
        "Interest Income Non Operating": 7000000.0,
        "Operating Income": 88000000.0,
        "Operating Expense": 24000000.0,
        "Other Operating Expenses": NaN,
        "Selling General And Administration": 24000000.0,
        "Gross Profit": 112000000.0,
        "Cost Of Revenue": 263000000.0,
        "Total Revenue": 375000000.0,
        "Operating Revenue": 373000000.0
    },
    "2024-03-31": {
        "Tax Effect Of Unusual Items": NaN,
        "Tax Rate For Calcs": NaN,
        "Normalized EBITDA": NaN,
        "Total Unusual Items": NaN,
        "Total Unusual Items Excluding Goodwill": NaN,
        "Net Income From Continuing Operation Net Minority Interest": NaN,
        "Reconciled Depreciation": NaN,
        "Reconciled Cost Of Revenue": NaN,
        "EBITDA": NaN,
        "EBIT": NaN,
        "Net Interest Income": NaN,
        "Interest Expense": NaN,
        "Interest Income": NaN,
        "Normalized Income": NaN,
        "Net Income From Continuing And Discontinued Operation": NaN,
        "Total Expenses": NaN,
        "Total Operating Income As Reported": NaN,
        "Diluted Average Shares": NaN,
        "Basic Average Shares": NaN,
        "Diluted EPS": NaN,
        "Basic EPS": NaN,
        "Diluted NI Availto Com Stockholders": NaN,
        "Average Dilution Earnings": NaN,
        "Net Income Common Stockholders": NaN,
        "Net Income": NaN,
        "Net Income Including Noncontrolling Interests": NaN,
        "Net Income Discontinuous Operations": NaN,
        "Net Income Continuous Operations": NaN,
        "Tax Provision": NaN,
        "Pretax Income": NaN,
        "Other Income Expense": NaN,
        "Special Income Charges": NaN,
        "Gain On Sale Of Ppe": 0.0,
        "Gain On Sale Of Business": 0.0,
        "Restructuring And Mergern Acquisition": NaN,
        "Earnings From Equity Interest": NaN,
        "Net Non Operating Interest Income Expense": NaN,
        "Total Other Finance Cost": NaN,
        "Interest Expense Non Operating": NaN,
        "Interest Income Non Operating": NaN,
        "Operating Income": NaN,
        "Operating Expense": NaN,
        "Other Operating Expenses": -16000000.0,
        "Selling General And Administration": NaN,
        "Gross Profit": NaN,
        "Cost Of Revenue": NaN,
        "Total Revenue": NaN,
        "Operating Revenue": NaN
    },
    "2023-12-31": {
        "Tax Effect Of Unusual Items": NaN,
        "Tax Rate For Calcs": NaN,
        "Normalized EBITDA": NaN,
        "Total Unusual Items": NaN,
        "Total Unusual Items Excluding Goodwill": NaN,
        "Net Income From Continuing Operation Net Minority Interest": NaN,
        "Reconciled Depreciation": NaN,
        "Reconciled Cost Of Revenue": NaN,
        "EBITDA": NaN,
        "EBIT": NaN,
        "Net Interest Income": NaN,
        "Interest Expense": NaN,
        "Interest Income": NaN,
        "Normalized Income": NaN,
        "Net Income From Continuing And Discontinued Operation": NaN,
        "Total Expenses": NaN,
        "Total Operating Income As Reported": NaN,
        "Diluted Average Shares": NaN,
        "Basic Average Shares": NaN,
        "Diluted EPS": NaN,
        "Basic EPS": NaN,
        "Diluted NI Availto Com Stockholders": NaN,
        "Average Dilution Earnings": NaN,
        "Net Income Common Stockholders": NaN,
        "Net Income": NaN,
        "Net Income Including Noncontrolling Interests": NaN,
        "Net Income Discontinuous Operations": 0.0,
        "Net Income Continuous Operations": NaN,
        "Tax Provision": NaN,
        "Pretax Income": NaN,
        "Other Income Expense": NaN,
        "Special Income Charges": NaN,
        "Gain On Sale Of Ppe": 0.0,
        "Gain On Sale Of Business": NaN,
        "Restructuring And Mergern Acquisition": NaN,
        "Earnings From Equity Interest": NaN,
        "Net Non Operating Interest Income Expense": NaN,
        "Total Other Finance Cost": NaN,
        "Interest Expense Non Operating": NaN,
        "Interest Income Non Operating": NaN,
        "Operating Income": NaN,
        "Operating Expense": NaN,
        "Other Operating Expenses": NaN,
        "Selling General And Administration": NaN,
        "Gross Profit": NaN,
        "Cost Of Revenue": NaN,
        "Total Revenue": NaN,
        "Operating Revenue": NaN
    },
    "2023-09-30": {
        "Tax Effect Of Unusual Items": NaN,
        "Tax Rate For Calcs": NaN,
        "Normalized EBITDA": NaN,
        "Total Unusual Items": NaN,
        "Total Unusual Items Excluding Goodwill": NaN,
        "Net Income From Continuing Operation Net Minority Interest": NaN,
        "Reconciled Depreciation": NaN,
        "Reconciled Cost Of Revenue": NaN,
        "EBITDA": NaN,
        "EBIT": NaN,
        "Net Interest Income": NaN,
        "Interest Expense": NaN,
        "Interest Income": NaN,
        "Normalized Income": NaN,
        "Net Income From Continuing And Discontinued Operation": NaN,
        "Total Expenses": NaN,
        "Total Operating Income As Reported": NaN,
        "Diluted Average Shares": NaN,
        "Basic Average Shares": NaN,
        "Diluted EPS": NaN,
        "Basic EPS": NaN,
        "Diluted NI Availto Com Stockholders": NaN,
        "Average Dilution Earnings": NaN,
        "Net Income Common Stockholders": NaN,
        "Net Income": NaN,
        "Net Income Including Noncontrolling Interests": NaN,
        "Net Income Discontinuous Operations": 0.0,
        "Net Income Continuous Operations": NaN,
        "Tax Provision": NaN,
        "Pretax Income": NaN,
        "Other Income Expense": NaN,
        "Special Income Charges": NaN,
        "Gain On Sale Of Ppe": NaN,
        "Restructuring And Mergern Acquisition": NaN,
        "Earnings From Equity Interest": NaN,
        "Net Non Operating Interest Income Expense": NaN,
        "Total Other Finance Cost": NaN,
        "Interest Expense Non Operating": NaN,
        "Interest Income Non Operating": NaN,
        "Operating Income": NaN,
        "Operating Expense": NaN,
        "Other Operating Expenses": NaN,
        "Selling General And Administration": NaN,
        "Gross Profit": NaN,
        "Cost Of Revenue": NaN,
        "Total Revenue": NaN,
        "Operating Revenue": NaN
    },
    "2023-06-30": {
        "Tax Effect Of Unusual Items": NaN,
        "Tax Rate For Calcs": NaN,
        "Normalized EBITDA": NaN,
        "Total Unusual Items": NaN,
        "Total Unusual Items Excluding Goodwill": NaN,
        "Net Income From Continuing Operation Net Minority Interest": NaN,
        "Reconciled Depreciation": NaN,
        "Reconciled Cost Of Revenue": NaN,
        "EBITDA": NaN,
        "EBIT": NaN,
        "Net Interest Income": NaN,
        "Interest Expense": NaN,
        "Interest Income": NaN,
        "Normalized Income": NaN,
        "Net Income From Continuing And Discontinued Operation": NaN,
        "Total Expenses": NaN,
        "Total Operating Income As Reported": NaN,
        "Diluted Average Shares": NaN,
        "Basic Average Shares": NaN,
        "Diluted EPS": NaN,
        "Basic EPS": NaN,
        "Diluted NI Availto Com Stockholders": NaN,
        "Average Dilution Earnings": 2000000.0,
        "Net Income Common Stockholders": NaN,
        "Net Income": NaN,
        "Net Income Including Noncontrolling Interests": NaN,
        "Net Income Discontinuous Operations": 0.0,
        "Net Income Continuous Operations": NaN,
        "Tax Provision": NaN,
        "Pretax Income": NaN,
        "Other Income Expense": NaN,
        "Special Income Charges": NaN,
        "Gain On Sale Of Ppe": NaN,
        "Restructuring And Mergern Acquisition": NaN,
        "Earnings From Equity Interest": NaN,
        "Net Non Operating Interest Income Expense": NaN,
        "Total Other Finance Cost": NaN,
        "Interest Expense Non Operating": NaN,
        "Interest Income Non Operating": NaN,
        "Operating Income": NaN,
        "Operating Expense": NaN,
        "Other Operating Expenses": NaN,
        "Selling General And Administration": NaN,
        "Gross Profit": NaN,
        "Cost Of Revenue": NaN,
        "Total Revenue": NaN,
        "Operating Revenue": NaN
    },
    "2023-03-31": {
        "Tax Effect Of Unusual Items": NaN,
        "Tax Rate For Calcs": NaN,
        "Normalized EBITDA": NaN,
        "Total Unusual Items": NaN,
        "Total Unusual Items Excluding Goodwill": NaN,
        "Net Income From Continuing Operation Net Minority Interest": NaN,
        "Reconciled Depreciation": NaN,
        "Reconciled Cost Of Revenue": NaN,
        "EBITDA": NaN,
        "EBIT": NaN,
        "Net Interest Income": NaN,
        "Interest Expense": NaN,
        "Interest Income": NaN,
        "Normalized Income": NaN,
        "Net Income From Continuing And Discontinued Operation": NaN,
        "Total Expenses": NaN,
        "Total Operating Income As Reported": NaN,
        "Diluted Average Shares": NaN,
        "Basic Average Shares": NaN,
        "Diluted EPS": NaN,
        "Basic EPS": NaN,
        "Diluted NI Availto Com Stockholders": NaN,
        "Average Dilution Earnings": NaN,
        "Net Income Common Stockholders": NaN,
        "Net Income": NaN,
        "Net Income Including Noncontrolling Interests": NaN,
        "Net Income Discontinuous Operations": 0.0,
        "Net Income Continuous Operations": NaN,
        "Tax Provision": NaN,
        "Pretax Income": NaN,
        "Other Income Expense": NaN,
        "Special Income Charges": NaN,
        "Gain On Sale Of Ppe": NaN,
        "Restructuring And Mergern Acquisition": NaN,
        "Earnings From Equity Interest": NaN,
        "Net Non Operating Interest Income Expense": NaN,
        "Total Other Finance Cost": NaN,
        "Interest Expense Non Operating": NaN,
        "Interest Income Non Operating": NaN,
        "Operating Income": NaN,
        "Operating Expense": NaN,
        "Other Operating Expenses": NaN,
        "Selling General And Administration": NaN,
        "Gross Profit": NaN,
        "Cost Of Revenue": NaN,
        "Total Revenue": NaN,
        "Operating Revenue": NaN
    },
    "2024-09-30": {
        "Tax Effect Of Unusual Items": -358974.358974,
        "Tax Rate For Calcs": 0.179487,
        "Normalized EBITDA": 98000000.0,
        "Total Unusual Items": -2000000.0,
        "Total Unusual Items Excluding Goodwill": -2000000.0,
        "Net Income From Continuing Operation Net Minority Interest": 32000000.0,
        "Reconciled Depreciation": 42000000.0,
        "Reconciled Cost Of Revenue": 278000000.0,
        "EBITDA": 96000000.0,
        "EBIT": 54000000.0,
        "Net Interest Income": -6000000.0,
        "Interest Expense": 15000000.0,
        "Interest Income": 6000000.0,
        "Normalized Income": 33641025.641026,
        "Net Income From Continuing And Discontinued Operation": 32000000.0,
        "Total Expenses": 305000000.0,
        "Total Operating Income As Reported": 47000000.0,
        "Diluted Average Shares": 70000000.0,
        "Basic Average Shares": 67000000.0,
        "Diluted EPS": 0.49,
        "Basic EPS": 0.49,
        "Diluted NI Availto Com Stockholders": 33000000.0,
        "Average Dilution Earnings": 1000000.0,
        "Net Income Common Stockholders": 32000000.0,
        "Net Income": 32000000.0,
        "Net Income Including Noncontrolling Interests": 32000000.0,
        "Net Income Discontinuous Operations": NaN,
        "Net Income Continuous Operations": 32000000.0,
        "Tax Provision": 7000000.0,
        "Pretax Income": 39000000.0,
        "Other Income Expense": -4000000.0,
        "Special Income Charges": -2000000.0,
        "Gain On Sale Of Ppe": 0.0,
        "Gain On Sale Of Business": 0.0,
        "Restructuring And Mergern Acquisition": 2000000.0,
        "Earnings From Equity Interest": -2000000.0,
        "Net Non Operating Interest Income Expense": -6000000.0,
        "Total Other Finance Cost": -3000000.0,
        "Interest Expense Non Operating": 15000000.0,
        "Interest Income Non Operating": 6000000.0,
        "Operating Income": 49000000.0,
        "Operating Expense": 27000000.0,
        "Other Operating Expenses": NaN,
        "Selling General And Administration": 27000000.0,
        "Gross Profit": 76000000.0,
        "Cost Of Revenue": 278000000.0,
        "Total Revenue": 354000000.0,
        "Operating Revenue": 354000000.0
    },
    "2024-12-31": {
        "Tax Effect Of Unusual Items": 2940000.0,
        "Tax Rate For Calcs": 0.21,
        "Normalized EBITDA": 14000000.0,
        "Total Unusual Items": 14000000.0,
        "Total Unusual Items Excluding Goodwill": 14000000.0,
        "Net Income From Continuing Operation Net Minority Interest": 101000000.0,
        "Reconciled Depreciation": 45000000.0,
        "Reconciled Cost Of Revenue": 275000000.0,
        "EBITDA": 28000000.0,
        "EBIT": -17000000.0,
        "Net Interest Income": -33000000.0,
        "Interest Expense": 15000000.0,
        "Interest Income": 5000000.0,
        "Normalized Income": 89940000.0,
        "Net Income From Continuing And Discontinued Operation": 101000000.0,
        "Total Expenses": 306000000.0,
        "Total Operating Income As Reported": -3000000.0,
        "Diluted Average Shares": 65584416.0,
        "Basic Average Shares": 63924051.0,
        "Diluted EPS": 1.54,
        "Basic EPS": 1.58,
        "Diluted NI Availto Com Stockholders": 103000000.0,
        "Average Dilution Earnings": 2000000.0,
        "Net Income Common Stockholders": 101000000.0,
        "Net Income": 101000000.0,
        "Net Income Including Noncontrolling Interests": 101000000.0,
        "Net Income Discontinuous Operations": NaN,
        "Net Income Continuous Operations": 101000000.0,
        "Tax Provision": -133000000.0,
        "Pretax Income": -32000000.0,
        "Other Income Expense": 18000000.0,
        "Special Income Charges": 14000000.0,
        "Gain On Sale Of Ppe": 31000000.0,
        "Gain On Sale Of Business": 31000000.0,
        "Restructuring And Mergern Acquisition": 17000000.0,
        "Earnings From Equity Interest": 4000000.0,
        "Net Non Operating Interest Income Expense": -33000000.0,
        "Total Other Finance Cost": 23000000.0,
        "Interest Expense Non Operating": 15000000.0,
        "Interest Income Non Operating": 5000000.0,
        "Operating Income": -17000000.0,
        "Operating Expense": 31000000.0,
        "Other Operating Expenses": 0.0,
        "Selling General And Administration": 31000000.0,
        "Gross Profit": 14000000.0,
        "Cost Of Revenue": 275000000.0,
        "Total Revenue": 289000000.0,
        "Operating Revenue": 289000000.0
    },
    "2025-03-31": {
        "Tax Effect Of Unusual Items": 0.0,
        "Tax Rate For Calcs": 0.21,
        "Normalized EBITDA": 71000000.0,
        "Total Unusual Items": 0.0,
        "Total Unusual Items Excluding Goodwill": 0.0,
        "Net Income From Continuing Operation Net Minority Interest": -14000000.0,
        "Reconciled Depreciation": 55000000.0,
        "Reconciled Cost Of Revenue": 294000000.0,
        "EBITDA": 71000000.0,
        "EBIT": 16000000.0,
        "Net Interest Income": -25000000.0,
        "Interest Expense": 15000000.0,
        "Interest Income": 4000000.0,
        "Normalized Income": -14000000.0,
        "Net Income From Continuing And Discontinued Operation": -14000000.0,
        "Total Expenses": 317000000.0,
        "Total Operating Income As Reported": 18000000.0,
        "Diluted Average Shares": 65000000.0,
        "Basic Average Shares": 62000000.0,
        "Diluted EPS": -0.23,
        "Basic EPS": -0.23,
        "Diluted NI Availto Com Stockholders": -13000000.0,
        "Average Dilution Earnings": 1000000.0,
        "Net Income Common Stockholders": -14000000.0,
        "Net Income": -14000000.0,
        "Net Income Including Noncontrolling Interests": -14000000.0,
        "Net Income Discontinuous Operations": NaN,
        "Net Income Continuous Operations": -14000000.0,
        "Tax Provision": 15000000.0,
        "Pretax Income": 1000000.0,
        "Other Income Expense": 8000000.0,
        "Special Income Charges": 0.0,
        "Gain On Sale Of Ppe": NaN,
        "Gain On Sale Of Business": NaN,
        "Restructuring And Mergern Acquisition": 0.0,
        "Earnings From Equity Interest": 8000000.0,
        "Net Non Operating Interest Income Expense": -25000000.0,
        "Total Other Finance Cost": 14000000.0,
        "Interest Expense Non Operating": 15000000.0,
        "Interest Income Non Operating": 4000000.0,
        "Operating Income": 18000000.0,
        "Operating Expense": 23000000.0,
        "Other Operating Expenses": NaN,
        "Selling General And Administration": 23000000.0,
        "Gross Profit": 41000000.0,
        "Cost Of Revenue": 294000000.0,
        "Total Revenue": 335000000.0,
        "Operating Revenue": 332000000.0
    },
    "2025-06-30": {
        "Tax Effect Of Unusual Items": 0.0,
        "Tax Rate For Calcs": 0.21,
        "Normalized EBITDA": 58000000.0,
        "Total Unusual Items": 0.0,
        "Total Unusual Items Excluding Goodwill": 0.0,
        "Net Income From Continuing Operation Net Minority Interest": -42000000.0,
        "Reconciled Depreciation": 56000000.0,
        "Reconciled Cost Of Revenue": 345000000.0,
        "EBITDA": 58000000.0,
        "EBIT": 2000000.0,
        "Net Interest Income": -25000000.0,
        "Interest Expense": 15000000.0,
        "Interest Income": 3000000.0,
        "Normalized Income": -42000000.0,
        "Net Income From Continuing And Discontinued Operation": -42000000.0,
        "Total Expenses": 371000000.0,
        "Total Operating Income As Reported": 6000000.0,
        "Diluted Average Shares": 61764706.0,
        "Basic Average Shares": 61764706.0,
        "Diluted EPS": -0.68,
        "Basic EPS": -0.68,
        "Diluted NI Availto Com Stockholders": -41000000.0,
        "Average Dilution Earnings": 1000000.0,
        "Net Income Common Stockholders": -42000000.0,
        "Net Income": -42000000.0,
        "Net Income Including Noncontrolling Interests": -42000000.0,
        "Net Income Discontinuous Operations": NaN,
        "Net Income Continuous Operations": -42000000.0,
        "Tax Provision": 29000000.0,
        "Pretax Income": -13000000.0,
        "Other Income Expense": 6000000.0,
        "Special Income Charges": 0.0,
        "Gain On Sale Of Ppe": NaN,
        "Gain On Sale Of Business": 0.0,
        "Restructuring And Mergern Acquisition": 0.0,
        "Earnings From Equity Interest": 6000000.0,
        "Net Non Operating Interest Income Expense": -25000000.0,
        "Total Other Finance Cost": 13000000.0,
        "Interest Expense Non Operating": 15000000.0,
        "Interest Income Non Operating": 3000000.0,
        "Operating Income": 6000000.0,
        "Operating Expense": 26000000.0,
        "Other Operating Expenses": NaN,
        "Selling General And Administration": 26000000.0,
        "Gross Profit": 32000000.0,
        "Cost Of Revenue": 345000000.0,
        "Total Revenue": 377000000.0,
        "Operating Revenue": 377000000.0
    }
}