{
    "2025-06-30": {
        "Tax Effect Of Unusual Items": 0.0,
        "Tax Rate For Calcs": 0.0,
        "Normalized EBITDA": -1311823.0,
        "Total Unusual Items": NaN,
        "Total Unusual Items Excluding Goodwill": NaN,
        "Net Income From Continuing Operation Net Minority Interest": -1366684.0,
        "Reconciled Depreciation": 54861.0,
        "Reconciled Cost Of Revenue": 5358.0,
        "EBITDA": -1311823.0,
        "EBIT": -1366684.0,
        "Net Interest Income": 7037.0,
        "Interest Expense": 0.0,
        "Interest Income": 7037.0,
        "Normalized Income": -1366684.0,
        "Net Income From Continuing And Discontinued Operation": -1366684.0,
        "Total Expenses": 1650243.0,
        "Total Operating Income As Reported": -1583437.0,
        "Diluted Average Shares": 3518625.0,
        "Basic Average Shares": 3518625.0,
        "Diluted EPS": -0.39,
        "Basic EPS": -0.39,
        "Diluted NI Availto Com Stockholders": -1366684.0,
        "Net Income Common Stockholders": -1366684.0,
        "Net Income": -1366684.0,
        "Net Income Including Noncontrolling Interests": -1366684.0,
        "Net Income Continuous Operations": -1366684.0,
        "Pretax Income": -1366684.0,
        "Other Income Expense": 209716.0,
        "Other Non Operating Income Expenses": 209716.0,
        "Gain On Sale Of Security": NaN,
        "Net Non Operating Interest Income Expense": 7037.0,
        "Interest Expense Non Operating": 0.0,
        "Interest Income Non Operating": 7037.0,
        "Operating Income": -1583437.0,
        "Operating Expense": 1644885.0,
        "Other Taxes": 0.0,
        "Selling General And Administration": 1644885.0,
        "Selling And Marketing Expense": 602.0,
        "General And Administrative Expense": 1644283.0,
        "Other Gand A": 1644283.0,
        "Gross Profit": 61448.0,
        "Cost Of Revenue": 5358.0,
        "Total Revenue": 66806.0,
        "Operating Revenue": 66806.0
    },
    "2025-03-31": {
        "Tax Effect Of Unusual Items": 0.0,
        "Tax Rate For Calcs": 0.0,
        "Normalized EBITDA": -777901.0,
        "Total Unusual Items": 10764.0,
        "Total Unusual Items Excluding Goodwill": 10764.0,
        "Net Income From Continuing Operation Net Minority Interest": -842994.0,
        "Reconciled Depreciation": 54863.0,
        "Reconciled Cost Of Revenue": 14301.0,
        "EBITDA": -767137.0,
        "EBIT": -822000.0,
        "Net Interest Income": -17410.0,
        "Interest Expense": 20994.0,
        "Interest Income": 3584.0,
        "Normalized Income": -853758.0,
        "Net Income From Continuing And Discontinued Operation": -842994.0,
        "Total Expenses": 984706.0,
        "Total Operating Income As Reported": -836348.0,
        "Diluted Average Shares": 1923308.0,
        "Basic Average Shares": 1893127.0,
        "Diluted EPS": -0.45,
        "Basic EPS": -0.45,
        "Diluted NI Availto Com Stockholders": -842994.0,
        "Net Income Common Stockholders": -842994.0,
        "Net Income": -842994.0,
        "Net Income Including Noncontrolling Interests": -842994.0,
        "Net Income Continuous Operations": -842994.0,
        "Pretax Income": -842994.0,
        "Other Income Expense": 10764.0,
        "Other Non Operating Income Expenses": NaN,
        "Gain On Sale Of Security": 10764.0,
        "Net Non Operating Interest Income Expense": -17410.0,
        "Interest Expense Non Operating": 20994.0,
        "Interest Income Non Operating": 3584.0,
        "Operating Income": -836348.0,
        "Operating Expense": 970405.0,
        "Other Taxes": 0.0,
        "Selling General And Administration": 970405.0,
        "Selling And Marketing Expense": 536.0,
        "General And Administrative Expense": 969869.0,
        "Other Gand A": 969869.0,
        "Gross Profit": 134057.0,
        "Cost Of Revenue": 14301.0,
        "Total Revenue": 148358.0,
        "Operating Revenue": 148358.0
    },
    "2024-12-31": {
        "Tax Effect Of Unusual Items": 0.0,
        "Tax Rate For Calcs": 0.0,
        "Normalized EBITDA": -2663716.0,
        "Total Unusual Items": NaN,
        "Total Unusual Items Excluding Goodwill": NaN,
        "Net Income From Continuing Operation Net Minority Interest": -3313171.0,
        "Reconciled Depreciation": 61873.0,
        "Reconciled Cost Of Revenue": 39348.0,
        "EBITDA": -2663716.0,
        "EBIT": -2725589.0,
        "Net Interest Income": -587582.0,
        "Interest Expense": 587582.0,
        "Interest Income": 0.0,
        "Normalized Income": -3313171.0,
        "Net Income From Continuing And Discontinued Operation": -3313171.0,
        "Total Expenses": 3178513.0,
        "Total Operating Income As Reported": -2960343.0,
        "Diluted Average Shares": NaN,
        "Basic Average Shares": NaN,
        "Diluted EPS": NaN,
        "Basic EPS": NaN,
        "Diluted NI Availto Com Stockholders": -3313171.0,
        "Net Income Common Stockholders": -3313171.0,
        "Net Income": -3313171.0,
        "Net Income Including Noncontrolling Interests": -3313171.0,
        "Net Income Continuous Operations": -3313171.0,
        "Pretax Income": -3313171.0,
        "Other Income Expense": 332325.0,
        "Other Non Operating Income Expenses": 0.0,
        "Gain On Sale Of Security": NaN,
        "Net Non Operating Interest Income Expense": -587582.0,
        "Interest Expense Non Operating": 587582.0,
        "Interest Income Non Operating": 0.0,
        "Operating Income": -3057914.0,
        "Operating Expense": 3139165.0,
        "Other Taxes": 97571.0,
        "Selling General And Administration": 3041594.0,
        "Selling And Marketing Expense": 2524.0,
        "General And Administrative Expense": 3039070.0,
        "Other Gand A": 3039070.0,
        "Gross Profit": 81251.0,
        "Cost Of Revenue": 39348.0,
        "Total Revenue": 120599.0,
        "Operating Revenue": 120599.0
    },
    "2024-09-30": {
        "Tax Effect Of Unusual Items": 0.0,
        "Tax Rate For Calcs": 0.0,
        "Normalized EBITDA": -1316331.0,
        "Total Unusual Items": NaN,
        "Total Unusual Items Excluding Goodwill": NaN,
        "Net Income From Continuing Operation Net Minority Interest": -1602053.0,
        "Reconciled Depreciation": 121014.0,
        "Reconciled Cost Of Revenue": 30259.0,
        "EBITDA": -1316331.0,
        "EBIT": -1437345.0,
        "Net Interest Income": -164708.0,
        "Interest Expense": 164708.0,
        "Interest Income": -43955.0,
        "Normalized Income": -1602053.0,
        "Net Income From Continuing And Discontinued Operation": -1602053.0,
        "Total Expenses": 1492708.0,
        "Total Operating Income As Reported": -1437345.0,
        "Diluted Average Shares": 365792.0,
        "Basic Average Shares": 365792.0,
        "Diluted EPS": -4.38,
        "Basic EPS": -4.38,
        "Diluted NI Availto Com Stockholders": -1602053.0,
        "Net Income Common Stockholders": -1602053.0,
        "Net Income": -1602053.0,
        "Net Income Including Noncontrolling Interests": -1602053.0,
        "Net Income Continuous Operations": -1602053.0,
        "Pretax Income": -1602053.0,
        "Other Income Expense": NaN,
        "Other Non Operating Income Expenses": NaN,
        "Gain On Sale Of Security": NaN,
        "Net Non Operating Interest Income Expense": -164708.0,
        "Interest Expense Non Operating": 164708.0,
        "Interest Income Non Operating": -43955.0,
        "Operating Income": -1437345.0,
        "Operating Expense": 1462449.0,
        "Other Taxes": 0.0,
        "Selling General And Administration": 1462449.0,
        "Selling And Marketing Expense": -1319.0,
        "General And Administrative Expense": 1463768.0,
        "Other Gand A": 1463768.0,
        "Gross Profit": 25104.0,
        "Cost Of Revenue": 30259.0,
        "Total Revenue": 55363.0,
        "Operating Revenue": 55363.0
    },
    "2024-06-30": {
        "Tax Effect Of Unusual Items": NaN,
        "Tax Rate For Calcs": NaN,
        "Normalized EBITDA": NaN,
        "Total Unusual Items": NaN,
        "Total Unusual Items Excluding Goodwill": NaN,
        "Net Income From Continuing Operation Net Minority Interest": NaN,
        "Reconciled Depreciation": NaN,
        "Reconciled Cost Of Revenue": NaN,
        "EBITDA": NaN,
        "EBIT": NaN,
        "Net Interest Income": NaN,
        "Interest Expense": 41156.0,
        "Interest Income": NaN,
        "Normalized Income": NaN,
        "Net Income From Continuing And Discontinued Operation": NaN,
        "Total Expenses": NaN,
        "Total Operating Income As Reported": NaN,
        "Diluted Average Shares": 309228.0,
        "Basic Average Shares": 309228.0,
        "Diluted EPS": -4.25,
        "Basic EPS": -4.25,
        "Diluted NI Availto Com Stockholders": NaN,
        "Net Income Common Stockholders": NaN,
        "Net Income": NaN,
        "Net Income Including Noncontrolling Interests": NaN,
        "Net Income Continuous Operations": NaN,
        "Pretax Income": NaN,
        "Other Income Expense": -190055.0,
        "Other Non Operating Income Expenses": -190055.0,
        "Gain On Sale Of Security": NaN,
        "Net Non Operating Interest Income Expense": NaN,
        "Interest Expense Non Operating": 41156.0,
        "Interest Income Non Operating": NaN,
        "Operating Income": NaN,
        "Operating Expense": NaN,
        "Other Taxes": NaN,
        "Selling General And Administration": NaN,
        "Selling And Marketing Expense": NaN,
        "General And Administrative Expense": NaN,
        "Other Gand A": NaN,
        "Gross Profit": NaN,
        "Cost Of Revenue": NaN,
        "Total Revenue": NaN,
        "Operating Revenue": NaN
    },
    "2024-03-31": {
        "Tax Effect Of Unusual Items": NaN,
        "Tax Rate For Calcs": NaN,
        "Normalized EBITDA": NaN,
        "Total Unusual Items": NaN,
        "Total Unusual Items Excluding Goodwill": NaN,
        "Net Income From Continuing Operation Net Minority Interest": NaN,
        "Reconciled Depreciation": NaN,
        "Reconciled Cost Of Revenue": NaN,
        "EBITDA": NaN,
        "EBIT": NaN,
        "Net Interest Income": NaN,
        "Interest Expense": NaN,
        "Interest Income": NaN,
        "Normalized Income": NaN,
        "Net Income From Continuing And Discontinued Operation": NaN,
        "Total Expenses": NaN,
        "Total Operating Income As Reported": NaN,
        "Diluted Average Shares": NaN,
        "Basic Average Shares": NaN,
        "Diluted EPS": NaN,
        "Basic EPS": NaN,
        "Diluted NI Availto Com Stockholders": NaN,
        "Net Income Common Stockholders": NaN,
        "Net Income": NaN,
        "Net Income Including Noncontrolling Interests": NaN,
        "Net Income Continuous Operations": NaN,
        "Pretax Income": NaN,
        "Other Income Expense": NaN,
        "Other Non Operating Income Expenses": -505712.0,
        "Gain On Sale Of Security": NaN,
        "Net Non Operating Interest Income Expense": NaN,
        "Interest Expense Non Operating": NaN,
        "Interest Income Non Operating": NaN,
        "Operating Income": NaN,
        "Operating Expense": NaN,
        "Other Taxes": NaN,
        "Selling General And Administration": NaN,
        "Selling And Marketing Expense": NaN,
        "General And Administrative Expense": NaN,
        "Other Gand A": NaN,
        "Gross Profit": NaN,
        "Cost Of Revenue": NaN,
        "Total Revenue": NaN,
        "Operating Revenue": NaN
    },
    "2023-12-31": {
        "Tax Effect Of Unusual Items": NaN,
        "Tax Rate For Calcs": NaN,
        "Normalized EBITDA": NaN,
        "Total Unusual Items": NaN,
        "Total Unusual Items Excluding Goodwill": NaN,
        "Net Income From Continuing Operation Net Minority Interest": NaN,
        "Reconciled Depreciation": NaN,
        "Reconciled Cost Of Revenue": NaN,
        "EBITDA": NaN,
        "EBIT": NaN,
        "Net Interest Income": NaN,
        "Interest Expense": NaN,
        "Interest Income": NaN,
        "Normalized Income": NaN,
        "Net Income From Continuing And Discontinued Operation": NaN,
        "Total Expenses": NaN,
        "Total Operating Income As Reported": NaN,
        "Diluted Average Shares": NaN,
        "Basic Average Shares": NaN,
        "Diluted EPS": NaN,
        "Basic EPS": NaN,
        "Diluted NI Availto Com Stockholders": NaN,
        "Net Income Common Stockholders": NaN,
        "Net Income": NaN,
        "Net Income Including Noncontrolling Interests": NaN,
        "Net Income Continuous Operations": NaN,
        "Pretax Income": NaN,
        "Other Income Expense": NaN,
        "Other Non Operating Income Expenses": 12164.0,
        "Gain On Sale Of Security": NaN,
        "Net Non Operating Interest Income Expense": NaN,
        "Interest Expense Non Operating": NaN,
        "Interest Income Non Operating": NaN,
        "Operating Income": NaN,
        "Operating Expense": NaN,
        "Other Taxes": NaN,
        "Selling General And Administration": NaN,
        "Selling And Marketing Expense": NaN,
        "General And Administrative Expense": NaN,
        "Other Gand A": NaN,
        "Gross Profit": NaN,
        "Cost Of Revenue": NaN,
        "Total Revenue": NaN,
        "Operating Revenue": NaN
    },
    "2025-09-30": {
        "Tax Effect Of Unusual Items": 0.0,
        "Tax Rate For Calcs": 0.0,
        "Normalized EBITDA": -813698.0,
        "Total Unusual Items": NaN,
        "Total Unusual Items Excluding Goodwill": NaN,
        "Net Income From Continuing Operation Net Minority Interest": -566401.0,
        "Reconciled Depreciation": 54863.0,
        "Reconciled Cost Of Revenue": 8642.0,
        "EBITDA": -813698.0,
        "EBIT": -868561.0,
        "Net Interest Income": 2791.0,
        "Interest Expense": NaN,
        "Interest Income": 2791.0,
        "Normalized Income": -566401.0,
        "Net Income From Continuing And Discontinued Operation": -566401.0,
        "Total Expenses": 899142.0,
        "Total Operating Income As Reported": -868561.0,
        "Diluted Average Shares": 3934738.0,
        "Basic Average Shares": 3934738.0,
        "Diluted EPS": -0.14,
        "Basic EPS": -0.14,
        "Diluted NI Availto Com Stockholders": -566401.0,
        "Net Income Common Stockholders": -566401.0,
        "Net Income": -566401.0,
        "Net Income Including Noncontrolling Interests": -566401.0,
        "Net Income Continuous Operations": -566401.0,
        "Pretax Income": -566401.0,
        "Other Income Expense": 299369.0,
        "Other Non Operating Income Expenses": 299369.0,
        "Gain On Sale Of Security": NaN,
        "Net Non Operating Interest Income Expense": 2791.0,
        "Interest Expense Non Operating": NaN,
        "Interest Income Non Operating": 2791.0,
        "Operating Income": -868561.0,
        "Operating Expense": 890500.0,
        "Other Taxes": 0.0,
        "Selling General And Administration": 890500.0,
        "Selling And Marketing Expense": 3594.0,
        "General And Administrative Expense": 886906.0,
        "Other Gand A": 886906.0,
        "Gross Profit": 21939.0,
        "Cost Of Revenue": 8642.0,
        "Total Revenue": 30581.0,
        "Operating Revenue": 30581.0
    }
}