{
    "2023-03-31": {
        "Tax Effect Of Unusual Items": NaN,
        "Tax Rate For Calcs": NaN,
        "Normalized EBITDA": NaN,
        "Total Unusual Items": -153762000.0,
        "Total Unusual Items Excluding Goodwill": -153762000.0,
        "Net Income From Continuing Operation Net Minority Interest": NaN,
        "Reconciled Cost Of Revenue": NaN,
        "EBITDA": NaN,
        "EBIT": NaN,
        "Net Interest Income": 58409000.0,
        "Interest Expense": 10389000.0,
        "Interest Income": 68798000.0,
        "Normalized Income": NaN,
        "Net Income From Continuing And Discontinued Operation": NaN,
        "Total Expenses": NaN,
        "Total Operating Income As Reported": NaN,
        "Diluted Average Shares": 598691484.0,
        "Basic Average Shares": 563558642.0,
        "Diluted EPS": 0.15,
        "Basic EPS": 0.16,
        "Diluted NI Availto Com Stockholders": NaN,
        "Net Income Common Stockholders": NaN,
        "Net Income": NaN,
        "Minority Interests": 783000.0,
        "Net Income Including Noncontrolling Interests": NaN,
        "Net Income Continuous Operations": NaN,
        "Earnings From Equity Interest Net Of Tax": NaN,
        "Tax Provision": NaN,
        "Pretax Income": NaN,
        "Other Income Expense": NaN,
        "Other Non Operating Income Expenses": NaN,
        "Special Income Charges": -117875000.0,
        "Other Special Charges": NaN,
        "Impairment Of Capital Assets": 117875000.0,
        "Gain On Sale Of Security": -35887000.0,
        "Net Non Operating Interest Income Expense": 58409000.0,
        "Interest Expense Non Operating": 10389000.0,
        "Interest Income Non Operating": 68798000.0,
        "Operating Income": NaN,
        "Operating Expense": NaN,
        "Other Operating Expenses": NaN,
        "Provision For Doubtful Accounts": NaN,
        "Research And Development": NaN,
        "Selling General And Administration": NaN,
        "Selling And Marketing Expense": NaN,
        "General And Administrative Expense": NaN,
        "Other Gand A": NaN,
        "Gross Profit": NaN,
        "Cost Of Revenue": NaN,
        "Total Revenue": NaN,
        "Operating Revenue": NaN
    },
    "2022-12-31": {
        "Tax Effect Of Unusual Items": NaN,
        "Tax Rate For Calcs": NaN,
        "Normalized EBITDA": NaN,
        "Total Unusual Items": NaN,
        "Total Unusual Items Excluding Goodwill": NaN,
        "Net Income From Continuing Operation Net Minority Interest": NaN,
        "Reconciled Cost Of Revenue": NaN,
        "EBITDA": NaN,
        "EBIT": NaN,
        "Net Interest Income": NaN,
        "Interest Expense": NaN,
        "Interest Income": NaN,
        "Normalized Income": NaN,
        "Net Income From Continuing And Discontinued Operation": NaN,
        "Total Expenses": NaN,
        "Total Operating Income As Reported": NaN,
        "Diluted Average Shares": 611938691.0,
        "Basic Average Shares": 560326301.0,
        "Diluted EPS": 0.72,
        "Basic EPS": 0.76,
        "Diluted NI Availto Com Stockholders": NaN,
        "Net Income Common Stockholders": NaN,
        "Net Income": NaN,
        "Minority Interests": NaN,
        "Net Income Including Noncontrolling Interests": NaN,
        "Net Income Continuous Operations": NaN,
        "Earnings From Equity Interest Net Of Tax": NaN,
        "Tax Provision": NaN,
        "Pretax Income": NaN,
        "Other Income Expense": NaN,
        "Other Non Operating Income Expenses": NaN,
        "Special Income Charges": NaN,
        "Other Special Charges": NaN,
        "Impairment Of Capital Assets": NaN,
        "Gain On Sale Of Security": NaN,
        "Net Non Operating Interest Income Expense": NaN,
        "Interest Expense Non Operating": NaN,
        "Interest Income Non Operating": NaN,
        "Operating Income": NaN,
        "Operating Expense": NaN,
        "Other Operating Expenses": NaN,
        "Provision For Doubtful Accounts": NaN,
        "Research And Development": NaN,
        "Selling General And Administration": NaN,
        "Selling And Marketing Expense": NaN,
        "General And Administrative Expense": NaN,
        "Other Gand A": NaN,
        "Gross Profit": NaN,
        "Cost Of Revenue": NaN,
        "Total Revenue": NaN,
        "Operating Revenue": NaN
    },
    "2022-09-30": {
        "Tax Effect Of Unusual Items": NaN,
        "Tax Rate For Calcs": NaN,
        "Normalized EBITDA": NaN,
        "Total Unusual Items": NaN,
        "Total Unusual Items Excluding Goodwill": NaN,
        "Net Income From Continuing Operation Net Minority Interest": NaN,
        "Reconciled Cost Of Revenue": NaN,
        "EBITDA": NaN,
        "EBIT": NaN,
        "Net Interest Income": NaN,
        "Interest Expense": NaN,
        "Interest Income": NaN,
        "Normalized Income": NaN,
        "Net Income From Continuing And Discontinued Operation": NaN,
        "Total Expenses": NaN,
        "Total Operating Income As Reported": NaN,
        "Diluted Average Shares": NaN,
        "Basic Average Shares": NaN,
        "Diluted EPS": NaN,
        "Basic EPS": NaN,
        "Diluted NI Availto Com Stockholders": NaN,
        "Net Income Common Stockholders": NaN,
        "Net Income": NaN,
        "Minority Interests": NaN,
        "Net Income Including Noncontrolling Interests": NaN,
        "Net Income Continuous Operations": NaN,
        "Earnings From Equity Interest Net Of Tax": NaN,
        "Tax Provision": NaN,
        "Pretax Income": NaN,
        "Other Income Expense": NaN,
        "Other Non Operating Income Expenses": -9173000.0,
        "Special Income Charges": NaN,
        "Other Special Charges": NaN,
        "Impairment Of Capital Assets": NaN,
        "Gain On Sale Of Security": NaN,
        "Net Non Operating Interest Income Expense": NaN,
        "Interest Expense Non Operating": NaN,
        "Interest Income Non Operating": NaN,
        "Operating Income": NaN,
        "Operating Expense": NaN,
        "Other Operating Expenses": NaN,
        "Provision For Doubtful Accounts": NaN,
        "Research And Development": NaN,
        "Selling General And Administration": NaN,
        "Selling And Marketing Expense": NaN,
        "General And Administrative Expense": NaN,
        "Other Gand A": NaN,
        "Gross Profit": NaN,
        "Cost Of Revenue": NaN,
        "Total Revenue": NaN,
        "Operating Revenue": NaN
    },
    "2022-06-30": {
        "Tax Effect Of Unusual Items": -70912000.0,
        "Tax Rate For Calcs": 0.4,
        "Normalized EBITDA": -482136000.0,
        "Total Unusual Items": -177280000.0,
        "Total Unusual Items Excluding Goodwill": -177280000.0,
        "Net Income From Continuing Operation Net Minority Interest": -931199000.0,
        "Reconciled Cost Of Revenue": 1852381000.0,
        "EBITDA": -659416000.0,
        "EBIT": -659416000.0,
        "Net Interest Income": NaN,
        "Interest Expense": NaN,
        "Interest Income": NaN,
        "Normalized Income": -824831000.0,
        "Net Income From Continuing And Discontinued Operation": -931199000.0,
        "Total Expenses": 3602015000.0,
        "Total Operating Income As Reported": -836696000.0,
        "Diluted Average Shares": 561737960.0,
        "Basic Average Shares": 561737960.0,
        "Diluted EPS": -1.657711,
        "Basic EPS": -1.657711,
        "Diluted NI Availto Com Stockholders": -931199000.0,
        "Net Income Common Stockholders": -931199000.0,
        "Net Income": -931199000.0,
        "Minority Interests": NaN,
        "Net Income Including Noncontrolling Interests": -931199000.0,
        "Net Income Continuous Operations": -931199000.0,
        "Earnings From Equity Interest Net Of Tax": 3033000.0,
        "Tax Provision": 64771000.0,
        "Pretax Income": -869461000.0,
        "Other Income Expense": -210045000.0,
        "Other Non Operating Income Expenses": -32765000.0,
        "Special Income Charges": -177280000.0,
        "Other Special Charges": NaN,
        "Impairment Of Capital Assets": 177280000.0,
        "Gain On Sale Of Security": NaN,
        "Net Non Operating Interest Income Expense": NaN,
        "Interest Expense Non Operating": NaN,
        "Interest Income Non Operating": NaN,
        "Operating Income": -659416000.0,
        "Operating Expense": 1749634000.0,
        "Other Operating Expenses": -71104000.0,
        "Provision For Doubtful Accounts": NaN,
        "Research And Development": 370926000.0,
        "Selling General And Administration": 1449812000.0,
        "Selling And Marketing Expense": 973767000.0,
        "General And Administrative Expense": 476045000.0,
        "Other Gand A": 476045000.0,
        "Gross Profit": 1090218000.0,
        "Cost Of Revenue": 1852381000.0,
        "Total Revenue": 2942599000.0,
        "Operating Revenue": 2942599000.0
    },
    "2023-06-30": {
        "Tax Effect Of Unusual Items": NaN,
        "Tax Rate For Calcs": NaN,
        "Normalized EBITDA": NaN,
        "Total Unusual Items": 34421000.0,
        "Total Unusual Items Excluding Goodwill": 34421000.0,
        "Net Income From Continuing Operation Net Minority Interest": NaN,
        "Reconciled Cost Of Revenue": NaN,
        "EBITDA": NaN,
        "EBIT": NaN,
        "Net Interest Income": 73144000.0,
        "Interest Expense": 10384000.0,
        "Interest Income": 83528000.0,
        "Normalized Income": NaN,
        "Net Income From Continuing And Discontinued Operation": NaN,
        "Total Expenses": NaN,
        "Total Operating Income As Reported": NaN,
        "Diluted Average Shares": NaN,
        "Basic Average Shares": NaN,
        "Diluted EPS": NaN,
        "Basic EPS": NaN,
        "Diluted NI Availto Com Stockholders": NaN,
        "Net Income Common Stockholders": NaN,
        "Net Income": NaN,
        "Minority Interests": -9378000.0,
        "Net Income Including Noncontrolling Interests": NaN,
        "Net Income Continuous Operations": NaN,
        "Earnings From Equity Interest Net Of Tax": NaN,
        "Tax Provision": NaN,
        "Pretax Income": NaN,
        "Other Income Expense": NaN,
        "Other Non Operating Income Expenses": NaN,
        "Special Income Charges": 0.0,
        "Other Special Charges": NaN,
        "Impairment Of Capital Assets": 0.0,
        "Gain On Sale Of Security": 34421000.0,
        "Net Non Operating Interest Income Expense": 73144000.0,
        "Interest Expense Non Operating": 10384000.0,
        "Interest Income Non Operating": 83528000.0,
        "Operating Income": NaN,
        "Operating Expense": NaN,
        "Other Operating Expenses": NaN,
        "Provision For Doubtful Accounts": NaN,
        "Research And Development": NaN,
        "Selling General And Administration": NaN,
        "Selling And Marketing Expense": NaN,
        "General And Administrative Expense": NaN,
        "Other Gand A": NaN,
        "Gross Profit": NaN,
        "Cost Of Revenue": NaN,
        "Total Revenue": NaN,
        "Operating Revenue": NaN
    },
    "2023-09-30": {
        "Tax Effect Of Unusual Items": NaN,
        "Tax Rate For Calcs": NaN,
        "Normalized EBITDA": NaN,
        "Total Unusual Items": NaN,
        "Total Unusual Items Excluding Goodwill": NaN,
        "Net Income From Continuing Operation Net Minority Interest": NaN,
        "Reconciled Cost Of Revenue": NaN,
        "EBITDA": NaN,
        "EBIT": NaN,
        "Net Interest Income": NaN,
        "Interest Expense": NaN,
        "Interest Income": NaN,
        "Normalized Income": NaN,
        "Net Income From Continuing And Discontinued Operation": NaN,
        "Total Expenses": NaN,
        "Total Operating Income As Reported": NaN,
        "Diluted Average Shares": NaN,
        "Basic Average Shares": NaN,
        "Diluted EPS": NaN,
        "Basic EPS": NaN,
        "Diluted NI Availto Com Stockholders": NaN,
        "Net Income Common Stockholders": NaN,
        "Net Income": NaN,
        "Minority Interests": NaN,
        "Net Income Including Noncontrolling Interests": NaN,
        "Net Income Continuous Operations": NaN,
        "Earnings From Equity Interest Net Of Tax": NaN,
        "Tax Provision": NaN,
        "Pretax Income": NaN,
        "Other Income Expense": NaN,
        "Other Non Operating Income Expenses": 45875000.0,
        "Special Income Charges": NaN,
        "Other Special Charges": NaN,
        "Impairment Of Capital Assets": NaN,
        "Gain On Sale Of Security": NaN,
        "Net Non Operating Interest Income Expense": NaN,
        "Interest Expense Non Operating": NaN,
        "Interest Income Non Operating": NaN,
        "Operating Income": NaN,
        "Operating Expense": NaN,
        "Other Operating Expenses": NaN,
        "Provision For Doubtful Accounts": NaN,
        "Research And Development": NaN,
        "Selling General And Administration": NaN,
        "Selling And Marketing Expense": NaN,
        "General And Administrative Expense": NaN,
        "Other Gand A": NaN,
        "Gross Profit": NaN,
        "Cost Of Revenue": NaN,
        "Total Revenue": NaN,
        "Operating Revenue": NaN
    },
    "2023-12-31": {
        "Tax Effect Of Unusual Items": NaN,
        "Tax Rate For Calcs": NaN,
        "Normalized EBITDA": NaN,
        "Total Unusual Items": NaN,
        "Total Unusual Items Excluding Goodwill": NaN,
        "Net Income From Continuing Operation Net Minority Interest": NaN,
        "Reconciled Cost Of Revenue": NaN,
        "EBITDA": NaN,
        "EBIT": NaN,
        "Net Interest Income": NaN,
        "Interest Expense": NaN,
        "Interest Income": NaN,
        "Normalized Income": NaN,
        "Net Income From Continuing And Discontinued Operation": NaN,
        "Total Expenses": NaN,
        "Total Operating Income As Reported": NaN,
        "Diluted Average Shares": 569527667.0,
        "Basic Average Shares": 569527667.0,
        "Diluted EPS": -0.19,
        "Basic EPS": -0.19,
        "Diluted NI Availto Com Stockholders": NaN,
        "Net Income Common Stockholders": NaN,
        "Net Income": NaN,
        "Minority Interests": NaN,
        "Net Income Including Noncontrolling Interests": NaN,
        "Net Income Continuous Operations": NaN,
        "Earnings From Equity Interest Net Of Tax": NaN,
        "Tax Provision": NaN,
        "Pretax Income": NaN,
        "Other Income Expense": NaN,
        "Other Non Operating Income Expenses": NaN,
        "Special Income Charges": NaN,
        "Other Special Charges": NaN,
        "Impairment Of Capital Assets": 0.0,
        "Gain On Sale Of Security": NaN,
        "Net Non Operating Interest Income Expense": NaN,
        "Interest Expense Non Operating": NaN,
        "Interest Income Non Operating": NaN,
        "Operating Income": NaN,
        "Operating Expense": NaN,
        "Other Operating Expenses": NaN,
        "Provision For Doubtful Accounts": NaN,
        "Research And Development": NaN,
        "Selling General And Administration": NaN,
        "Selling And Marketing Expense": NaN,
        "General And Administrative Expense": NaN,
        "Other Gand A": NaN,
        "Gross Profit": NaN,
        "Cost Of Revenue": NaN,
        "Total Revenue": NaN,
        "Operating Revenue": NaN
    },
    "2024-03-31": {
        "Tax Effect Of Unusual Items": NaN,
        "Tax Rate For Calcs": NaN,
        "Normalized EBITDA": NaN,
        "Total Unusual Items": -94938000.0,
        "Total Unusual Items Excluding Goodwill": -94938000.0,
        "Net Income From Continuing Operation Net Minority Interest": NaN,
        "Reconciled Cost Of Revenue": NaN,
        "EBITDA": NaN,
        "EBIT": NaN,
        "Net Interest Income": 77397000.0,
        "Interest Expense": 9718000.0,
        "Interest Income": 87115000.0,
        "Normalized Income": NaN,
        "Net Income From Continuing And Discontinued Operation": NaN,
        "Total Expenses": NaN,
        "Total Operating Income As Reported": NaN,
        "Diluted Average Shares": 570937761.0,
        "Basic Average Shares": 570937761.0,
        "Diluted EPS": -0.04,
        "Basic EPS": -0.04,
        "Diluted NI Availto Com Stockholders": NaN,
        "Net Income Common Stockholders": NaN,
        "Net Income": NaN,
        "Minority Interests": -663000.0,
        "Net Income Including Noncontrolling Interests": NaN,
        "Net Income Continuous Operations": NaN,
        "Earnings From Equity Interest Net Of Tax": NaN,
        "Tax Provision": NaN,
        "Pretax Income": NaN,
        "Other Income Expense": NaN,
        "Other Non Operating Income Expenses": NaN,
        "Special Income Charges": 27112000.0,
        "Other Special Charges": -27112000.0,
        "Impairment Of Capital Assets": 0.0,
        "Gain On Sale Of Security": -122050000.0,
        "Net Non Operating Interest Income Expense": 77397000.0,
        "Interest Expense Non Operating": 9718000.0,
        "Interest Income Non Operating": 87115000.0,
        "Operating Income": NaN,
        "Operating Expense": NaN,
        "Other Operating Expenses": NaN,
        "Provision For Doubtful Accounts": NaN,
        "Research And Development": NaN,
        "Selling General And Administration": NaN,
        "Selling And Marketing Expense": NaN,
        "General And Administrative Expense": NaN,
        "Other Gand A": NaN,
        "Gross Profit": NaN,
        "Cost Of Revenue": NaN,
        "Total Revenue": NaN,
        "Operating Revenue": NaN
    },
    "2024-06-30": {
        "Tax Effect Of Unusual Items": NaN,
        "Tax Rate For Calcs": NaN,
        "Normalized EBITDA": NaN,
        "Total Unusual Items": -25283000.0,
        "Total Unusual Items Excluding Goodwill": -25283000.0,
        "Net Income From Continuing Operation Net Minority Interest": NaN,
        "Reconciled Cost Of Revenue": NaN,
        "EBITDA": NaN,
        "EBIT": NaN,
        "Net Interest Income": 81697000.0,
        "Interest Expense": 9688000.0,
        "Interest Income": 91385000.0,
        "Normalized Income": NaN,
        "Net Income From Continuing And Discontinued Operation": NaN,
        "Total Expenses": NaN,
        "Total Operating Income As Reported": NaN,
        "Diluted Average Shares": NaN,
        "Basic Average Shares": NaN,
        "Diluted EPS": NaN,
        "Basic EPS": NaN,
        "Diluted NI Availto Com Stockholders": NaN,
        "Net Income Common Stockholders": NaN,
        "Net Income": NaN,
        "Minority Interests": 1953000.0,
        "Net Income Including Noncontrolling Interests": NaN,
        "Net Income Continuous Operations": NaN,
        "Earnings From Equity Interest Net Of Tax": NaN,
        "Tax Provision": NaN,
        "Pretax Income": NaN,
        "Other Income Expense": NaN,
        "Other Non Operating Income Expenses": NaN,
        "Special Income Charges": 4897000.0,
        "Other Special Charges": -4897000.0,
        "Impairment Of Capital Assets": 0.0,
        "Gain On Sale Of Security": -30180000.0,
        "Net Non Operating Interest Income Expense": 81697000.0,
        "Interest Expense Non Operating": 9688000.0,
        "Interest Income Non Operating": 91385000.0,
        "Operating Income": NaN,
        "Operating Expense": NaN,
        "Other Operating Expenses": NaN,
        "Provision For Doubtful Accounts": NaN,
        "Research And Development": NaN,
        "Selling General And Administration": NaN,
        "Selling And Marketing Expense": NaN,
        "General And Administrative Expense": NaN,
        "Other Gand A": NaN,
        "Gross Profit": NaN,
        "Cost Of Revenue": NaN,
        "Total Revenue": NaN,
        "Operating Revenue": NaN
    },
    "2024-09-30": {
        "Tax Effect Of Unusual Items": 0.0,
        "Tax Rate For Calcs": 0.367524,
        "Normalized EBITDA": 202415000.0,
        "Total Unusual Items": NaN,
        "Total Unusual Items Excluding Goodwill": NaN,
        "Net Income From Continuing Operation Net Minority Interest": 153324000.0,
        "Reconciled Cost Of Revenue": 2467172000.0,
        "EBITDA": 202415000.0,
        "EBIT": 202415000.0,
        "Net Interest Income": NaN,
        "Interest Expense": NaN,
        "Interest Income": NaN,
        "Normalized Income": 153324000.0,
        "Net Income From Continuing And Discontinued Operation": 153324000.0,
        "Total Expenses": 4125818000.0,
        "Total Operating Income As Reported": 202415000.0,
        "Diluted Average Shares": 638850000.0,
        "Basic Average Shares": 589707692.0,
        "Diluted EPS": 0.24,
        "Basic EPS": 0.26,
        "Diluted NI Availto Com Stockholders": 153324000.0,
        "Net Income Common Stockholders": 153324000.0,
        "Net Income": 153324000.0,
        "Minority Interests": NaN,
        "Net Income Including Noncontrolling Interests": 153324000.0,
        "Net Income Continuous Operations": 153324000.0,
        "Earnings From Equity Interest Net Of Tax": -6029000.0,
        "Tax Provision": 92598000.0,
        "Pretax Income": 251951000.0,
        "Other Income Expense": 49536000.0,
        "Other Non Operating Income Expenses": 49536000.0,
        "Special Income Charges": NaN,
        "Other Special Charges": NaN,
        "Impairment Of Capital Assets": NaN,
        "Gain On Sale Of Security": NaN,
        "Net Non Operating Interest Income Expense": NaN,
        "Interest Expense Non Operating": NaN,
        "Interest Income Non Operating": NaN,
        "Operating Income": 202415000.0,
        "Operating Expense": 1658646000.0,
        "Other Operating Expenses": -40647000.0,
        "Provision For Doubtful Accounts": 211991000.0,
        "Research And Development": 301990000.0,
        "Selling General And Administration": 1185312000.0,
        "Selling And Marketing Expense": 878557000.0,
        "General And Administrative Expense": 306755000.0,
        "Other Gand A": 306755000.0,
        "Gross Profit": 1861061000.0,
        "Cost Of Revenue": 2467172000.0,
        "Total Revenue": 4328233000.0,
        "Operating Revenue": 4328233000.0
    },
    "2024-12-31": {
        "Tax Effect Of Unusual Items": -15081289.403634,
        "Tax Rate For Calcs": 0.267081,
        "Normalized EBITDA": 399721000.0,
        "Total Unusual Items": -56467000.0,
        "Total Unusual Items Excluding Goodwill": -56467000.0,
        "Net Income From Continuing Operation Net Minority Interest": 237308000.0,
        "Reconciled Cost Of Revenue": 2744976000.0,
        "EBITDA": 343254000.0,
        "EBIT": 343254000.0,
        "Net Interest Income": 84689000.0,
        "Interest Expense": 9281000.0,
        "Interest Income": 93970000.0,
        "Normalized Income": 278693710.596366,
        "Net Income From Continuing And Discontinued Operation": 237308000.0,
        "Total Expenses": 4644685000.0,
        "Total Operating Income As Reported": 305751000.0,
        "Diluted Average Shares": 610136776.0,
        "Basic Average Shares": 580046457.0,
        "Diluted EPS": 0.39,
        "Basic EPS": 0.41,
        "Diluted NI Availto Com Stockholders": 237308000.0,
        "Net Income Common Stockholders": 237308000.0,
        "Net Income": 237308000.0,
        "Minority Interests": -284000.0,
        "Net Income Including Noncontrolling Interests": 237592000.0,
        "Net Income Continuous Operations": 237592000.0,
        "Earnings From Equity Interest Net Of Tax": -7183000.0,
        "Tax Provision": 89198000.0,
        "Pretax Income": 333973000.0,
        "Other Income Expense": -56467000.0,
        "Other Non Operating Income Expenses": NaN,
        "Special Income Charges": 8206000.0,
        "Other Special Charges": -8206000.0,
        "Impairment Of Capital Assets": 0.0,
        "Gain On Sale Of Security": -64673000.0,
        "Net Non Operating Interest Income Expense": 84689000.0,
        "Interest Expense Non Operating": 9281000.0,
        "Interest Income Non Operating": 93970000.0,
        "Operating Income": 305751000.0,
        "Operating Expense": 1899709000.0,
        "Other Operating Expenses": -53256000.0,
        "Provision For Doubtful Accounts": 235764000.0,
        "Research And Development": 301216000.0,
        "Selling General And Administration": 1415985000.0,
        "Selling And Marketing Expense": 1049726000.0,
        "General And Administrative Expense": 366259000.0,
        "Other Gand A": 366259000.0,
        "Gross Profit": 2205460000.0,
        "Cost Of Revenue": 2744976000.0,
        "Total Revenue": 4950436000.0,
        "Operating Revenue": 4950436000.0
    },
    "2025-03-31": {
        "Tax Effect Of Unusual Items": 2364973.259386,
        "Tax Rate For Calcs": 0.249839,
        "Normalized EBITDA": 545227000.0,
        "Total Unusual Items": 9466000.0,
        "Total Unusual Items Excluding Goodwill": 9466000.0,
        "Net Income From Continuing Operation Net Minority Interest": 403050000.0,
        "Reconciled Cost Of Revenue": 2604907000.0,
        "EBITDA": 554693000.0,
        "EBIT": 554693000.0,
        "Net Interest Income": 79742000.0,
        "Interest Expense": 9081000.0,
        "Interest Income": 88823000.0,
        "Normalized Income": 395948973.259386,
        "Net Income From Continuing And Discontinued Operation": 403050000.0,
        "Total Expenses": 4384696000.0,
        "Total Operating Income As Reported": 456404000.0,
        "Diluted Average Shares": 634637711.0,
        "Basic Average Shares": 590286824.0,
        "Diluted EPS": 0.65,
        "Basic EPS": 0.68,
        "Diluted NI Availto Com Stockholders": 403050000.0,
        "Net Income Common Stockholders": 403050000.0,
        "Net Income": 403050000.0,
        "Minority Interests": -7775000.0,
        "Net Income Including Noncontrolling Interests": 410825000.0,
        "Net Income Continuous Operations": 410825000.0,
        "Earnings From Equity Interest Net Of Tax": 1528000.0,
        "Tax Provision": 136315000.0,
        "Pretax Income": 545612000.0,
        "Other Income Expense": 9466000.0,
        "Other Non Operating Income Expenses": NaN,
        "Special Income Charges": 10602000.0,
        "Other Special Charges": -10602000.0,
        "Impairment Of Capital Assets": NaN,
        "Gain On Sale Of Security": -1136000.0,
        "Net Non Operating Interest Income Expense": 79742000.0,
        "Interest Expense Non Operating": 9081000.0,
        "Interest Income Non Operating": 88823000.0,
        "Operating Income": 456404000.0,
        "Operating Expense": 1779789000.0,
        "Other Operating Expenses": -34901000.0,
        "Provision For Doubtful Accounts": 281944000.0,
        "Research And Development": 295858000.0,
        "Selling General And Administration": 1236888000.0,
        "Selling And Marketing Expense": 929699000.0,
        "General And Administrative Expense": 307189000.0,
        "Other Gand A": 307189000.0,
        "Gross Profit": 2236193000.0,
        "Cost Of Revenue": 2604907000.0,
        "Total Revenue": 4841100000.0,
        "Operating Revenue": 4841100000.0
    },
    "2025-06-30": {
        "Tax Effect Of Unusual Items": 508090.434978,
        "Tax Rate For Calcs": 0.252279,
        "Normalized EBITDA": 577978000.0,
        "Total Unusual Items": 2014000.0,
        "Total Unusual Items Excluding Goodwill": 2014000.0,
        "Net Income From Continuing Operation Net Minority Interest": 405972000.0,
        "Reconciled Cost Of Revenue": 2849667000.0,
        "EBITDA": 579992000.0,
        "EBIT": 579992000.0,
        "Net Interest Income": 81285000.0,
        "Interest Expense": 8974000.0,
        "Interest Income": 90259000.0,
        "Normalized Income": 404466090.434978,
        "Net Income From Continuing And Discontinued Operation": 405972000.0,
        "Total Expenses": 4771758000.0,
        "Total Operating Income As Reported": 487719000.0,
        "Diluted Average Shares": NaN,
        "Basic Average Shares": NaN,
        "Diluted EPS": NaN,
        "Basic EPS": NaN,
        "Diluted NI Availto Com Stockholders": 405972000.0,
        "Net Income Common Stockholders": 405972000.0,
        "Net Income": 405972000.0,
        "Minority Interests": -8232000.0,
        "Net Income Including Noncontrolling Interests": 414204000.0,
        "Net Income Continuous Operations": 414204000.0,
        "Earnings From Equity Interest Net Of Tax": -12758000.0,
        "Tax Provision": 144056000.0,
        "Pretax Income": 571018000.0,
        "Other Income Expense": 2014000.0,
        "Other Non Operating Income Expenses": NaN,
        "Special Income Charges": 5086000.0,
        "Other Special Charges": -5086000.0,
        "Impairment Of Capital Assets": NaN,
        "Gain On Sale Of Security": -3072000.0,
        "Net Non Operating Interest Income Expense": 81285000.0,
        "Interest Expense Non Operating": 8974000.0,
        "Interest Income Non Operating": 90259000.0,
        "Operating Income": 487719000.0,
        "Operating Expense": 1922091000.0,
        "Other Operating Expenses": -31903000.0,
        "Provision For Doubtful Accounts": 323729000.0,
        "Research And Development": 297428000.0,
        "Selling General And Administration": 1332837000.0,
        "Selling And Marketing Expense": 1009495000.0,
        "General And Administrative Expense": 323342000.0,
        "Other Gand A": 323342000.0,
        "Gross Profit": 2409810000.0,
        "Cost Of Revenue": 2849667000.0,
        "Total Revenue": 5259477000.0,
        "Operating Revenue": 5259477000.0
    },
    "2025-09-30": {
        "Tax Effect Of Unusual Items": 0.0,
        "Tax Rate For Calcs": 0.299928,
        "Normalized EBITDA": 475946000.0,
        "Total Unusual Items": NaN,
        "Total Unusual Items Excluding Goodwill": NaN,
        "Net Income From Continuing Operation Net Minority Interest": 374988000.0,
        "Reconciled Cost Of Revenue": 3386670000.0,
        "EBITDA": 475946000.0,
        "EBIT": 475946000.0,
        "Net Interest Income": NaN,
        "Interest Expense": NaN,
        "Interest Income": NaN,
        "Normalized Income": 374988000.0,
        "Net Income From Continuing And Discontinued Operation": 374988000.0,
        "Total Expenses": 5510078000.0,
        "Total Operating Income As Reported": 475946000.0,
        "Diluted Average Shares": 635572881.0,
        "Basic Average Shares": 595219048.0,
        "Diluted EPS": 0.59,
        "Basic EPS": 0.63,
        "Diluted NI Availto Com Stockholders": 374988000.0,
        "Net Income Common Stockholders": 374988000.0,
        "Net Income": 374988000.0,
        "Minority Interests": NaN,
        "Net Income Including Noncontrolling Interests": 374988000.0,
        "Net Income Continuous Operations": 374988000.0,
        "Earnings From Equity Interest Net Of Tax": -1032000.0,
        "Tax Provision": 161096000.0,
        "Pretax Income": 537116000.0,
        "Other Income Expense": 61170000.0,
        "Other Non Operating Income Expenses": 61170000.0,
        "Special Income Charges": NaN,
        "Other Special Charges": NaN,
        "Impairment Of Capital Assets": NaN,
        "Gain On Sale Of Security": NaN,
        "Net Non Operating Interest Income Expense": NaN,
        "Interest Expense Non Operating": NaN,
        "Interest Income Non Operating": NaN,
        "Operating Income": 475946000.0,
        "Operating Expense": 2123408000.0,
        "Other Operating Expenses": -27018000.0,
        "Provision For Doubtful Accounts": 373825000.0,
        "Research And Development": 286275000.0,
        "Selling General And Administration": 1490326000.0,
        "Selling And Marketing Expense": 1150299000.0,
        "General And Administrative Expense": 340027000.0,
        "Other Gand A": 340027000.0,
        "Gross Profit": 2599354000.0,
        "Cost Of Revenue": 3386670000.0,
        "Total Revenue": 5986024000.0,
        "Operating Revenue": 5986024000.0
    }
}